<?xml version="1.0" encoding="UTF-8"?>
<!DOCTYPE html PUBLIC "-//W3C//DTD XHTML 1.0 Transitional//EN"
    "http://www.w3.org/TR/xhtml1/DTD/xhtml1-transitional.dtd">
<html xmlns="http://www.w3.org/1999/xhtml" xml:lang="en" lang="en">
 <head>
  <title>
</title>
<meta http-equiv="Content-Type" content="text/html;charset=utf-8" />
  <meta name='ocr-system' content='tesseract 3.04.00' />
  <meta name='ocr-capabilities' content='ocr_page ocr_carea ocr_par ocr_line ocrx_word'/>
</head>
<body>
  <div class='ocr_page' id='page_1' title='image "./nomenclatorlite11hurtgoog_0329.png"; bbox 0 0 3625 5193; ppageno 0'>
   <div class='ocr_carea' id='block_1_1' title="bbox 328 243 2586 322">
    <p class='ocr_par' dir='ltr' id='par_1_1' title="bbox 328 243 2586 322">
     <span class='ocr_line' id='line_1_1' title="bbox 328 243 2586 322; baseline 0 -20"><span class='ocrx_word' id='word_1_1' title='bbox 328 269 438 322; x_wconf 74' lang='lat'>541</span> <span class='ocrx_word' id='word_1_2' title='bbox 707 248 1010 312; x_wconf 85' lang='lat' dir='ltr'>Puteanus,</span> <span class='ocrx_word' id='word_1_3' title='bbox 1037 245 1402 311; x_wconf 86' lang='lat' dir='ltr'>Gamacheus,</span> <span class='ocrx_word' id='word_1_4' title='bbox 1431 243 1773 311; x_wconf 84' lang='lat' dir='ltr'>Scribonius,</span> <span class='ocrx_word' id='word_1_5' title='bbox 1799 243 2117 308; x_wconf 82' lang='lat' dir='ltr'>Duvallius,</span> <span class='ocrx_word' id='word_1_6' title='bbox 2144 244 2451 300; x_wconf 81' lang='lat' dir='ltr'><strong>Alamanni</strong></span> <span class='ocrx_word' id='word_1_7' title='bbox 2479 252 2586 303; x_wconf 86' lang='lat' dir='ltr'>etc.</span> 
     </span>
    </p>
   </div>
   <div class='ocr_carea' id='block_1_2' title="bbox 287 267 2983 2921">
    <p class='ocr_par' dir='ltr' id='par_1_2' title="bbox 287 267 2983 2921">
     <span class='ocr_line' id='line_1_2' title="bbox 2824 267 2945 320; baseline -0.033 1"><span class='ocrx_word' id='word_1_8' title='bbox 2824 267 2945 320; x_wconf 85' lang='lat'>642</span> 
     </span>
     <span class='ocr_line' id='line_1_3' title="bbox 328 430 2954 517; baseline 0.001 -21"><span class='ocrx_word' id='word_1_9' title='bbox 328 438 654 514; x_wconf 79' lang='lat' dir='ltr'>theologiae</span> <span class='ocrx_word' id='word_1_10' title='bbox 702 439 929 497; x_wconf 80' lang='lat' dir='ltr'>celeber</span> <span class='ocrx_word' id='word_1_11' title='bbox 958 437 1270 514; x_wconf 80' lang='lat' dir='ltr'>professor,</span> <span class='ocrx_word' id='word_1_12' title='bbox 1308 438 1397 495; x_wconf 87' lang='lat' dir='ltr'>vir</span> <span class='ocrx_word' id='word_1_13' title='bbox 1428 437 1613 495; x_wconf 88' lang='lat' dir='ltr'>mirae</span> <span class='ocrx_word' id='word_1_14' title='bbox 1669 430 1803 517; x_wconf 89' lang='lat' dir='ltr'>Val)</span> <span class='ocrx_word' id='word_1_15' title='bbox 1828 436 2090 495; x_wconf 86' lang='lat' dir='ltr'>Pontesii</span> <span class='ocrx_word' id='word_1_16' title='bbox 2109 439 2286 495; x_wconf 88' lang='lat' dir='ltr'>natus</span> <span class='ocrx_word' id='word_1_17' title='bbox 2307 455 2357 497; x_wconf 85' lang='lat' dir='ltr'>a.</span> <span class='ocrx_word' id='word_1_18' title='bbox 2387 446 2568 506; x_wconf 85' lang='grc'>1564,</span> <span class='ocrx_word' id='word_1_19' title='bbox 2608 437 2814 497; x_wconf 91' lang='lat' dir='ltr'>doctor</span> <span class='ocrx_word' id='word_1_20' title='bbox 2833 459 2954 498; x_wconf 88' lang='lat' dir='ltr'>sor·</span> 
     </span>
     <span class='ocr_line' id='line_1_4' title="bbox 330 520 2957 606; baseline 0.001 -21"><span class='ocrx_word' id='word_1_21' title='bbox 330 525 722 586; x_wconf 77' lang='lat' dir='ltr'>abstinentiae</span> <span class='ocrx_word' id='word_1_22' title='bbox 754 531 814 586; x_wconf 91' lang='lat' dir='ltr'>et</span> <span class='ocrx_word' id='word_1_23' title='bbox 844 528 1096 604; x_wconf 90' lang='lat' dir='ltr'>insignis</span> <span class='ocrx_word' id='word_1_24' title='bbox 1130 527 1374 602; x_wconf 89' lang='lat' dir='ltr'>pietatis</span> <span class='ocrx_word' id='word_1_25' title='bbox 1409 520 1469 606; x_wconf 88' lang='lat'>(†</span> <span class='ocrx_word' id='word_1_26' title='bbox 1509 536 1606 588; x_wconf 89' lang='grc'>16.</span> <span class='ocrx_word' id='word_1_27' title='bbox 1668 525 1918 585; x_wconf 87' lang='lat' dir='ltr'>bonicus</span> <span class='ocrx_word' id='word_1_28' title='bbox 1970 521 2196 606; x_wconf 86' lang='lat'>(1594)</span> <span class='ocrx_word' id='word_1_29' title='bbox 2260 530 2320 584; x_wconf 91' lang='lat' dir='ltr'>et</span> <span class='ocrx_word' id='word_1_30' title='bbox 2380 526 2610 599; x_wconf 86' lang='lat' dir='ltr'>primus</span> <span class='ocrx_word' id='word_1_31' title='bbox 2664 527 2957 601; x_wconf 74' lang='lat' dir='ltr'>professor</span> 
     </span>
     <span class='ocr_line' id='line_1_5' title="bbox 329 611 2956 696; baseline 0.001 -22"><span class='ocrx_word' id='word_1_32' title='bbox 329 616 457 674; x_wconf 90' lang='lat' dir='ltr'>Jan.</span> <span class='ocrx_word' id='word_1_33' title='bbox 498 611 714 696; x_wconf 90' lang='grc'>1623),</span> <span class='ocrx_word' id='word_1_34' title='bbox 748 636 924 692; x_wconf 90' lang='lat' dir='ltr'>quem</span> <span class='ocrx_word' id='word_1_35' title='bbox 956 617 1108 674; x_wconf 84' lang='lat' dir='ltr'>Aub.</span> <span class='ocrx_word' id='word_1_36' title='bbox 1141 617 1396 676; x_wconf 87' lang='lat' dir='ltr'>Miraeus</span> <span class='ocrx_word' id='word_1_37' title='bbox 1431 618 1614 685; x_wconf 82' lang='lat' dir='ltr'>,inex·</span> <span class='ocrx_word' id='word_1_38' title='bbox 1671 614 1981 675; x_wconf 79' lang='lat' dir='ltr'>cathedrae</span> <span class='ocrx_word' id='word_1_39' title='bbox 2013 615 2344 691; x_wconf 78' lang='lat' dir='ltr'>theologiae</span> <span class='ocrx_word' id='word_1_40' title='bbox 2377 614 2664 689; x_wconf 78' lang='lat' dir='ltr'>positivae</span> <span class='ocrx_word' id='word_1_41' title='bbox 2679 618 2741 686; x_wconf 85' lang='lat'>²),</span> <span class='ocrx_word' id='word_1_42' title='bbox 2776 635 2956 690; x_wconf 89' lang='lat' dir='ltr'>quam</span> 
     </span>
     <span class='ocr_line' id='line_1_6' title="bbox 332 703 2957 781; baseline 0 -18"><span class='ocrx_word' id='word_1_43' title='bbox 332 707 609 764; x_wconf 87' lang='lat' dir='ltr'>haustum</span> <span class='ocrx_word' id='word_1_44' title='bbox 645 706 1028 765; x_wconf 78' lang='lat' dir='ltr'>scientiarum</span> <span class='ocrx_word' id='word_1_45' title='bbox 1059 709 1327 781; x_wconf 88' lang='lat' dir='ltr'>puteum‘</span> <span class='ocrx_word' id='word_1_46' title='bbox 1379 705 1453 764; x_wconf 89' lang='lat' dir='ltr'>ad</span> <span class='ocrx_word' id='word_1_47' title='bbox 1484 706 1616 781; x_wconf 86' lang='lat' dir='ltr'>ejus</span> <span class='ocrx_word' id='word_1_48' title='bbox 1670 705 2018 764; x_wconf 83' lang='lat' dir='ltr'>instituerat</span> <span class='ocrx_word' id='word_1_49' title='bbox 2060 726 2109 764; x_wconf 90' lang='lat' dir='ltr'>a.</span> <span class='ocrx_word' id='word_1_50' title='bbox 2155 715 2318 767; x_wconf 84' lang='grc'>1596</span> <span class='ocrx_word' id='word_1_51' title='bbox 2366 703 2657 762; x_wconf 88' lang='lat' dir='ltr'>Henricus</span> <span class='ocrx_word' id='word_1_52' title='bbox 2691 704 2806 773; x_wconf 66' lang='lat' dir='ltr'>IV„</span> <span class='ocrx_word' id='word_1_53' title='bbox 2857 706 2957 764; x_wconf 87' lang='lat' dir='ltr'>Ri-</span> 
     </span>
     <span class='ocr_line' id='line_1_7' title="bbox 333 788 2957 875; baseline -0 -22"><span class='ocrx_word' id='word_1_54' title='bbox 333 813 542 853; x_wconf 90' lang='lat' dir='ltr'>nomen</span> <span class='ocrx_word' id='word_1_55' title='bbox 587 794 911 871; x_wconf 89' lang='lat' dir='ltr'>respiciens</span> <span class='ocrx_word' id='word_1_56' title='bbox 958 796 1232 870; x_wconf 87' lang='lat' dir='ltr'>appellat,</span> <span class='ocrx_word' id='word_1_57' title='bbox 1276 801 1616 853; x_wconf 80' lang='lat' dir='ltr'>commenta-</span> <span class='ocrx_word' id='word_1_58' title='bbox 1672 795 1939 853; x_wconf 90' lang='lat' dir='ltr'>cherium</span> <span class='ocrx_word' id='word_1_59' title='bbox 1984 788 2283 875; x_wconf 84' lang='lat' dir='ltr'>egregie2)</span> <span class='ocrx_word' id='word_1_60' title='bbox 2329 793 2656 852; x_wconf 76' lang='lat' dir='ltr'>confutavit</span> <span class='ocrx_word' id='word_1_61' title='bbox 2700 793 2857 853; x_wconf 86' lang='lat' dir='ltr'>edito</span> <span class='ocrx_word' id='word_1_62' title='bbox 2902 795 2957 864; x_wconf 83' lang='lat' dir='ltr'>L,</span> 
     </span>
     <span class='ocr_line' id='line_1_8' title="bbox 334 882 2958 960; baseline 0 -19"><span class='ocrx_word' id='word_1_63' title='bbox 334 887 486 941; x_wconf 81' lang='lat' dir='ltr'>rium</span> <span class='ocrx_word' id='word_1_64' title='bbox 517 883 758 959; x_wconf 86' lang='lat' dir='ltr'>scripsit</span> <span class='ocrx_word' id='word_1_65' title='bbox 787 884 853 942; x_wconf 90' lang='lat' dir='ltr'>in</span> <span class='ocrx_word' id='word_1_66' title='bbox 887 895 923 945; x_wconf 85' lang='lat'>4</span> <span class='ocrx_word' id='word_1_67' title='bbox 970 885 1243 943; x_wconf 86' lang='lat' dir='ltr'>Summae</span> <span class='ocrx_word' id='word_1_68' title='bbox 1276 884 1331 942; x_wconf 93' lang='lat' dir='ltr'>d.</span> <span class='ocrx_word' id='word_1_69' title='bbox 1364 885 1618 943; x_wconf 85' lang='lat' dir='ltr'>Thomae</span> <span class='ocrx_word' id='word_1_70' title='bbox 1674 903 1842 960; x_wconf 90' lang='lat' dir='ltr'>quem</span> <span class='ocrx_word' id='word_1_71' title='bbox 1857 884 2253 960; x_wconf 81' lang='lat' dir='ltr'>praenotavit:</span> <span class='ocrx_word' id='word_1_72' title='bbox 2277 882 2562 941; x_wconf 77' lang='lat' dir='ltr'>Elenchus</span> <span class='ocrx_word' id='word_1_73' title='bbox 2589 883 2757 941; x_wconf 81' lang='lat' dir='ltr'>libelli</span> <span class='ocrx_word' id='word_1_74' title='bbox 2773 886 2843 942; x_wconf 88' lang='lat' dir='ltr'>de</span> <span class='ocrx_word' id='word_1_75' title='bbox 2874 904 2958 942; x_wconf 83' lang='lat' dir='ltr'>ec-</span> 
     </span>
     <span class='ocr_line' id='line_1_9' title="bbox 334 966 2957 1055; baseline 0 -25"><span class='ocrx_word' id='word_1_76' title='bbox 334 978 547 1048; x_wconf 86' lang='lat' dir='ltr'>partes,</span> <span class='ocrx_word' id='word_1_77' title='bbox 581 973 822 1032; x_wconf 83' lang='lat' dir='ltr'>Tolosae</span> <span class='ocrx_word' id='word_1_78' title='bbox 863 982 1023 1035; x_wconf 83' lang='lat'>1627</span> <span class='ocrx_word' id='word_1_79' title='bbox 1062 994 1116 1032; x_wconf 85' lang='lat' dir='ltr'>v.</span> <span class='ocrx_word' id='word_1_80' title='bbox 1154 984 1186 1036; x_wconf 87' lang='grc'>2</span> <span class='ocrx_word' id='word_1_81' title='bbox 1214 972 1275 1032; x_wconf 88' lang='lat' dir='ltr'>in</span> <span class='ocrx_word' id='word_1_82' title='bbox 1295 973 1333 1031; x_wconf 88' lang='lat' dir='ltr'>f.</span> <span class='ocrx_word' id='word_1_83' title='bbox 1369 969 1464 1052; x_wconf 84' lang='lat' dir='ltr'>(fr.</span> <span class='ocrx_word' id='word_1_84' title='bbox 1491 966 1618 1053; x_wconf 82' lang='lat'>24).</span> <span class='ocrx_word' id='word_1_85' title='bbox 1674 974 1991 1032; x_wconf 71' lang='lat' dir='ltr'>etesia-stica</span> <span class='ocrx_word' id='word_1_86' title='bbox 2037 979 2088 1030; x_wconf 84' lang='lat' dir='ltr'>et</span> <span class='ocrx_word' id='word_1_87' title='bbox 2120 974 2361 1055; x_wconf 68' lang='lat' dir='ltr'>politica</span> <span class='ocrx_word' id='word_1_88' title='bbox 2396 979 2674 1047; x_wconf 76' lang='lat' dir='ltr'>potestate</span> <span class='ocrx_word' id='word_1_89' title='bbox 2720 993 2825 1048; x_wconf 90' lang='lat' dir='ltr'>pro</span> <span class='ocrx_word' id='word_1_90' title='bbox 2860 993 2957 1031; x_wconf 90' lang='lat' dir='ltr'>su-</span> 
     </span>
     <span class='ocr_line' id='line_1_10' title="bbox 336 1060 2960 1140; baseline 0.001 -21"><span class='ocrx_word' id='word_1_91' title='bbox 336 1096 418 1105; x_wconf 89' lang='lat'>—</span> <span class='ocrx_word' id='word_1_92' title='bbox 463 1062 779 1137; x_wconf 85' lang='lat' dir='ltr'>Philippus</span> <span class='ocrx_word' id='word_1_93' title='bbox 823 1063 985 1120; x_wconf 88' lang='lat' dir='ltr'>Gam</span> <span class='ocrx_word' id='word_1_94' title='bbox 1006 1063 1286 1122; x_wconf 86' lang='lat' dir='ltr'>acheus</span> <span class='ocrx_word' id='word_1_95' title='bbox 1333 1061 1620 1140; x_wconf 80' lang='lat'>(1568—</span> <span class='ocrx_word' id='word_1_96' title='bbox 1676 1081 1880 1139; x_wconf 90' lang='lat' dir='ltr'>prema</span> <span class='ocrx_word' id='word_1_97' title='bbox 1929 1081 2072 1122; x_wconf 87' lang='lat' dir='ltr'>rom.</span> <span class='ocrx_word' id='word_1_98' title='bbox 2122 1061 2475 1139; x_wconf 84' lang='lat' dir='ltr'>pontificum</span> <span class='ocrx_word' id='word_1_99' title='bbox 2526 1060 2591 1119; x_wconf 89' lang='lat' dir='ltr'>in</span> <span class='ocrx_word' id='word_1_100' title='bbox 2638 1061 2960 1121; x_wconf 87' lang='lat' dir='ltr'>Ecclesiam</span> 
     </span>
     <span class='ocr_line' id='line_1_11' title="bbox 344 1145 2963 1232; baseline -0.001 -20"><span class='ocrx_word' id='word_1_101' title='bbox 344 1145 536 1232; x_wconf 87' lang='grc'>1625)</span> <span class='ocrx_word' id='word_1_102' title='bbox 585 1150 792 1210; x_wconf 82' lang='lat' dir='ltr'>doctor</span> <span class='ocrx_word' id='word_1_103' title='bbox 833 1156 894 1210; x_wconf 90' lang='lat' dir='ltr'>et</span> <span class='ocrx_word' id='word_1_104' title='bbox 942 1154 1241 1227; x_wconf 86' lang='lat' dir='ltr'>professor</span> <span class='ocrx_word' id='word_1_105' title='bbox 1273 1152 1621 1211; x_wconf 88' lang='lat' dir='ltr'>sorbonicus</span> <span class='ocrx_word' id='word_1_106' title='bbox 1676 1152 2047 1219; x_wconf 81' lang='lat' dir='ltr'>auctoritate,</span> <span class='ocrx_word' id='word_1_107' title='bbox 2067 1151 2308 1209; x_wconf 87' lang='lat' dir='ltr'>Parisiis</span> <span class='ocrx_word' id='word_1_108' title='bbox 2335 1160 2518 1212; x_wconf 88' lang='grc'>1612.</span> <span class='ocrx_word' id='word_1_109' title='bbox 2552 1150 2744 1208; x_wconf 87' lang='lat' dir='ltr'>Prima</span> <span class='ocrx_word' id='word_1_110' title='bbox 2763 1155 2963 1210; x_wconf 88' lang='lat' dir='ltr'>tamen</span> 
     </span>
     <span class='ocr_line' id='line_1_12' title="bbox 338 1241 2962 1317; baseline -0 -18"><span class='ocrx_word' id='word_1_111' title='bbox 338 1261 384 1299; x_wconf 87' lang='lat' dir='ltr'>a.</span> <span class='ocrx_word' id='word_1_112' title='bbox 422 1249 523 1309; x_wconf 90' lang='lat'>25,</span> <span class='ocrx_word' id='word_1_113' title='bbox 575 1259 709 1299; x_wconf 88' lang='lat' dir='ltr'>acer</span> <span class='ocrx_word' id='word_1_114' title='bbox 756 1241 1012 1299; x_wconf 87' lang='lat' dir='ltr'>Richerii</span> <span class='ocrx_word' id='word_1_115' title='bbox 1076 1246 1384 1317; x_wconf 77' lang='lat' dir='ltr'>patronu8‚</span> <span class='ocrx_word' id='word_1_116' title='bbox 1452 1242 1621 1316; x_wconf 91' lang='lat' dir='ltr'>cujus</span> <span class='ocrx_word' id='word_1_117' title='bbox 1677 1242 1859 1301; x_wconf 89' lang='lat' dir='ltr'>editio</span> <span class='ocrx_word' id='word_1_118' title='bbox 1890 1241 2265 1316; x_wconf 86' lang='lat' dir='ltr'>inquisitioni</span> <span class='ocrx_word' id='word_1_119' title='bbox 2285 1258 2562 1298; x_wconf 87' lang='lat' dir='ltr'>romanae</span> <span class='ocrx_word' id='word_1_120' title='bbox 2581 1258 2699 1298; x_wconf 90' lang='lat' dir='ltr'>non</span> <span class='ocrx_word' id='word_1_121' title='bbox 2720 1241 2962 1299; x_wconf 90' lang='lat' dir='ltr'>omnino</span> 
     </span>
     <span class='ocr_line' id='line_1_13' title="bbox 336 1329 2964 1405; baseline 0 -19"><span class='ocrx_word' id='word_1_122' title='bbox 336 1333 536 1387; x_wconf 89' lang='lat' dir='ltr'>tamen</span> <span class='ocrx_word' id='word_1_123' title='bbox 565 1347 687 1388; x_wconf 91' lang='lat' dir='ltr'>non</span> <span class='ocrx_word' id='word_1_124' title='bbox 719 1349 919 1389; x_wconf 90' lang='lat' dir='ltr'>omnes</span> <span class='ocrx_word' id='word_1_125' title='bbox 943 1330 1224 1405; x_wconf 84' lang='lat' dir='ltr'>probavit</span> <span class='ocrx_word' id='word_1_126' title='bbox 1253 1332 1620 1398; x_wconf 78' lang='lat' dir='ltr'>assertioneS,</span> <span class='ocrx_word' id='word_1_127' title='bbox 1678 1332 1896 1391; x_wconf 85' lang='lat' dir='ltr'>arrisit.</span> <span class='ocrx_word' id='word_1_128' title='bbox 1932 1330 2120 1399; x_wconf 84' lang='lat' dir='ltr'>Quare</span> <span class='ocrx_word' id='word_1_129' title='bbox 2139 1329 2538 1388; x_wconf 87' lang='lat' dir='ltr'>Bellarminus</span> <span class='ocrx_word' id='word_1_130' title='bbox 2567 1330 2806 1387; x_wconf 91' lang='lat' dir='ltr'>nomine</span> <span class='ocrx_word' id='word_1_131' title='bbox 2827 1348 2964 1387; x_wconf 90' lang='lat' dir='ltr'>con-</span> 
     </span>
     <span class='ocr_line' id='line_1_14' title="bbox 338 1417 2964 1499; baseline 0.001 -24"><span class='ocrx_word' id='word_1_132' title='bbox 338 1418 400 1475; x_wconf 92' lang='lat' dir='ltr'>in</span> <span class='ocrx_word' id='word_1_133' title='bbox 450 1418 705 1477; x_wconf 88' lang='lat' dir='ltr'>eundem</span> <span class='ocrx_word' id='word_1_134' title='bbox 756 1419 1039 1478; x_wconf 86' lang='lat' dir='ltr'>Thomam</span> <span class='ocrx_word' id='word_1_135' title='bbox 1089 1420 1277 1479; x_wconf 86' lang='lat' dir='ltr'>edidit</span> <span class='ocrx_word' id='word_1_136' title='bbox 1325 1438 1620 1480; x_wconf 88' lang='lat' dir='ltr'>commen·</span> <span class='ocrx_word' id='word_1_137' title='bbox 1678 1420 2044 1499; x_wconf 85' lang='lat' dir='ltr'>gregationis</span> <span class='ocrx_word' id='word_1_138' title='bbox 2077 1419 2363 1495; x_wconf 84' lang='lat' dir='ltr'>prolixam</span> <span class='ocrx_word' id='word_1_139' title='bbox 2397 1418 2451 1476; x_wconf 91' lang='lat' dir='ltr'>ei</span> <span class='ocrx_word' id='word_1_140' title='bbox 2488 1417 2725 1493; x_wconf 87' lang='lat' dir='ltr'>scripsit</span> <span class='ocrx_word' id='word_1_141' title='bbox 2743 1419 2964 1495; x_wconf 87' lang='lat' dir='ltr'>episto-</span> 
     </span>
     <span class='ocr_line' id='line_1_15' title="bbox 340 1507 2968 1585; baseline 0 -21"><span class='ocrx_word' id='word_1_142' title='bbox 340 1507 579 1578; x_wconf 86' lang='lat' dir='ltr'>tarium‚</span> <span class='ocrx_word' id='word_1_143' title='bbox 613 1509 710 1566; x_wconf 90' lang='lat' dir='ltr'>cui</span> <span class='ocrx_word' id='word_1_144' title='bbox 740 1508 990 1567; x_wconf 86' lang='lat' dir='ltr'>titulus:</span> <span class='ocrx_word' id='word_1_145' title='bbox 1025 1511 1267 1567; x_wconf 83' lang='lat' dir='ltr'>Summa</span> <span class='ocrx_word' id='word_1_146' title='bbox 1299 1511 1624 1585; x_wconf 76' lang='lat' dir='ltr'>theoloyica,</span> <span class='ocrx_word' id='word_1_147' title='bbox 1679 1512 1811 1581; x_wconf 87' lang='lat' dir='ltr'>lam,</span> <span class='ocrx_word' id='word_1_148' title='bbox 1864 1510 1927 1568; x_wconf 89' lang='lat' dir='ltr'>in</span> <span class='ocrx_word' id='word_1_149' title='bbox 1972 1528 2091 1583; x_wconf 86' lang='lat' dir='ltr'>qua</span> <span class='ocrx_word' id='word_1_150' title='bbox 2133 1507 2365 1566; x_wconf 89' lang='lat' dir='ltr'>monita</span> <span class='ocrx_word' id='word_1_151' title='bbox 2414 1507 2563 1565; x_wconf 89' lang='lat' dir='ltr'>circa</span> <span class='ocrx_word' id='word_1_152' title='bbox 2607 1509 2968 1566; x_wconf 87' lang='lat' dir='ltr'>mutationes</span> 
     </span>
     <span class='ocr_line' id='line_1_16' title="bbox 341 1594 2966 1680; baseline 0 -27"><span class='ocrx_word' id='word_1_153' title='bbox 341 1595 585 1654; x_wconf 88' lang='lat' dir='ltr'>Parisiis</span> <span class='ocrx_word' id='word_1_154' title='bbox 625 1607 793 1660; x_wconf 79' lang='lat'>1634</span> <span class='ocrx_word' id='word_1_155' title='bbox 830 1606 985 1674; x_wconf 87' lang='lat' dir='ltr'>3pp.</span> <span class='ocrx_word' id='word_1_156' title='bbox 1008 1600 1071 1656; x_wconf 90' lang='lat' dir='ltr'>in</span> <span class='ocrx_word' id='word_1_157' title='bbox 1096 1608 1128 1659; x_wconf 86' lang='lat'><strong>2</strong></span> <span class='ocrx_word' id='word_1_158' title='bbox 1155 1619 1206 1656; x_wconf 80' lang='lat' dir='ltr'>v.</span> <span class='ocrx_word' id='word_1_159' title='bbox 1230 1599 1293 1656; x_wconf 90' lang='lat' dir='ltr'>in</span> <span class='ocrx_word' id='word_1_160' title='bbox 1314 1599 1349 1656; x_wconf 92' lang='lat' dir='ltr'>f.</span> <span class='ocrx_word' id='word_1_161' title='bbox 1375 1596 1475 1680; x_wconf 89' lang='lat' dir='ltr'>(m.</span> <span class='ocrx_word' id='word_1_162' title='bbox 1500 1608 1530 1658; x_wconf 76' lang='lat'><strong>7</strong></span> <span class='ocrx_word' id='word_1_163' title='bbox 1544 1594 1624 1677; x_wconf 84' lang='lat'>5).</span> <span class='ocrx_word' id='word_1_164' title='bbox 1681 1599 1979 1660; x_wconf 85' lang='lat' dir='ltr'>faciendas</span> <span class='ocrx_word' id='word_1_165' title='bbox 2028 1597 2337 1674; x_wconf 86' lang='lat' dir='ltr'>proponit:</span> <span class='ocrx_word' id='word_1_166' title='bbox 2389 1596 2606 1671; x_wconf 89' lang='lat' dir='ltr'>quibus</span> <span class='ocrx_word' id='word_1_167' title='bbox 2654 1597 2757 1655; x_wconf 88' lang='lat' dir='ltr'>ille</span> <span class='ocrx_word' id='word_1_168' title='bbox 2802 1597 2966 1655; x_wconf 88' lang='lat' dir='ltr'>obse-</span> 
     </span>
     <span class='ocr_line' id='line_1_17' title="bbox 287 1684 2965 1765; baseline 0 -22"><span class='ocrx_word' id='word_1_169' title='bbox 287 1747 294 1753; x_wconf 66' lang='grc'>,</span> <span class='ocrx_word' id='word_1_170' title='bbox 343 1685 410 1743; x_wconf 94' lang='lat' dir='ltr'>In</span> <span class='ocrx_word' id='word_1_171' title='bbox 439 1686 889 1759; x_wconf 86' lang='lat' dir='ltr'>quaestionibus</span> <span class='ocrx_word' id='word_1_172' title='bbox 935 1689 1258 1746; x_wconf 84' lang='lat' dir='ltr'>moralibus</span> <span class='ocrx_word' id='word_1_173' title='bbox 1304 1688 1504 1765; x_wconf 86' lang='lat' dir='ltr'>gravis</span> <span class='ocrx_word' id='word_1_174' title='bbox 1536 1690 1629 1744; x_wconf 85' lang='lat' dir='ltr'>est</span> <span class='ocrx_word' id='word_1_175' title='bbox 1682 1707 1871 1765; x_wconf 87' lang='lat' dir='ltr'>quens</span> <span class='ocrx_word' id='word_1_176' title='bbox 1901 1687 2220 1746; x_wconf 90' lang='lat' dir='ltr'>editionem</span> <span class='ocrx_word' id='word_1_177' title='bbox 2253 1684 2621 1745; x_wconf 88' lang='lat' dir='ltr'>emendatam</span> <span class='ocrx_word' id='word_1_178' title='bbox 2662 1694 2827 1748; x_wconf 83' lang='lat'>1613</span> <span class='ocrx_word' id='word_1_179' title='bbox 2864 1704 2965 1744; x_wconf 91' lang='lat' dir='ltr'>cu-</span> 
     </span>
     <span class='ocr_line' id='line_1_18' title="bbox 343 1771 2969 1856; baseline 0 -25"><span class='ocrx_word' id='word_1_180' title='bbox 343 1775 468 1849; x_wconf 87' lang='lat' dir='ltr'>ejus</span> <span class='ocrx_word' id='word_1_181' title='bbox 517 1776 837 1833; x_wconf 87' lang='lat' dir='ltr'>auctoritas</span> <span class='ocrx_word' id='word_1_182' title='bbox 852 1771 918 1856; x_wconf 84' lang='lat'>¹).</span> <span class='ocrx_word' id='word_1_183' title='bbox 961 1810 1047 1819; x_wconf 89' lang='lat'>—</span> <span class='ocrx_word' id='word_1_184' title='bbox 1093 1777 1355 1836; x_wconf 86' lang='lat' dir='ltr'>Joannes</span> <span class='ocrx_word' id='word_1_185' title='bbox 1405 1777 1626 1834; x_wconf 84' lang='lat' dir='ltr'>Marius</span> <span class='ocrx_word' id='word_1_186' title='bbox 1683 1779 1854 1837; x_wconf 89' lang='lat' dir='ltr'>ravit.</span> <span class='ocrx_word' id='word_1_187' title='bbox 1907 1776 2172 1835; x_wconf 88' lang='lat' dir='ltr'>Decessit</span> <span class='ocrx_word' id='word_1_188' title='bbox 2222 1775 2418 1833; x_wconf 90' lang='lat' dir='ltr'>senior</span> <span class='ocrx_word' id='word_1_189' title='bbox 2449 1778 2511 1832; x_wconf 91' lang='lat' dir='ltr'>et</span> <span class='ocrx_word' id='word_1_190' title='bbox 2541 1773 2798 1833; x_wconf 83' lang='lat' dir='ltr'>decanus</span> <span class='ocrx_word' id='word_1_191' title='bbox 2832 1774 2969 1832; x_wconf 89' lang='lat' dir='ltr'>Sor·</span> 
     </span>
     <span class='ocr_line' id='line_1_19' title="bbox 346 1863 2975 1940; baseline 0.003 -20"><span class='ocrx_word' id='word_1_192' title='bbox 346 1863 380 1920; x_wconf 91' lang='lat' dir='ltr'>S</span> <span class='ocrx_word' id='word_1_193' title='bbox 397 1863 561 1922; x_wconf 91' lang='lat' dir='ltr'>crib</span> <span class='ocrx_word' id='word_1_194' title='bbox 581 1882 614 1921; x_wconf 93' lang='lat' dir='ltr'>o</span> <span class='ocrx_word' id='word_1_195' title='bbox 634 1865 767 1922; x_wconf 90' lang='lat' dir='ltr'>niu</span> <span class='ocrx_word' id='word_1_196' title='bbox 785 1883 812 1922; x_wconf 88' lang='lat' dir='ltr'>s</span> <span class='ocrx_word' id='word_1_197' title='bbox 846 1866 909 1928; x_wconf 92' lang='grc' dir='ltr'>Ο.</span> <span class='ocrx_word' id='word_1_198' title='bbox 928 1866 1068 1927; x_wconf 86' lang='lat' dir='ltr'>Min.</span> <span class='ocrx_word' id='word_1_199' title='bbox 1086 1867 1278 1925; x_wconf 89' lang='lat' dir='ltr'>strict.</span> <span class='ocrx_word' id='word_1_200' title='bbox 1295 1867 1437 1937; x_wconf 91' lang='lat' dir='ltr'>obs.,</span> <span class='ocrx_word' id='word_1_201' title='bbox 1461 1869 1625 1940; x_wconf 86' lang='lat' dir='ltr'>post·</span> <span class='ocrx_word' id='word_1_202' title='bbox 1682 1871 1874 1927; x_wconf 86' lang='lat' dir='ltr'>bonae</span> <span class='ocrx_word' id='word_1_203' title='bbox 1910 1876 1963 1928; x_wconf 86' lang='lat'>9.</span> <span class='ocrx_word' id='word_1_204' title='bbox 1996 1867 2154 1940; x_wconf 85' lang='lat' dir='ltr'>Sept.</span> <span class='ocrx_word' id='word_1_205' title='bbox 2184 1873 2368 1927; x_wconf 82' lang='grc'>1638.</span> <span class='ocrx_word' id='word_1_206' title='bbox 2403 1863 2651 1938; x_wconf 72' lang='lat' dir='ltr'>Scripsit</span> <span class='ocrx_word' id='word_1_207' title='bbox 2669 1867 2975 1939; x_wconf 68' lang='lat' dir='ltr'>praeterea</span> 
     </span>
     <span class='ocr_line' id='line_1_20' title="bbox 344 1953 2967 2032; baseline 0 -22"><span class='ocrx_word' id='word_1_208' title='bbox 344 1972 519 2026; x_wconf 88' lang='lat' dir='ltr'>quam</span> <span class='ocrx_word' id='word_1_209' title='bbox 551 1962 624 2015; x_wconf 89' lang='lat'>15</span> <span class='ocrx_word' id='word_1_210' title='bbox 660 1974 709 2010; x_wconf 86' lang='lat' dir='ltr'>a.</span> <span class='ocrx_word' id='word_1_211' title='bbox 735 1953 1083 2031; x_wconf 85' lang='lat' dir='ltr'>theologiam</span> <span class='ocrx_word' id='word_1_212' title='bbox 1112 1956 1421 2032; x_wconf 88' lang='lat' dir='ltr'>praelegit,</span> <span class='ocrx_word' id='word_1_213' title='bbox 1445 1954 1632 2012; x_wconf 79' lang='lat' dir='ltr'>edidit</span> <span class='ocrx_word' id='word_1_214' title='bbox 1683 1957 2151 2017; x_wconf 80' lang='lat' dir='ltr'>commentarium</span> <span class='ocrx_word' id='word_1_215' title='bbox 2191 1955 2254 2010; x_wconf 82' lang='lat' dir='ltr'>in</span> <span class='ocrx_word' id='word_1_216' title='bbox 2287 1953 2588 2010; x_wconf 74' lang='lat' dir='ltr'>Summam</span> <span class='ocrx_word' id='word_1_217' title='bbox 2618 1973 2663 2011; x_wconf 79' lang='lat' dir='ltr'>s.</span> <span class='ocrx_word' id='word_1_218' title='bbox 2705 1953 2967 2026; x_wconf 81' lang='lat' dir='ltr'>Thomae,</span> 
     </span>
     <span class='ocr_line' id='line_1_21' title="bbox 347 2041 2972 2117; baseline 0 -19"><span class='ocrx_word' id='word_1_219' title='bbox 347 2042 796 2100; x_wconf 77' lang='lat' dir='ltr'>Panthalithiam</span> <span class='ocrx_word' id='word_1_220' title='bbox 829 2061 934 2101; x_wconf 88' lang='lat' dir='ltr'>seu</span> <span class='ocrx_word' id='word_1_221' title='bbox 965 2062 1250 2102; x_wconf 84' lang='lat' dir='ltr'>summam</span> <span class='ocrx_word' id='word_1_222' title='bbox 1281 2045 1452 2103; x_wconf 75' lang='lat' dir='ltr'>totius</span> <span class='ocrx_word' id='word_1_223' title='bbox 1483 2045 1627 2103; x_wconf 77' lang='lat' dir='ltr'>veri-</span> <span class='ocrx_word' id='word_1_224' title='bbox 1688 2047 1767 2105; x_wconf 89' lang='lat' dir='ltr'>ib.</span> <span class='ocrx_word' id='word_1_225' title='bbox 1809 2052 1971 2107; x_wconf 88' lang='grc'>1636</span> <span class='ocrx_word' id='word_1_226' title='bbox 2007 2063 2060 2100; x_wconf 84' lang='lat' dir='ltr'>v.</span> <span class='ocrx_word' id='word_1_227' title='bbox 2098 2051 2132 2103; x_wconf 89' lang='lat'><strong>2</strong></span> <span class='ocrx_word' id='word_1_228' title='bbox 2166 2043 2229 2099; x_wconf 94' lang='lat' dir='ltr'>in</span> <span class='ocrx_word' id='word_1_229' title='bbox 2248 2041 2305 2110; x_wconf 66' lang='lat' dir='ltr'>f„</span> <span class='ocrx_word' id='word_1_230' title='bbox 2340 2060 2489 2117; x_wconf 88' lang='lat' dir='ltr'>opus</span> <span class='ocrx_word' id='word_1_231' title='bbox 2523 2060 2749 2110; x_wconf 81' lang='lat' dir='ltr'>rarum3</span> <span class='ocrx_word' id='word_1_232' title='bbox 2783 2043 2853 2099; x_wconf 84' lang='lat' dir='ltr'>de</span> <span class='ocrx_word' id='word_1_233' title='bbox 2870 2060 2972 2099; x_wconf 80' lang='lat' dir='ltr'>su-</span> 
     </span>
     <span class='ocr_line' id='line_1_22' title="bbox 347 2127 2975 2211; baseline -0.001 -25"><span class='ocrx_word' id='word_1_234' title='bbox 347 2132 477 2187; x_wconf 77' lang='lat' dir='ltr'>tatis</span> <span class='ocrx_word' id='word_1_235' title='bbox 507 2127 858 2208; x_wconf 75' lang='lat' dir='ltr'>theoloyicae,</span> <span class='ocrx_word' id='word_1_236' title='bbox 896 2133 1133 2191; x_wconf 84' lang='lat' dir='ltr'>Parisiis</span> <span class='ocrx_word' id='word_1_237' title='bbox 1174 2143 1362 2203; x_wconf 72' lang='grc'>1620,</span> <span class='ocrx_word' id='word_1_238' title='bbox 1415 2133 1480 2192; x_wconf 91' lang='lat' dir='ltr'>in</span> <span class='ocrx_word' id='word_1_239' title='bbox 1512 2152 1632 2208; x_wconf 89' lang='lat' dir='ltr'>qua</span> <span class='ocrx_word' id='word_1_240' title='bbox 1680 2152 1889 2211; x_wconf 82' lang='lat' dir='ltr'>prema</span> <span class='ocrx_word' id='word_1_241' title='bbox 1938 2133 2169 2190; x_wconf 85' lang='lat' dir='ltr'>romani</span> <span class='ocrx_word' id='word_1_242' title='bbox 2210 2132 2503 2203; x_wconf 81' lang='lat' dir='ltr'>pontificis</span> <span class='ocrx_word' id='word_1_243' title='bbox 2552 2131 2614 2186; x_wconf 77' lang='lat' dir='ltr'>in</span> <span class='ocrx_word' id='word_1_244' title='bbox 2659 2130 2975 2188; x_wconf 80' lang='lat' dir='ltr'>Ecclesiam</span> 
     </span>
     <span class='ocr_line' id='line_1_23' title="bbox 349 2218 2972 2300; baseline -0 -24"><span class='ocrx_word' id='word_1_245' title='bbox 349 2218 622 2277; x_wconf 87' lang='lat' dir='ltr'>abolitam</span> <span class='ocrx_word' id='word_1_246' title='bbox 653 2223 715 2278; x_wconf 88' lang='lat' dir='ltr'>et</span> <span class='ocrx_word' id='word_1_247' title='bbox 745 2221 1038 2296; x_wconf 85' lang='lat' dir='ltr'>sepultam</span> <span class='ocrx_word' id='word_1_248' title='bbox 1061 2223 1360 2281; x_wconf 86' lang='lat' dir='ltr'>Catharini</span> <span class='ocrx_word' id='word_1_249' title='bbox 1393 2226 1631 2280; x_wconf 87' lang='lat' dir='ltr'>senten·</span> <span class='ocrx_word' id='word_1_250' title='bbox 1679 2228 1973 2300; x_wconf 78' lang='lat' dir='ltr'>potestate,</span> <span class='ocrx_word' id='word_1_251' title='bbox 2006 2221 2078 2278; x_wconf 88' lang='lat' dir='ltr'>de</span> <span class='ocrx_word' id='word_1_252' title='bbox 2109 2223 2325 2278; x_wconf 88' lang='lat' dir='ltr'>natura</span> <span class='ocrx_word' id='word_1_253' title='bbox 2369 2224 2429 2277; x_wconf 89' lang='lat' dir='ltr'>et</span> <span class='ocrx_word' id='word_1_254' title='bbox 2476 2218 2741 2292; x_wconf 84' lang='lat' dir='ltr'>subjecto</span> <span class='ocrx_word' id='word_1_255' title='bbox 2774 2223 2972 2293; x_wconf 84' lang='lat' dir='ltr'>potes·</span> 
     </span>
     <span class='ocr_line' id='line_1_24' title="bbox 349 2306 2972 2385; baseline 0 -21"><span class='ocrx_word' id='word_1_256' title='bbox 349 2309 487 2365; x_wconf 88' lang='lat' dir='ltr'>tiam</span> <span class='ocrx_word' id='word_1_257' title='bbox 536 2309 608 2366; x_wconf 82' lang='lat' dir='ltr'>de</span> <span class='ocrx_word' id='word_1_258' title='bbox 655 2309 1010 2368; x_wconf 86' lang='lat' dir='ltr'>sufficientia</span> <span class='ocrx_word' id='word_1_259' title='bbox 1054 2311 1419 2380; x_wconf 80' lang='lat' dir='ltr'>intentionis,</span> <span class='ocrx_word' id='word_1_260' title='bbox 1455 2314 1630 2385; x_wconf 86' lang='lat' dir='ltr'>quam</span> <span class='ocrx_word' id='word_1_261' title='bbox 1687 2312 1834 2371; x_wconf 85' lang='lat' dir='ltr'>tatis</span> <span class='ocrx_word' id='word_1_262' title='bbox 1866 2308 2310 2377; x_wconf 88' lang='lat' dir='ltr'>ecclesiasticae,</span> <span class='ocrx_word' id='word_1_263' title='bbox 2345 2308 2416 2365; x_wconf 89' lang='lat' dir='ltr'>de</span> <span class='ocrx_word' id='word_1_264' title='bbox 2450 2306 2744 2382; x_wconf 87' lang='lat' dir='ltr'>pontificis</span> <span class='ocrx_word' id='word_1_265' title='bbox 2777 2307 2841 2364; x_wconf 93' lang='lat' dir='ltr'>in</span> <span class='ocrx_word' id='word_1_266' title='bbox 2873 2306 2972 2364; x_wconf 91' lang='lat' dir='ltr'>de-</span> 
     </span>
     <span class='ocr_line' id='line_1_25' title="bbox 351 2395 2977 2471; baseline -0.001 -17"><span class='ocrx_word' id='word_1_267' title='bbox 351 2395 1151 2465; x_wconf 75' lang='lat' dir='ltr'>dicunt,ea:ternaeadvalide</span> <span class='ocrx_word' id='word_1_268' title='bbox 1167 2400 1635 2459; x_wconf 87' lang='lat' dir='ltr'>administranda</span> <span class='ocrx_word' id='word_1_269' title='bbox 1688 2399 1946 2460; x_wconf 91' lang='lat' dir='ltr'>finiendo</span> <span class='ocrx_word' id='word_1_270' title='bbox 1976 2397 2417 2470; x_wconf 79' lang='lat' dir='ltr'>infallibilitate,</span> <span class='ocrx_word' id='word_1_271' title='bbox 2466 2396 2538 2453; x_wconf 89' lang='lat' dir='ltr'>de</span> <span class='ocrx_word' id='word_1_272' title='bbox 2585 2395 2884 2471; x_wconf 87' lang='lat' dir='ltr'>pontificis</span> <span class='ocrx_word' id='word_1_273' title='bbox 2916 2398 2977 2452; x_wconf 90' lang='lat' dir='ltr'>et</span> 
     </span>
     <span class='ocr_line' id='line_1_26' title="bbox 354 2484 2970 2554; baseline -0.001 -12"><span class='ocrx_word' id='word_1_274' title='bbox 354 2489 713 2546; x_wconf 86' lang='lat' dir='ltr'>sacramenta</span> <span class='ocrx_word' id='word_1_275' title='bbox 757 2489 1009 2546; x_wconf 82' lang='lat' dir='ltr'>excitare</span> <span class='ocrx_word' id='word_1_276' title='bbox 1057 2494 1116 2547; x_wconf 93' lang='lat' dir='ltr'>et</span> <span class='ocrx_word' id='word_1_277' title='bbox 1166 2490 1327 2548; x_wconf 88' lang='lat' dir='ltr'>tueri</span> <span class='ocrx_word' id='word_1_278' title='bbox 1387 2492 1633 2548; x_wconf 88' lang='lat' dir='ltr'>conatus</span> <span class='ocrx_word' id='word_1_279' title='bbox 1690 2490 1925 2550; x_wconf 89' lang='lat' dir='ltr'>concilii</span> <span class='ocrx_word' id='word_1_280' title='bbox 1958 2486 2440 2554; x_wconf 86' lang='lat' dir='ltr'>consideratione,</span> <span class='ocrx_word' id='word_1_281' title='bbox 2474 2486 2554 2544; x_wconf 91' lang='lat' dir='ltr'>ib.</span> <span class='ocrx_word' id='word_1_282' title='bbox 2597 2494 2762 2547; x_wconf 85' lang='lat'>1614</span> <span class='ocrx_word' id='word_1_283' title='bbox 2796 2484 2862 2542; x_wconf 91' lang='lat' dir='ltr'>in</span> <span class='ocrx_word' id='word_1_284' title='bbox 2896 2494 2970 2553; x_wconf 87' lang='lat'>4.,</span> 
     </span>
     <span class='ocr_line' id='line_1_27' title="bbox 353 2571 2975 2657; baseline -0 -25"><span class='ocrx_word' id='word_1_285' title='bbox 353 2573 519 2657; x_wconf 81' lang='lat' dir='ltr'>est2).</span> <span class='ocrx_word' id='word_1_286' title='bbox 567 2609 658 2618; x_wconf 96' lang='lat'><strong>—</strong></span> <span class='ocrx_word' id='word_1_287' title='bbox 705 2577 1037 2637; x_wconf 86' lang='lat' dir='ltr'>Ludovicus</span> <span class='ocrx_word' id='word_1_288' title='bbox 1088 2600 1124 2638; x_wconf 90' lang='lat' dir='ltr'>a</span> <span class='ocrx_word' id='word_1_289' title='bbox 1173 2580 1356 2637; x_wconf 90' lang='lat' dir='ltr'>Dola</span> <span class='ocrx_word' id='word_1_290' title='bbox 1407 2579 1469 2637; x_wconf 91' lang='grc' dir='ltr'>Ο.</span> <span class='ocrx_word' id='word_1_291' title='bbox 1504 2578 1635 2653; x_wconf 88' lang='lat' dir='ltr'>Cap.</span> <span class='ocrx_word' id='word_1_292' title='bbox 1691 2580 1869 2641; x_wconf 88' lang='lat' dir='ltr'>etiam</span> <span class='ocrx_word' id='word_1_293' title='bbox 1900 2576 2322 2638; x_wconf 83' lang='lat' dir='ltr'>inRoccaberti</span> <span class='ocrx_word' id='word_1_294' title='bbox 2353 2575 2499 2634; x_wconf 90' lang='lat' dir='ltr'>bibl.</span> <span class='ocrx_word' id='word_1_295' title='bbox 2520 2593 2668 2636; x_wconf 86' lang='lat' dir='ltr'>max.</span> <span class='ocrx_word' id='word_1_296' title='bbox 2685 2575 2849 2650; x_wconf 92' lang='lat' dir='ltr'>pont.</span> <span class='ocrx_word' id='word_1_297' title='bbox 2869 2571 2975 2643; x_wconf 92' lang='lat' dir='ltr'>III,</span> 
     </span>
     <span class='ocr_line' id='line_1_28' title="bbox 354 2660 2977 2743; baseline 0 -23"><span class='ocrx_word' id='word_1_298' title='bbox 354 2664 660 2740; x_wconf 85' lang='lat' dir='ltr'>theologus</span> <span class='ocrx_word' id='word_1_299' title='bbox 695 2666 904 2725; x_wconf 85' lang='lat' dir='ltr'>doctus</span> <span class='ocrx_word' id='word_1_300' title='bbox 922 2672 984 2725; x_wconf 92' lang='lat' dir='ltr'>et</span> <span class='ocrx_word' id='word_1_301' title='bbox 997 2670 1197 2743; x_wconf 87' lang='lat' dir='ltr'>magni</span> <span class='ocrx_word' id='word_1_302' title='bbox 1215 2669 1474 2728; x_wconf 88' lang='lat' dir='ltr'>nominis</span> <span class='ocrx_word' id='word_1_303' title='bbox 1497 2688 1633 2726; x_wconf 88' lang='lat' dir='ltr'>eon·</span> <span class='ocrx_word' id='word_1_304' title='bbox 1698 2678 2044 2733; x_wconf 83' lang='lat'>405—589</span> <span class='ocrx_word' id='word_1_305' title='bbox 2080 2670 2357 2726; x_wconf 83' lang='lat' dir='ltr'>adversus</span> <span class='ocrx_word' id='word_1_306' title='bbox 2391 2665 2446 2723; x_wconf 88' lang='lat' dir='ltr'>S.</span> <span class='ocrx_word' id='word_1_307' title='bbox 2467 2664 2706 2740; x_wconf 89' lang='lat' dir='ltr'>Vigor</span> <span class='ocrx_word' id='word_1_308' title='bbox 2731 2660 2829 2742; x_wconf 90' lang='lat' dir='ltr'>(de</span> <span class='ocrx_word' id='word_1_309' title='bbox 2860 2681 2977 2737; x_wconf 88' lang='lat' dir='ltr'>quo</span> 
     </span>
     <span class='ocr_line' id='line_1_29' title="bbox 355 2754 2983 2839; baseline -0.001 -28"><span class='ocrx_word' id='word_1_310' title='bbox 355 2754 620 2813; x_wconf 86' lang='lat' dir='ltr'>cionator</span> <span class='ocrx_word' id='word_1_311' title='bbox 634 2755 791 2831; x_wconf 84' lang='lat' dir='ltr'>typis</span> <span class='ocrx_word' id='word_1_312' title='bbox 808 2756 973 2814; x_wconf 86' lang='lat' dir='ltr'>dedit</span> <span class='ocrx_word' id='word_1_313' title='bbox 992 2756 1459 2832; x_wconf 82' lang='lat' dir='ltr'>disputationem</span> <span class='ocrx_word' id='word_1_314' title='bbox 1492 2776 1636 2832; x_wconf 89' lang='lat' dir='ltr'>qua·</span> <span class='ocrx_word' id='word_1_315' title='bbox 1695 2755 1901 2839; x_wconf 85' lang='lat' dir='ltr'>infra);</span> <span class='ocrx_word' id='word_1_316' title='bbox 1952 2761 2020 2814; x_wconf 84' lang='lat' dir='ltr'>tr.</span> <span class='ocrx_word' id='word_1_317' title='bbox 2068 2756 2136 2815; x_wconf 85' lang='lat' dir='ltr'>de</span> <span class='ocrx_word' id='word_1_318' title='bbox 2191 2775 2264 2814; x_wconf 82' lang='lat' dir='ltr'>ss.</span> <span class='ocrx_word' id='word_1_319' title='bbox 2312 2756 2606 2831; x_wconf 73' lang='lat' dir='ltr'>pontificis</span> <span class='ocrx_word' id='word_1_320' title='bbox 2643 2755 2983 2813; x_wconf 73' lang='lat' dir='ltr'>auctoritate</span> 
     </span>
     <span class='ocr_line' id='line_1_30' title="bbox 355 2841 2975 2921; baseline 0 -23"><span class='ocrx_word' id='word_1_321' title='bbox 355 2842 735 2917; x_wconf 86' lang='lat' dir='ltr'>dripartitam</span> <span class='ocrx_word' id='word_1_322' title='bbox 771 2846 838 2902; x_wconf 84' lang='lat' dir='ltr'>de</span> <span class='ocrx_word' id='word_1_323' title='bbox 872 2847 1036 2904; x_wconf 80' lang='lat' dir='ltr'>modo</span> <span class='ocrx_word' id='word_1_324' title='bbox 1057 2848 1476 2920; x_wconf 66' lang='lat' dir='ltr'>conjunctionis</span> <span class='ocrx_word' id='word_1_325' title='bbox 1506 2864 1639 2904; x_wconf 78' lang='lat' dir='ltr'>con-</span> <span class='ocrx_word' id='word_1_326' title='bbox 1696 2849 1979 2907; x_wconf 77' lang='lat' dir='ltr'>adversus</span> <span class='ocrx_word' id='word_1_327' title='bbox 2011 2846 2373 2921; x_wconf 89' lang='lat' dir='ltr'>objectiones</span> <span class='ocrx_word' id='word_1_328' title='bbox 2399 2844 2749 2920; x_wconf 84' lang='lat' dir='ltr'>apologetae</span> <span class='ocrx_word' id='word_1_329' title='bbox 2787 2845 2839 2902; x_wconf 87' lang='lat' dir='ltr'>S.</span> <span class='ocrx_word' id='word_1_330' title='bbox 2874 2841 2975 2899; x_wconf 90' lang='lat' dir='ltr'>Vi-</span> 
     </span>
    </p>
   </div>
   <div class='ocr_carea' id='block_1_3' title="bbox 356 2933 1647 3548">
    <p class='ocr_par' dir='ltr' id='par_1_3' title="bbox 356 2933 1647 3548">
     <span class='ocr_line' id='line_1_31' title="bbox 356 2933 1638 2993; baseline 0.002 -5"><span class='ocrx_word' id='word_1_331' title='bbox 356 2950 630 2990; x_wconf 80' lang='lat' dir='ltr'>cursuum</span> <span class='ocrx_word' id='word_1_332' title='bbox 661 2933 772 2990; x_wconf 84' lang='lat' dir='ltr'>Dei</span> <span class='ocrx_word' id='word_1_333' title='bbox 803 2942 851 2991; x_wconf 85' lang='lat' dir='ltr'>et</span> <span class='ocrx_word' id='word_1_334' title='bbox 881 2942 1180 2993; x_wconf 71' lang='lat' dir='ltr'>creatur.oe</span> <span class='ocrx_word' id='word_1_335' title='bbox 1218 2938 1297 2992; x_wconf 87' lang='lat' dir='ltr'>ad</span> <span class='ocrx_word' id='word_1_336' title='bbox 1317 2943 1476 2993; x_wconf 77' lang='lat' dir='ltr'>actus</span> <span class='ocrx_word' id='word_1_337' title='bbox 1507 2936 1638 2993; x_wconf 76' lang='lat' dir='ltr'>libe-</span> 
     </span>
     <span class='ocr_line' id='line_1_32' title="bbox 356 3021 1637 3099; baseline 0.005 -23"><span class='ocrx_word' id='word_1_338' title='bbox 356 3038 450 3077; x_wconf 79' lang='lat' dir='ltr'>ros</span> <span class='ocrx_word' id='word_1_339' title='bbox 469 3021 697 3081; x_wconf 76' lang='lat' dir='ltr'>ordinis</span> <span class='ocrx_word' id='word_1_340' title='bbox 715 3025 1025 3098; x_wconf 78' lang='lat' dir='ltr'>naturalis,</span> <span class='ocrx_word' id='word_1_341' title='bbox 1046 3025 1396 3099; x_wconf 85' lang='lat' dir='ltr'>praesertim</span> <span class='ocrx_word' id='word_1_342' title='bbox 1414 3024 1485 3081; x_wconf 89' lang='lat' dir='ltr'>ad</span> <span class='ocrx_word' id='word_1_343' title='bbox 1503 3044 1637 3099; x_wconf 86' lang='lat' dir='ltr'>pra-</span> 
     </span>
     <span class='ocr_line' id='line_1_33' title="bbox 359 3110 1644 3186; baseline 0.002 -19"><span class='ocrx_word' id='word_1_344' title='bbox 359 3128 456 3168; x_wconf 86' lang='lat' dir='ltr'>vos</span> <span class='ocrx_word' id='word_1_345' title='bbox 520 3110 805 3170; x_wconf 88' lang='lat' dir='ltr'>adversus</span> <span class='ocrx_word' id='word_1_346' title='bbox 869 3113 1530 3186; x_wconf 81' lang='lat' dir='ltr'>praedeterminantium</span> <span class='ocrx_word' id='word_1_347' title='bbox 1582 3115 1644 3169; x_wconf 89' lang='lat' dir='ltr'>et</span> 
     </span>
     <span class='ocr_line' id='line_1_34' title="bbox 362 3201 1643 3260; baseline 0.002 -4"><span class='ocrx_word' id='word_1_348' title='bbox 362 3203 724 3259; x_wconf 82' lang='lat' dir='ltr'>assertorum</span> <span class='ocrx_word' id='word_1_349' title='bbox 765 3201 1044 3259; x_wconf 88' lang='lat' dir='ltr'>scientiae</span> <span class='ocrx_word' id='word_1_350' title='bbox 1078 3202 1303 3260; x_wconf 89' lang='lat' dir='ltr'>mediae</span> <span class='ocrx_word' id='word_1_351' title='bbox 1333 3201 1643 3260; x_wconf 73' lang='lat' dir='ltr'>moderno-</span> 
     </span>
     <span class='ocr_line' id='line_1_35' title="bbox 360 3289 1646 3367; baseline 0.003 -23"><span class='ocrx_word' id='word_1_352' title='bbox 360 3305 492 3345; x_wconf 88' lang='lat' dir='ltr'>rum</span> <span class='ocrx_word' id='word_1_353' title='bbox 523 3289 847 3365; x_wconf 79' lang='lat' dir='ltr'>opinioneS,</span> <span class='ocrx_word' id='word_1_354' title='bbox 880 3289 1161 3367; x_wconf 87' lang='lat' dir='ltr'>Lugduni</span> <span class='ocrx_word' id='word_1_355' title='bbox 1204 3301 1367 3353; x_wconf 82' lang='lat'>1634</span> <span class='ocrx_word' id='word_1_356' title='bbox 1402 3291 1466 3348; x_wconf 91' lang='lat' dir='ltr'>in</span> <span class='ocrx_word' id='word_1_357' title='bbox 1490 3300 1545 3358; x_wconf 86' lang='lat'>4,</span> <span class='ocrx_word' id='word_1_358' title='bbox 1581 3290 1646 3348; x_wconf 90' lang='lat' dir='ltr'>in</span> 
     </span>
     <span class='ocr_line' id='line_1_36' title="bbox 360 3377 1643 3449; baseline 0.002 -15"><span class='ocrx_word' id='word_1_359' title='bbox 360 3395 475 3449; x_wconf 91' lang='lat' dir='ltr'>quo</span> <span class='ocrx_word' id='word_1_360' title='bbox 496 3377 764 3436; x_wconf 89' lang='lat' dir='ltr'>Durandi</span> <span class='ocrx_word' id='word_1_361' title='bbox 797 3379 868 3436; x_wconf 91' lang='lat' dir='ltr'>de</span> <span class='ocrx_word' id='word_1_362' title='bbox 890 3397 1179 3439; x_wconf 82' lang='lat' dir='ltr'>concursu</span> <span class='ocrx_word' id='word_1_363' title='bbox 1199 3380 1491 3438; x_wconf 89' lang='lat' dir='ltr'>theoriam</span> <span class='ocrx_word' id='word_1_364' title='bbox 1513 3384 1643 3437; x_wconf 90' lang='lat' dir='ltr'>tue-</span> 
     </span>
     <span class='ocr_line' id='line_1_37' title="bbox 362 3462 1647 3548; baseline 0.004 -27"><span class='ocrx_word' id='word_1_365' title='bbox 362 3462 541 3545; x_wconf 72' lang='lat' dir='ltr'>tur-³).</span> <span class='ocrx_word' id='word_1_366' title='bbox 591 3499 677 3509; x_wconf 89' lang='lat'>—</span> <span class='ocrx_word' id='word_1_367' title='bbox 728 3468 990 3526; x_wconf 85' lang='lat' dir='ltr'>Andreas</span> <span class='ocrx_word' id='word_1_368' title='bbox 1055 3469 1475 3527; x_wconf 82' lang='lat' dir='ltr'>Duvallius</span> <span class='ocrx_word' id='word_1_369' title='bbox 1540 3466 1647 3548; x_wconf 90' lang='lat' dir='ltr'>(du</span> 
     </span>
    </p>
   </div>
   <div class='ocr_carea' id='block_1_4' title="bbox 368 3570 681 3578">
    <p class='ocr_par' dir='ltr' id='par_1_4' title="bbox 368 3570 681 3578">
     <span class='ocr_line' id='line_1_38' title="bbox 368 3570 681 3578; baseline 0 1615"><span class='ocrx_word' id='word_1_370' title='bbox 368 3570 681 3578; x_wconf 95' lang='lat' dir='ltr'> </span> 
     </span>
    </p>
   </div>
   <div class='ocr_carea' id='block_1_5' title="bbox 365 3602 1661 4883">
    <p class='ocr_par' dir='ltr' id='par_1_5' title="bbox 365 3602 1652 4171">
     <span class='ocr_line' id='line_1_39' title="bbox 365 3602 1649 3667; baseline 0.002 -17"><span class='ocrx_word' id='word_1_371' title='bbox 365 3602 454 3651; x_wconf 77' lang='lat' dir='ltr'>tus</span> <span class='ocrx_word' id='word_1_372' title='bbox 480 3606 564 3654; x_wconf 87' lang='lat' dir='ltr'>est</span> <span class='ocrx_word' id='word_1_373' title='bbox 590 3618 873 3655; x_wconf 86' lang='lat' dir='ltr'>successor</span> <span class='ocrx_word' id='word_1_374' title='bbox 899 3608 1055 3667; x_wconf 85' lang='grc'>1606,</span> <span class='ocrx_word' id='word_1_375' title='bbox 1101 3606 1160 3656; x_wconf 88' lang='lat' dir='ltr'>et</span> <span class='ocrx_word' id='word_1_376' title='bbox 1184 3604 1381 3657; x_wconf 81' lang='lat' dir='ltr'>exinde</span> <span class='ocrx_word' id='word_1_377' title='bbox 1409 3602 1649 3657; x_wconf 79' lang='lat' dir='ltr'>Lovanii</span> 
     </span>
     <span class='ocr_line' id='line_1_40' title="bbox 365 3673 1650 3744; baseline 0.003 -23"><span class='ocrx_word' id='word_1_378' title='bbox 365 3687 540 3726; x_wconf 85' lang='lat' dir='ltr'>annos</span> <span class='ocrx_word' id='word_1_379' title='bbox 565 3676 637 3729; x_wconf 86' lang='lat'>36</span> <span class='ocrx_word' id='word_1_380' title='bbox 656 3673 852 3727; x_wconf 91' lang='lat' dir='ltr'>docuit</span> <span class='ocrx_word' id='word_1_381' title='bbox 872 3677 928 3727; x_wconf 90' lang='lat' dir='ltr'>et</span> <span class='ocrx_word' id='word_1_382' title='bbox 948 3675 1187 3744; x_wconf 85' lang='lat' dir='ltr'>scripsit.</span> <span class='ocrx_word' id='word_1_383' title='bbox 1216 3675 1650 3743; x_wconf 82' lang='lat' dir='ltr'>Quamplurima</span> 
     </span>
     <span class='ocr_line' id='line_1_41' title="bbox 365 3741 1650 3814; baseline 0.003 -21"><span class='ocrx_word' id='word_1_384' title='bbox 365 3741 543 3796; x_wconf 86' lang='lat' dir='ltr'>edidit</span> <span class='ocrx_word' id='word_1_385' title='bbox 567 3759 732 3811; x_wconf 82' lang='lat' dir='ltr'>opera</span> <span class='ocrx_word' id='word_1_386' title='bbox 756 3766 767 3796; x_wconf 90' lang='lat'>:</span> <span class='ocrx_word' id='word_1_387' title='bbox 813 3747 1072 3811; x_wconf 82' lang='lat' dir='ltr'>oratoria,</span> <span class='ocrx_word' id='word_1_388' title='bbox 1119 3746 1430 3814; x_wconf 83' lang='lat' dir='ltr'>epistolica,</span> <span class='ocrx_word' id='word_1_389' title='bbox 1473 3745 1650 3813; x_wconf 86' lang='lat' dir='ltr'>philo-</span> 
     </span>
     <span class='ocr_line' id='line_1_42' title="bbox 365 3811 1649 3886; baseline 0.003 -22"><span class='ocrx_word' id='word_1_390' title='bbox 365 3811 546 3883; x_wconf 78' lang='lat' dir='ltr'>logica</span> <span class='ocrx_word' id='word_1_391' title='bbox 571 3818 628 3868; x_wconf 88' lang='lat' dir='ltr'>et</span> <span class='ocrx_word' id='word_1_392' title='bbox 654 3816 1066 3886; x_wconf 81' lang='lat' dir='ltr'>philosophica,</span> <span class='ocrx_word' id='word_1_393' title='bbox 1103 3818 1387 3882; x_wconf 82' lang='lat' dir='ltr'>historica,</span> <span class='ocrx_word' id='word_1_394' title='bbox 1414 3816 1649 3885; x_wconf 86' lang='lat' dir='ltr'>politica</span> 
     </span>
     <span class='ocr_line' id='line_1_43' title="bbox 367 3886 1651 3957; baseline 0.002 -21"><span class='ocrx_word' id='word_1_395' title='bbox 367 3888 422 3936; x_wconf 88' lang='lat' dir='ltr'>et</span> <span class='ocrx_word' id='word_1_396' title='bbox 447 3886 868 3950; x_wconf 83' lang='lat' dir='ltr'>mathematica,</span> <span class='ocrx_word' id='word_1_397' title='bbox 908 3889 1036 3943; x_wconf 86' lang='lat' dir='ltr'>stilo</span> <span class='ocrx_word' id='word_1_398' title='bbox 1074 3890 1378 3942; x_wconf 82' lang='lat' dir='ltr'>admodum</span> <span class='ocrx_word' id='word_1_399' title='bbox 1405 3886 1651 3957; x_wconf 77' lang='lat' dir='ltr'>eleganti</span> 
     </span>
     <span class='ocr_line' id='line_1_44' title="bbox 368 3955 1651 4030; baseline 0.002 -23"><span class='ocrx_word' id='word_1_400' title='bbox 368 3958 425 4007; x_wconf 90' lang='lat' dir='ltr'>et</span> <span class='ocrx_word' id='word_1_401' title='bbox 447 3955 620 4021; x_wconf 88' lang='lat' dir='ltr'>facili,</span> <span class='ocrx_word' id='word_1_402' title='bbox 650 3975 796 4025; x_wconf 84' lang='lat' dir='ltr'>quae</span> <span class='ocrx_word' id='word_1_403' title='bbox 818 3962 885 4012; x_wconf 81' lang='lat' dir='ltr'>cf.</span> <span class='ocrx_word' id='word_1_404' title='bbox 905 3962 1058 4030; x_wconf 83' lang='lat' dir='ltr'>apud</span> <span class='ocrx_word' id='word_1_405' title='bbox 1077 3961 1333 4029; x_wconf 86' lang='lat' dir='ltr'>Foppens</span> <span class='ocrx_word' id='word_1_406' title='bbox 1351 3960 1484 4013; x_wconf 89' lang='lat' dir='ltr'>bibl.</span> <span class='ocrx_word' id='word_1_407' title='bbox 1502 3960 1651 4028; x_wconf 84' lang='lat' dir='ltr'>belg.</span> 
     </span>
     <span class='ocr_line' id='line_1_45' title="bbox 371 4025 1652 4100; baseline 0.002 -18"><span class='ocrx_word' id='word_1_408' title='bbox 371 4025 411 4089; x_wconf 90' lang='grc' dir='ltr'>Ι,</span> <span class='ocrx_word' id='word_1_409' title='bbox 436 4032 541 4084; x_wconf 87' lang='grc'>266</span> <span class='ocrx_word' id='word_1_410' title='bbox 567 4046 662 4097; x_wconf 84' lang='lat' dir='ltr'>ss.;</span> <span class='ocrx_word' id='word_1_411' title='bbox 691 4033 741 4082; x_wconf 81' lang='lat' dir='ltr'>A</span> <span class='ocrx_word' id='word_1_412' title='bbox 768 4030 1009 4084; x_wconf 69' lang='lat' dir='ltr'>Roersch</span> <span class='ocrx_word' id='word_1_413' title='bbox 1049 4033 1231 4100; x_wconf 85' lang='lat' dir='ltr'>Biogr.</span> <span class='ocrx_word' id='word_1_414' title='bbox 1261 4036 1379 4086; x_wconf 86' lang='lat' dir='ltr'>nat.</span> <span class='ocrx_word' id='word_1_415' title='bbox 1406 4031 1475 4084; x_wconf 88' lang='lat' dir='ltr'>de</span> <span class='ocrx_word' id='word_1_416' title='bbox 1499 4031 1652 4098; x_wconf 81' lang='lat' dir='ltr'>Belg.</span> 
     </span>
     <span class='ocr_line' id='line_1_46' title="bbox 369 4097 1652 4171; baseline 0.004 -22"><span class='ocrx_word' id='word_1_417' title='bbox 369 4097 566 4163; x_wconf 79' lang='lat' dir='ltr'>XVm,</span> <span class='ocrx_word' id='word_1_418' title='bbox 593 4105 858 4159; x_wconf 74' lang='lat'>330—44.</span> <span class='ocrx_word' id='word_1_419' title='bbox 912 4103 1160 4157; x_wconf 83' lang='lat' dir='ltr'>Decessit</span> <span class='ocrx_word' id='word_1_420' title='bbox 1200 4107 1282 4160; x_wconf 88' lang='grc'>17.</span> <span class='ocrx_word' id='word_1_421' title='bbox 1312 4104 1464 4171; x_wconf 83' lang='lat' dir='ltr'>Sept.</span> <span class='ocrx_word' id='word_1_422' title='bbox 1493 4106 1652 4158; x_wconf 76' lang='grc'>1646.</span> 
     </span>
    </p>

    <p class='ocr_par' dir='ltr' id='par_1_6' title="bbox 370 4170 1656 4596">
     <span class='ocr_line' id='line_1_47' title="bbox 444 4170 1655 4243; baseline 0.002 -20"><span class='ocrx_word' id='word_1_423' title='bbox 444 4173 483 4239; x_wconf 85' lang='lat'>¹)</span> <span class='ocrx_word' id='word_1_424' title='bbox 511 4170 695 4225; x_wconf 87' lang='lat' dir='ltr'>Feller</span> <span class='ocrx_word' id='word_1_425' title='bbox 711 4174 803 4237; x_wconf 75' lang='lat' dir='ltr'>IV,</span> <span class='ocrx_word' id='word_1_426' title='bbox 821 4180 889 4230; x_wconf 80' lang='lat'>95</span> <span class='ocrx_word' id='word_1_427' title='bbox 909 4196 919 4227; x_wconf 74' lang='grc' dir='ltr'>ε</span> <span class='ocrx_word' id='word_1_428' title='bbox 948 4176 1083 4227; x_wconf 79' lang='lat' dir='ltr'>Sans</span> <span class='ocrx_word' id='word_1_429' title='bbox 1099 4175 1368 4243; x_wconf 85' lang='lat' dir='ltr'>l&#39;appeler</span> <span class='ocrx_word' id='word_1_430' title='bbox 1385 4193 1458 4227; x_wconf 88' lang='lat' dir='ltr'>uu</span> <span class='ocrx_word' id='word_1_431' title='bbox 1474 4172 1655 4242; x_wconf 82' lang='lat' dir='ltr'>grand</span> 
     </span>
     <span class='ocr_line' id='line_1_48' title="bbox 370 4239 1654 4315; baseline 0.005 -24"><span class='ocrx_word' id='word_1_432' title='bbox 370 4239 592 4295; x_wconf 87' lang='lat' dir='ltr'>homme</span> <span class='ocrx_word' id='word_1_433' title='bbox 620 4247 853 4315; x_wconf 86' lang='lat' dir='ltr'>(comme</span> <span class='ocrx_word' id='word_1_434' title='bbox 900 4246 1006 4299; x_wconf 86' lang='lat' dir='ltr'>fait</span> <span class='ocrx_word' id='word_1_435' title='bbox 1039 4251 1084 4300; x_wconf 86' lang='lat' dir='ltr'>Ie</span> <span class='ocrx_word' id='word_1_436' title='bbox 1119 4249 1512 4314; x_wconf 61' lang='lat' dir='ltr'>Lemicoyraphe</span> <span class='ocrx_word' id='word_1_437' title='bbox 1552 4248 1654 4297; x_wconf 73' lang='lat' dir='ltr'>cri·</span> 
     </span>
     <span class='ocr_line' id='line_1_49' title="bbox 372 4315 1656 4387; baseline 0.004 -25"><span class='ocrx_word' id='word_1_438' title='bbox 372 4315 506 4381; x_wconf 78' lang='lat' dir='ltr'>tique</span> <span class='ocrx_word' id='word_1_439' title='bbox 529 4315 681 4367; x_wconf 80' lang='lat' dir='ltr'>aussi</span> <span class='ocrx_word' id='word_1_440' title='bbox 709 4317 870 4370; x_wconf 77' lang='lat' dir='ltr'>outre</span> <span class='ocrx_word' id='word_1_441' title='bbox 897 4316 1038 4370; x_wconf 86' lang='lat' dir='ltr'>dans</span> <span class='ocrx_word' id='word_1_442' title='bbox 1065 4334 1150 4370; x_wconf 89' lang='lat' dir='ltr'>ses</span> <span class='ocrx_word' id='word_1_443' title='bbox 1178 4318 1363 4387; x_wconf 73' lang='lat' dir='ltr'>eloges</span> <span class='ocrx_word' id='word_1_444' title='bbox 1385 4334 1493 4384; x_wconf 89' lang='lat' dir='ltr'>que</span> <span class='ocrx_word' id='word_1_445' title='bbox 1516 4315 1656 4368; x_wconf 85' lang='lat' dir='ltr'>dans</span> 
     </span>
     <span class='ocr_line' id='line_1_50' title="bbox 373 4386 1656 4457; baseline 0.002 -22"><span class='ocrx_word' id='word_1_446' title='bbox 373 4398 456 4436; x_wconf 82' lang='lat' dir='ltr'>ses</span> <span class='ocrx_word' id='word_1_447' title='bbox 482 4386 717 4452; x_wconf 72' lang='lat' dir='ltr'>satiras),</span> <span class='ocrx_word' id='word_1_448' title='bbox 765 4405 835 4440; x_wconf 90' lang='lat' dir='ltr'>on</span> <span class='ocrx_word' id='word_1_449' title='bbox 879 4393 1017 4457; x_wconf 86' lang='lat' dir='ltr'>peut</span> <span class='ocrx_word' id='word_1_450' title='bbox 1051 4389 1169 4441; x_wconf 86' lang='lat' dir='ltr'>dire</span> <span class='ocrx_word' id='word_1_451' title='bbox 1209 4406 1319 4456; x_wconf 88' lang='lat' dir='ltr'>que</span> <span class='ocrx_word' id='word_1_452' title='bbox 1348 4387 1656 4441; x_wconf 81' lang='lat' dir='ltr'>Gamaches</span> 
     </span>
     <span class='ocr_line' id='line_1_51' title="bbox 373 4453 1655 4528; baseline 0.008 -22"><span class='ocrx_word' id='word_1_453' title='bbox 373 4453 516 4508; x_wconf 72' lang='lat' dir='ltr'>etait</span> <span class='ocrx_word' id='word_1_454' title='bbox 543 4475 620 4510; x_wconf 92' lang='lat' dir='ltr'>un</span> <span class='ocrx_word' id='word_1_455' title='bbox 645 4458 756 4510; x_wconf 91' lang='lat' dir='ltr'>bon</span> <span class='ocrx_word' id='word_1_456' title='bbox 801 4460 1198 4528; x_wconf 85' lang='lat' dir='ltr'>scholastique.</span> <span class='ocrx_word' id='word_1_457' title='bbox 1252 4461 1332 4516; x_wconf 83' lang='lat' dir='ltr'>Cf.</span> <span class='ocrx_word' id='word_1_458' title='bbox 1364 4459 1527 4511; x_wconf 79' lang='lat' dir='ltr'>Mich·</span> <span class='ocrx_word' id='word_1_459' title='bbox 1556 4475 1589 4510; x_wconf 78' lang='lat' dir='ltr'>a</span> <span class='ocrx_word' id='word_1_460' title='bbox 1617 4476 1655 4509; x_wconf 81' lang='grc'>8-</span> 
     </span>
     <span class='ocr_line' id='line_1_52' title="bbox 373 4525 871 4596; baseline 0.014 -20"><span class='ocrx_word' id='word_1_461' title='bbox 373 4525 598 4596; x_wconf 81' lang='lat' dir='ltr'>Joseph.</span> <span class='ocrx_word' id='word_1_462' title='bbox 627 4530 722 4595; x_wconf 85' lang='grc' dir='ltr'>ΙΙΙ,</span> <span class='ocrx_word' id='word_1_463' title='bbox 747 4535 871 4586; x_wconf 87' lang='grc'>476.</span> 
     </span>
    </p>

    <p class='ocr_par' dir='ltr' id='par_1_7' title="bbox 375 4600 1657 4741">
     <span class='ocr_line' id='line_1_53' title="bbox 448 4600 1657 4671; baseline -0.001 -18"><span class='ocrx_word' id='word_1_464' title='bbox 448 4607 488 4661; x_wconf 72' lang='lat'>²)</span> <span class='ocrx_word' id='word_1_465' title='bbox 516 4600 599 4659; x_wconf 80' lang='lat' dir='ltr'>Cf.</span> <span class='ocrx_word' id='word_1_466' title='bbox 627 4600 706 4655; x_wconf 88' lang='lat' dir='ltr'>De</span> <span class='ocrx_word' id='word_1_467' title='bbox 734 4603 888 4671; x_wconf 81' lang='lat' dir='ltr'>Lugo</span> <span class='ocrx_word' id='word_1_468' title='bbox 929 4602 997 4655; x_wconf 90' lang='lat' dir='ltr'>de</span> <span class='ocrx_word' id='word_1_469' title='bbox 1041 4602 1402 4656; x_wconf 78' lang='lat' dir='ltr'>sacramentis</span> <span class='ocrx_word' id='word_1_470' title='bbox 1438 4601 1580 4670; x_wconf 81' lang='lat' dir='ltr'>disp.</span> <span class='ocrx_word' id='word_1_471' title='bbox 1609 4604 1657 4657; x_wconf 87' lang='grc'>8.</span> 
     </span>
     <span class='ocr_line' id='line_1_54' title="bbox 375 4672 1497 4741; baseline 0.005 -21"><span class='ocrx_word' id='word_1_472' title='bbox 375 4687 416 4721; x_wconf 83' lang='lat' dir='ltr'>s.</span> <span class='ocrx_word' id='word_1_473' title='bbox 443 4672 491 4725; x_wconf 93' lang='grc'>2.</span> <span class='ocrx_word' id='word_1_474' title='bbox 521 4676 569 4734; x_wconf 86' lang='grc'>3,</span> <span class='ocrx_word' id='word_1_475' title='bbox 601 4673 701 4726; x_wconf 89' lang='lat' dir='ltr'>ubi</span> <span class='ocrx_word' id='word_1_476' title='bbox 727 4672 882 4727; x_wconf 88' lang='lat' dir='ltr'>illius</span> <span class='ocrx_word' id='word_1_477' title='bbox 909 4678 1246 4741; x_wconf 78' lang='lat' dir='ltr'>argumenta</span> <span class='ocrx_word' id='word_1_478' title='bbox 1272 4672 1497 4728; x_wconf 85' lang='lat' dir='ltr'>refellit.</span> 
     </span>
    </p>

    <p class='ocr_par' dir='ltr' id='par_1_8' title="bbox 379 4742 1661 4883">
     <span class='ocr_line' id='line_1_55' title="bbox 449 4742 1661 4816; baseline 0.001 -20"><span class='ocrx_word' id='word_1_479' title='bbox 449 4746 490 4812; x_wconf 81' lang='grc'>3)</span> <span class='ocrx_word' id='word_1_480' title='bbox 517 4743 685 4801; x_wconf 84' lang='lat' dir='ltr'>Mich.</span> <span class='ocrx_word' id='word_1_481' title='bbox 715 4764 747 4799; x_wconf 84' lang='lat' dir='ltr'>a</span> <span class='ocrx_word' id='word_1_482' title='bbox 774 4764 815 4798; x_wconf 92' lang='lat' dir='ltr'>s.</span> <span class='ocrx_word' id='word_1_483' title='bbox 842 4746 1052 4816; x_wconf 87' lang='lat' dir='ltr'>Joseph</span> <span class='ocrx_word' id='word_1_484' title='bbox 1079 4748 1172 4811; x_wconf 88' lang='lat'>111,</span> <span class='ocrx_word' id='word_1_485' title='bbox 1200 4751 1302 4804; x_wconf 83' lang='grc'>237</span> <span class='ocrx_word' id='word_1_486' title='bbox 1331 4764 1402 4806; x_wconf 77' lang='lat' dir='ltr'>S.;</span> <span class='ocrx_word' id='word_1_487' title='bbox 1431 4746 1490 4797; x_wconf 86' lang='lat' dir='ltr'>cf</span> <span class='ocrx_word' id='word_1_488' title='bbox 1521 4742 1605 4798; x_wconf 80' lang='lat' dir='ltr'>JO.</span> <span class='ocrx_word' id='word_1_489' title='bbox 1629 4759 1661 4794; x_wconf 85' lang='lat' dir='ltr'>a</span> 
     </span>
     <span class='ocr_line' id='line_1_56' title="bbox 379 4815 1163 4883; baseline 0.013 -21"><span class='ocrx_word' id='word_1_490' title='bbox 379 4830 419 4864; x_wconf 86' lang='lat' dir='ltr'>s.</span> <span class='ocrx_word' id='word_1_491' title='bbox 447 4817 576 4868; x_wconf 85' lang='lat' dir='ltr'>Ant.</span> <span class='ocrx_word' id='word_1_492' title='bbox 605 4815 663 4869; x_wconf 89' lang='lat' dir='ltr'>in</span> <span class='ocrx_word' id='word_1_493' title='bbox 691 4817 823 4871; x_wconf 82' lang='lat' dir='ltr'>bibl.</span> <span class='ocrx_word' id='word_1_494' title='bbox 853 4818 917 4876; x_wconf 83' lang='lat' dir='ltr'>fr,</span> <span class='ocrx_word' id='word_1_495' title='bbox 949 4818 1013 4883; x_wconf 87' lang='grc' dir='ltr'>ΙΙ,</span> <span class='ocrx_word' id='word_1_496' title='bbox 1041 4824 1163 4875; x_wconf 76' lang='lat'>295.</span> 
     </span>
    </p>
   </div>
   <div class='ocr_carea' id='block_1_6' title="bbox 591 4916 1494 4969">
    <p class='ocr_par' dir='ltr' id='par_1_9' title="bbox 591 4916 1494 4969">
     <span class='ocr_line' id='line_1_57' title="bbox 591 4916 1494 4969; baseline -0.002 -7"><span class='ocrx_word' id='word_1_497' title='bbox 591 4917 785 4969; x_wconf 81' lang='lat' dir='ltr'>Hurter,</span> <span class='ocrx_word' id='word_1_498' title='bbox 825 4916 1166 4963; x_wconf 85' lang='lat' dir='ltr'>Nomenclator</span> <span class='ocrx_word' id='word_1_499' title='bbox 1207 4917 1289 4962; x_wconf 93' lang='lat'>111.</span> <span class='ocrx_word' id='word_1_500' title='bbox 1329 4916 1404 4963; x_wconf 85' lang='lat' dir='ltr'>ed.</span> <span class='ocrx_word' id='word_1_501' title='bbox 1446 4916 1494 4960; x_wconf 81' lang='lat'>3.</span> 
     </span>
    </p>
   </div>
   <div class='ocr_carea' id='block_1_7' title="bbox 1696 2931 2980 3101">
    <p class='ocr_par' dir='ltr' id='par_1_10' title="bbox 1696 2931 2980 3101">
     <span class='ocr_line' id='line_1_58' title="bbox 1696 2931 2980 3013; baseline -0.006 -17"><span class='ocrx_word' id='word_1_502' title='bbox 1696 2937 1865 3013; x_wconf 83' lang='lat' dir='ltr'>gorii,</span> <span class='ocrx_word' id='word_1_503' title='bbox 1900 2935 2218 2994; x_wconf 86' lang='lat' dir='ltr'>Eburovici</span> <span class='ocrx_word' id='word_1_504' title='bbox 2246 2946 2269 2995; x_wconf 93' lang='lat'>1</span> <span class='ocrx_word' id='word_1_505' title='bbox 2287 2945 2321 2997; x_wconf 84' lang='grc'>6</span> <span class='ocrx_word' id='word_1_506' title='bbox 2335 2942 2410 2995; x_wconf 84' lang='grc'>22</span> <span class='ocrx_word' id='word_1_507' title='bbox 2447 2933 2558 2991; x_wconf 88' lang='lat' dir='ltr'>sub</span> <span class='ocrx_word' id='word_1_508' title='bbox 2578 2932 2817 2991; x_wconf 91' lang='lat' dir='ltr'>nomine</span> <span class='ocrx_word' id='word_1_509' title='bbox 2831 2931 2868 2988; x_wconf 85' lang='lat' dir='ltr'><strong>J</strong></span> <span class='ocrx_word' id='word_1_510' title='bbox 2873 2950 2980 2989; x_wconf 83' lang='lat' dir='ltr'>ean</span> 
     </span>
     <span class='ocr_line' id='line_1_59' title="bbox 1698 3026 1997 3101; baseline -0.007 -18"><span class='ocrx_word' id='word_1_511' title='bbox 1698 3026 1997 3101; x_wconf 82' lang='lat' dir='ltr'>Lejean.</span> 
     </span>
    </p>
   </div>
   <div class='ocr_carea' id='block_1_8' title="bbox 1701 3198 2996 4079">
    <p class='ocr_par' dir='ltr' id='par_1_11' title="bbox 1701 3198 2996 4079">
     <span class='ocr_line' id='line_1_60' title="bbox 1793 3198 2986 3264; baseline -0.009 0"><span class='ocrx_word' id='word_1_512' title='bbox 1793 3211 1826 3263; x_wconf 89' lang='lat'>2</span> <span class='ocrx_word' id='word_1_513' title='bbox 1839 3211 1936 3264; x_wconf 86' lang='lat'>80.</span> <span class='ocrx_word' id='word_1_514' title='bbox 1954 3202 2175 3259; x_wconf 82' lang='lat' dir='ltr'>Multos</span> <span class='ocrx_word' id='word_1_515' title='bbox 2189 3200 2343 3258; x_wconf 91' lang='lat' dir='ltr'>aluit</span> <span class='ocrx_word' id='word_1_516' title='bbox 2367 3200 2545 3257; x_wconf 82' lang='lat' dir='ltr'>Italia</span> <span class='ocrx_word' id='word_1_517' title='bbox 2573 3199 2804 3257; x_wconf 90' lang='lat' dir='ltr'>scholae</span> <span class='ocrx_word' id='word_1_518' title='bbox 2820 3198 2986 3254; x_wconf 88' lang='lat' dir='ltr'>theo·</span> 
     </span>
     <span class='ocr_line' id='line_1_61' title="bbox 1701 3286 2983 3368; baseline -0.005 -19"><span class='ocrx_word' id='word_1_519' title='bbox 1701 3294 1885 3368; x_wconf 86' lang='lat' dir='ltr'>logos.</span> <span class='ocrx_word' id='word_1_520' title='bbox 1911 3290 2348 3347; x_wconf 73' lang='lat' dir='ltr'>praemittimus</span> <span class='ocrx_word' id='word_1_521' title='bbox 2370 3286 2785 3363; x_wconf 83' lang='lat' dir='ltr'>Raymundum</span> <span class='ocrx_word' id='word_1_522' title='bbox 2820 3286 2865 3342; x_wconf 90' lang='lat' dir='ltr'><strong>B</strong></span> <span class='ocrx_word' id='word_1_523' title='bbox 2884 3304 2983 3343; x_wconf 88' lang='lat' dir='ltr'>re·</span> 
     </span>
     <span class='ocr_line' id='line_1_62' title="bbox 1702 3368 2986 3457; baseline -0.008 -18"><span class='ocrx_word' id='word_1_524' title='bbox 1702 3380 2016 3457; x_wconf 86' lang='lat' dir='ltr'>ganium</span> <span class='ocrx_word' id='word_1_525' title='bbox 2079 3377 2150 3436; x_wconf 90' lang='lat' dir='ltr'>de</span> <span class='ocrx_word' id='word_1_526' title='bbox 2212 3378 2360 3451; x_wconf 81' lang='lat' dir='ltr'>Ripa</span> <span class='ocrx_word' id='word_1_527' title='bbox 2421 3377 2721 3433; x_wconf 79' lang='lat' dir='ltr'>&#39;l&#39;ransona</span> <span class='ocrx_word' id='word_1_528' title='bbox 2766 3368 2986 3454; x_wconf 85' lang='lat' dir='ltr'>(Cupra</span> 
     </span>
     <span class='ocr_line' id='line_1_63' title="bbox 1703 3462 2988 3540; baseline -0.008 -12"><span class='ocrx_word' id='word_1_529' title='bbox 1703 3472 2005 3540; x_wconf 82' lang='lat' dir='ltr'>Montana)</span> <span class='ocrx_word' id='word_1_530' title='bbox 2053 3466 2116 3524; x_wconf 91' lang='lat' dir='ltr'>O.</span> <span class='ocrx_word' id='word_1_531' title='bbox 2150 3468 2262 3533; x_wconf 90' lang='lat' dir='ltr'>Pr.‚</span> <span class='ocrx_word' id='word_1_532' title='bbox 2311 3465 2481 3538; x_wconf 82' lang='lat' dir='ltr'>cujus</span> <span class='ocrx_word' id='word_1_533' title='bbox 2526 3468 2618 3522; x_wconf 85' lang='lat' dir='ltr'>est</span> <span class='ocrx_word' id='word_1_534' title='bbox 2656 3462 2988 3537; x_wconf 74' lang='lat' dir='ltr'>Theoloyiae</span> 
     </span>
     <span class='ocr_line' id='line_1_64' title="bbox 1701 3550 2987 3635; baseline -0.008 -19"><span class='ocrx_word' id='word_1_535' title='bbox 1701 3560 1952 3635; x_wconf 77' lang='lat' dir='ltr'>yentium</span> <span class='ocrx_word' id='word_1_536' title='bbox 2014 3557 2082 3612; x_wconf 88' lang='lat' dir='ltr'>de</span> <span class='ocrx_word' id='word_1_537' title='bbox 2144 3554 2480 3629; x_wconf 75' lang='lat' dir='ltr'>cognitione</span> <span class='ocrx_word' id='word_1_538' title='bbox 2544 3550 2987 3609; x_wconf 84' lang='lat' dir='ltr'>ennarrationes</span> 
     </span>
     <span class='ocr_line' id='line_1_65' title="bbox 1706 3634 2988 3721; baseline -0.006 -16"><span class='ocrx_word' id='word_1_539' title='bbox 1706 3634 1987 3721; x_wconf 57' lang='lat' dir='ltr'>quinque,</span> <span class='ocrx_word' id='word_1_540' title='bbox 2023 3644 2241 3717; x_wconf 90' lang='lat' dir='ltr'>quibus</span> <span class='ocrx_word' id='word_1_541' title='bbox 2289 3646 2414 3701; x_wconf 82' lang='lat' dir='ltr'>tota</span> <span class='ocrx_word' id='word_1_542' title='bbox 2446 3642 2718 3717; x_wconf 86' lang='lat' dir='ltr'>gentium</span> <span class='ocrx_word' id='word_1_543' title='bbox 2766 3638 2838 3696; x_wconf 90' lang='lat' dir='ltr'>de</span> <span class='ocrx_word' id='word_1_544' title='bbox 2870 3640 2988 3697; x_wconf 90' lang='lat' dir='ltr'>Deo</span> 
     </span>
     <span class='ocr_line' id='line_1_66' title="bbox 1705 3728 2985 3811; baseline -0.009 -17"><span class='ocrx_word' id='word_1_545' title='bbox 1705 3734 1966 3811; x_wconf 87' lang='lat' dir='ltr'>cognitio</span> <span class='ocrx_word' id='word_1_546' title='bbox 1989 3733 2333 3807; x_wconf 84' lang='lat' dir='ltr'>explicatur,</span> <span class='ocrx_word' id='word_1_547' title='bbox 2369 3730 2632 3789; x_wconf 88' lang='lat' dir='ltr'>Venetiis</span> <span class='ocrx_word' id='word_1_548' title='bbox 2667 3738 2820 3791; x_wconf 88' lang='grc'>1631</span> <span class='ocrx_word' id='word_1_549' title='bbox 2846 3728 2907 3785; x_wconf 92' lang='lat' dir='ltr'>in</span> <span class='ocrx_word' id='word_1_550' title='bbox 2931 3737 2985 3789; x_wconf 85' lang='lat'>4.</span> 
     </span>
     <span class='ocr_line' id='line_1_67' title="bbox 1708 3817 2991 3881; baseline -0.007 0"><span class='ocrx_word' id='word_1_551' title='bbox 1708 3860 1791 3869; x_wconf 92' lang='lat'>—-</span> <span class='ocrx_word' id='word_1_552' title='bbox 1827 3825 2093 3881; x_wconf 87' lang='lat' dir='ltr'>Cosmam</span> <span class='ocrx_word' id='word_1_553' title='bbox 2138 3820 2546 3879; x_wconf 87' lang='lat' dir='ltr'>Alamanni</span> <span class='ocrx_word' id='word_1_554' title='bbox 2580 3819 2633 3876; x_wconf 89' lang='lat' dir='ltr'>S.</span> <span class='ocrx_word' id='word_1_555' title='bbox 2668 3818 2721 3876; x_wconf 89' lang='lat' dir='ltr'>J.</span> <span class='ocrx_word' id='word_1_556' title='bbox 2769 3817 2991 3875; x_wconf 88' lang='lat' dir='ltr'>medio-</span> 
     </span>
     <span class='ocr_line' id='line_1_68' title="bbox 1707 3911 2993 3985; baseline -0.007 -14"><span class='ocrx_word' id='word_1_557' title='bbox 1707 3915 2023 3980; x_wconf 78' lang='lat' dir='ltr'>lanensem,</span> <span class='ocrx_word' id='word_1_558' title='bbox 2083 3911 2187 3985; x_wconf 89' lang='lat' dir='ltr'>qui</span> <span class='ocrx_word' id='word_1_559' title='bbox 2234 3929 2417 3968; x_wconf 87' lang='lat' dir='ltr'>annos</span> <span class='ocrx_word' id='word_1_560' title='bbox 2479 3911 2658 3967; x_wconf 83' lang='lat' dir='ltr'>natus</span> <span class='ocrx_word' id='word_1_561' title='bbox 2717 3918 2792 3968; x_wconf 90' lang='grc'>16</span> <span class='ocrx_word' id='word_1_562' title='bbox 2859 3925 2993 3963; x_wconf 87' lang='lat' dir='ltr'>cum</span> 
     </span>
     <span class='ocr_line' id='line_1_69' title="bbox 1711 3997 2996 4079; baseline -0.009 -18"><span class='ocrx_word' id='word_1_563' title='bbox 1711 4007 1968 4079; x_wconf 86' lang='lat' dir='ltr'>quatuor</span> <span class='ocrx_word' id='word_1_564' title='bbox 2016 4000 2297 4058; x_wconf 84' lang='lat' dir='ltr'>fratribus</span> <span class='ocrx_word' id='word_1_565' title='bbox 2350 3999 2692 4057; x_wconf 83' lang='lat' dir='ltr'>societatem</span> <span class='ocrx_word' id='word_1_566' title='bbox 2727 3997 2872 4055; x_wconf 62' lang='lat' dir='ltr'>«lesu</span> <span class='ocrx_word' id='word_1_567' title='bbox 2906 3999 2996 4051; x_wconf 81' lang='lat' dir='ltr'>est</span> 
     </span>
    </p>
   </div>
   <div class='ocr_carea' id='block_1_9' title="bbox 1711 4123 2030 4134">
    <p class='ocr_par' dir='ltr' id='par_1_12' title="bbox 1711 4123 2030 4134">
     <span class='ocr_line' id='line_1_70' title="bbox 1711 4123 2030 4134; baseline 0 1059"><span class='ocrx_word' id='word_1_568' title='bbox 1711 4123 2030 4134; x_wconf 95' lang='lat' dir='ltr'> </span> 
     </span>
    </p>
   </div>
   <div class='ocr_carea' id='block_1_10' title="bbox 1711 4165 3003 4869">
    <p class='ocr_par' dir='ltr' id='par_1_13' title="bbox 1711 4165 3003 4741">
     <span class='ocr_line' id='line_1_71' title="bbox 1787 4165 2991 4237; baseline -0.007 -13"><span class='ocrx_word' id='word_1_569' title='bbox 1787 4179 1825 4237; x_wconf 83' lang='lat'>¹)</span> <span class='ocrx_word' id='word_1_570' title='bbox 1854 4171 2033 4224; x_wconf 87' lang='lat' dir='ltr'>Feller</span> <span class='ocrx_word' id='word_1_571' title='bbox 2051 4170 2144 4234; x_wconf 83' lang='lat'>111,</span> <span class='ocrx_word' id='word_1_572' title='bbox 2160 4174 2289 4226; x_wconf 82' lang='lat'>374:</span> <span class='ocrx_word' id='word_1_573' title='bbox 2310 4169 2388 4229; x_wconf 78' lang='grc' dir='ltr'>..Π</span> <span class='ocrx_word' id='word_1_574' title='bbox 2405 4168 2654 4221; x_wconf 76' lang='lat' dir='ltr'>meritait</span> <span class='ocrx_word' id='word_1_575' title='bbox 2671 4168 2815 4219; x_wconf 82' lang='lat' dir='ltr'>cette</span> <span class='ocrx_word' id='word_1_576' title='bbox 2834 4165 2991 4233; x_wconf 86' lang='lat' dir='ltr'>place</span> 
     </span>
     <span class='ocr_line' id='line_1_72' title="bbox 1711 4236 2988 4313; baseline -0.008 -16"><span class='ocrx_word' id='word_1_577' title='bbox 1711 4262 1817 4313; x_wconf 83' lang='lat' dir='ltr'>par</span> <span class='ocrx_word' id='word_1_578' title='bbox 1843 4259 1924 4295; x_wconf 83' lang='lat' dir='ltr'>ses</span> <span class='ocrx_word' id='word_1_579' title='bbox 1951 4241 2213 4294; x_wconf 76' lang='lat' dir='ltr'>lumieres</span> <span class='ocrx_word' id='word_1_580' title='bbox 2241 4244 2293 4293; x_wconf 84' lang='lat' dir='ltr'>et</span> <span class='ocrx_word' id='word_1_581' title='bbox 2322 4258 2423 4293; x_wconf 87' lang='lat' dir='ltr'>son</span> <span class='ocrx_word' id='word_1_582' title='bbox 2452 4239 2567 4293; x_wconf 78' lang='lat' dir='ltr'>zele</span> <span class='ocrx_word' id='word_1_583' title='bbox 2596 4255 2739 4306; x_wconf 89' lang='lat' dir='ltr'>pour</span> <span class='ocrx_word' id='word_1_584' title='bbox 2766 4236 2988 4289; x_wconf 84' lang='lat' dir='ltr'>l’ortho-</span> 
     </span>
     <span class='ocr_line' id='line_1_73' title="bbox 1713 4305 2997 4386; baseline -0.009 -18"><span class='ocrx_word' id='word_1_585' title='bbox 1713 4315 1889 4368; x_wconf 82' lang='lat' dir='ltr'>doxie.</span> <span class='ocrx_word' id='word_1_586' title='bbox 1918 4313 1965 4366; x_wconf 90' lang='grc' dir='ltr'>ΙΙ</span> <span class='ocrx_word' id='word_1_587' title='bbox 1992 4313 2082 4365; x_wconf 86' lang='lat' dir='ltr'>fut</span> <span class='ocrx_word' id='word_1_588' title='bbox 2107 4331 2182 4365; x_wconf 91' lang='lat' dir='ltr'>un</span> <span class='ocrx_word' id='word_1_589' title='bbox 2209 4312 2305 4365; x_wconf 86' lang='lat' dir='ltr'>des</span> <span class='ocrx_word' id='word_1_590' title='bbox 2333 4311 2541 4380; x_wconf 78' lang='lat' dir='ltr'>grands</span> <span class='ocrx_word' id='word_1_591' title='bbox 2560 4306 2903 4386; x_wconf 28' lang='lat' dir='ltr'>adversavi-res</span> <span class='ocrx_word' id='word_1_592' title='bbox 2930 4305 2997 4356; x_wconf 90' lang='lat' dir='ltr'>de</span> 
     </span>
     <span class='ocr_line' id='line_1_74' title="bbox 1714 4377 2995 4445; baseline -0.011 -6"><span class='ocrx_word' id='word_1_593' title='bbox 1714 4386 1917 4439; x_wconf 87' lang='lat' dir='ltr'>Richer</span> <span class='ocrx_word' id='word_1_594' title='bbox 1966 4388 2024 4437; x_wconf 87' lang='lat' dir='ltr'>et</span> <span class='ocrx_word' id='word_1_595' title='bbox 2071 4385 2147 4437; x_wconf 86' lang='lat' dir='ltr'>du</span> <span class='ocrx_word' id='word_1_596' title='bbox 2197 4382 2537 4441; x_wconf 78' lang='lat' dir='ltr'>richerisme,</span> <span class='ocrx_word' id='word_1_597' title='bbox 2589 4381 2661 4432; x_wconf 87' lang='lat' dir='ltr'>Le</span> <span class='ocrx_word' id='word_1_598' title='bbox 2713 4377 2995 4445; x_wconf 76' lang='lat' dir='ltr'>judimeux</span> 
     </span>
     <span class='ocr_line' id='line_1_75' title="bbox 1715 4453 2999 4515; baseline -0.01 -5"><span class='ocrx_word' id='word_1_599' title='bbox 1715 4459 1947 4512; x_wconf 86' lang='lat' dir='ltr'>docteur</span> <span class='ocrx_word' id='word_1_600' title='bbox 1973 4458 2189 4509; x_wconf 87' lang='lat' dir='ltr'>connut</span> <span class='ocrx_word' id='word_1_601' title='bbox 2233 4457 2419 4507; x_wconf 82' lang='lat' dir='ltr'>tontes</span> <span class='ocrx_word' id='word_1_602' title='bbox 2466 4453 2544 4505; x_wconf 89' lang='lat' dir='ltr'>les</span> <span class='ocrx_word' id='word_1_603' title='bbox 2588 4463 2999 4515; x_wconf 82' lang='lat' dir='ltr'>consequences</span> 
     </span>
     <span class='ocr_line' id='line_1_76' title="bbox 1715 4521 2999 4598; baseline -0.01 -17"><span class='ocrx_word' id='word_1_604' title='bbox 1715 4530 1790 4581; x_wconf 84' lang='lat' dir='ltr'>du</span> <span class='ocrx_word' id='word_1_605' title='bbox 1822 4526 2239 4593; x_wconf 75' lang='lat' dir='ltr'>democratique</span> <span class='ocrx_word' id='word_1_606' title='bbox 2268 4527 2508 4593; x_wconf 71' lang='lat' dir='ltr'>systema</span> <span class='ocrx_word' id='word_1_607' title='bbox 2537 4523 2603 4576; x_wconf 90' lang='lat' dir='ltr'>de</span> <span class='ocrx_word' id='word_1_608' title='bbox 2632 4537 2693 4573; x_wconf 88' lang='lat' dir='ltr'>ce</span> <span class='ocrx_word' id='word_1_609' title='bbox 2721 4521 2999 4598; x_wconf 78' lang='lat' dir='ltr'>novateur</span> 
     </span>
     <span class='ocr_line' id='line_1_77' title="bbox 1716 4589 3003 4668; baseline -0.01 -15"><span class='ocrx_word' id='word_1_610' title='bbox 1716 4599 1931 4668; x_wconf 85' lang='lat' dir='ltr'>syndic‚</span> <span class='ocrx_word' id='word_1_611' title='bbox 1960 4601 2017 4652; x_wconf 87' lang='lat' dir='ltr'>et</span> <span class='ocrx_word' id='word_1_612' title='bbox 2040 4597 2292 4651; x_wconf 86' lang='lat' dir='ltr'>combien</span> <span class='ocrx_word' id='word_1_613' title='bbox 2319 4593 2687 4648; x_wconf 84' lang='lat' dir='ltr'>directement</span> <span class='ocrx_word' id='word_1_614' title='bbox 2710 4591 2757 4645; x_wconf 90' lang='lat' dir='ltr'>il</span> <span class='ocrx_word' id='word_1_615' title='bbox 2782 4589 3003 4644; x_wconf 70' lang='lat' dir='ltr'>tendant</span> 
     </span>
     <span class='ocr_line' id='line_1_78' title="bbox 1717 4663 2901 4741; baseline -0.01 -16"><span class='ocrx_word' id='word_1_616' title='bbox 1717 4676 1749 4725; x_wconf 69' lang='lat' dir='ltr'>a</span> <span class='ocrx_word' id='word_1_617' title='bbox 1774 4688 1883 4724; x_wconf 88' lang='lat' dir='ltr'>une</span> <span class='ocrx_word' id='word_1_618' title='bbox 1910 4668 2259 4723; x_wconf 86' lang='lat' dir='ltr'>destruction</span> <span class='ocrx_word' id='word_1_619' title='bbox 2288 4667 2464 4720; x_wconf 85' lang='lat' dir='ltr'>totale</span> <span class='ocrx_word' id='word_1_620' title='bbox 2491 4665 2560 4718; x_wconf 86' lang='lat' dir='ltr'>de</span> <span class='ocrx_word' id='word_1_621' title='bbox 2586 4663 2901 4741; x_wconf 44' lang='lat' dir='ltr'>l&#39;Eglisestn</span> 
     </span>
    </p>

    <p class='ocr_par' dir='ltr' id='par_1_14' title="bbox 1719 4728 3003 4869">
     <span class='ocr_line' id='line_1_79' title="bbox 1791 4728 3003 4809; baseline -0.011 -15"><span class='ocrx_word' id='word_1_622' title='bbox 1791 4749 1832 4809; x_wconf 70' lang='lat'>⁹)</span> <span class='ocrx_word' id='word_1_623' title='bbox 1860 4739 2207 4794; x_wconf 72' lang='lat' dir='ltr'>zaccaria</span> <span class='ocrx_word' id='word_1_624' title='bbox 2247 4739 2306 4791; x_wconf 92' lang='lat' dir='ltr'>in</span> <span class='ocrx_word' id='word_1_625' title='bbox 2352 4739 2542 4790; x_wconf 85' lang='lat' dir='ltr'>annot.</span> <span class='ocrx_word' id='word_1_626' title='bbox 2588 4735 2659 4789; x_wconf 84' lang='lat' dir='ltr'>ad</span> <span class='ocrx_word' id='word_1_627' title='bbox 2689 4735 2903 4787; x_wconf 83' lang='lat' dir='ltr'>Petavn</span> <span class='ocrx_word' id='word_1_628' title='bbox 2934 4728 3003 4783; x_wconf 88' lang='lat' dir='ltr'>de</span> 
     </span>
     <span class='ocr_line' id='line_1_80' title="bbox 1719 4810 2479 4869; baseline -0.008 -1"><span class='ocrx_word' id='word_1_629' title='bbox 1719 4814 1933 4868; x_wconf 80' lang='lat' dir='ltr'>Hierar.</span> <span class='ocrx_word' id='word_1_630' title='bbox 1961 4811 2148 4865; x_wconf 82' lang='lat' dir='ltr'>eccles.</span> <span class='ocrx_word' id='word_1_631' title='bbox 2176 4810 2221 4863; x_wconf 92' lang='lat' dir='ltr'>l.</span> <span class='ocrx_word' id='word_1_632' title='bbox 2246 4816 2293 4869; x_wconf 76' lang='lat'>3.</span> <span class='ocrx_word' id='word_1_633' title='bbox 2324 4827 2365 4863; x_wconf 84' lang='lat' dir='ltr'>e.</span> <span class='ocrx_word' id='word_1_634' title='bbox 2397 4814 2479 4865; x_wconf 78' lang='lat'>14.</span> 
     </span>
    </p>
   </div>
   <div class='ocr_carea' id='block_1_11' title="bbox 2567 4901 2633 4952">
    <p class='ocr_par' dir='ltr' id='par_1_15' title="bbox 2567 4901 2633 4952">
     <span class='ocr_line' id='line_1_81' title="bbox 2567 4901 2633 4952; baseline -0.03 0"><span class='ocrx_word' id='word_1_635' title='bbox 2567 4901 2633 4952; x_wconf 76' lang='lat'>21</span> 
     </span>
    </p>
   </div>
  </div>
 </body>
</html>
