3625 5193
596 252 758 308 1007
828 239 1198 293 1641—1663.
1227 233 1418 288 Theol.
1445 233 1560 302 pol.
1587 233 1646 286 in
1676 233 1910 303 Anglia.
1947 230 2307 297 Fita-Simon,
2334 230 2751 300 Walsingham,
2776 232 2974 302 Floyd‚
3050 253 3216 305 1003

586 422 777 480 nister
790 420 1152 497 anglicanus,
1177 418 1282 493 qui
1303 418 1441 476 dein
1462 417 1536 476 ad
1551 417 1872 476 Ecclesiam
1930 418 2166 476 Praeter
2210 418 2500 476 nonnulla
2514 413 2560 497 ¹)
2607 419 2838 494 anglice
2884 420 3223 494 conscripta

588 510 821 569 rediens
866 510 930 567 in
972 508 1146 567 vinea
1177 507 1414 566 Domini
1451 515 1529 568 40
1581 527 1630 565 a.
1679 507 1872 582 spatio
1928 506 2114 565 edidit
2148 506 2492 584 catalogum
2537 507 2990 584 praecipuorum
3038 509 3220 567 Sanc·

586 599 856 677 gnaviter
886 600 947 658 et
991 598 1295 656 fructuose
1342 596 1632 655 laboravit
1673 591 1735 675 (†
1774 604 1870 657 17.
1926 599 2127 654 torum
2178 595 2520 665 Hiberniae,
2572 596 2771 655 Leodii
2829 607 3017 666 1619,
3069 602 3133 656 et
3184 600 3221 657 l.

585 691 724 764 Apr.
766 682 981 767 1643),
1029 703 1347 763 suppresso
1378 685 1621 743 nomine
1651 684 1870 745 edidit:
1928 684 2236 762 egregium
2269 684 2587 761 magnique
2632 686 2839 761 pretii:
2891 686 3218 746 Britanno-

597 779 711 836 The
741 777 910 851 triple
941 776 1113 850 Coo-d,
1167 794 1234 834 or
1263 795 1297 832 a
1327 774 1590 833 Treatise
1618 774 1874 851 proving
1928 774 2155 833 machia
2186 775 2589 833 ministrorum
2622 774 2684 832 in
2728 775 3032 851 plerisque
3080 778 3223 836 fidei

583 868 686 926 the
718 866 890 924 truth
922 865 988 924 of
1011 865 1113 923 the
1145 865 1384 922 Romam
1416 863 1679 923 Catholic
1710 862 1870 921 Beli·
1928 862 2329 922 fundamentis
2359 866 2422 920 et
2451 861 2589 921 fidei
2620 864 2892 923 articulis
2925 864 3220 925 dissiden-

583 957 726 1034 gion
757 954 837 1031 by
867 955 969 1013 the
1001 953 1186 1023 Bible‚
1223 971 1285 1011 as
1316 952 1626 1028 explained
1657 951 1740 1028 by
1769 952 1872 1010 the
1925 953 2098 1023 tium,
2149 953 2334 1011 Duaci
2385 961 2553 1014 1614
2603 952 2667 1011 in
2714 963 2771 1015 4.
2816 986 2905 998 ·-
2953 954 3221 1014 Joannes

585 1046 739 1121 Holy
785 1044 1060 1111 Fathers,
1107 1042 1224 1101 and
1271 1059 1335 1100 as
1380 1040 1747 1117 interpreted
1789 1040 1873 1118 by
1930 1042 2151 1100 Price
2173 1036 2548 1121 (1576—27
2572 1042 2741 1104 Febr.
2770 1038 2965 1123 1645)
2993 1046 3221 1103 multos

583 1132 938 1193 Protestand
959 1130 1227 1201 Writers,
1261 1130 1582 1190 Audomari
1610 1138 1774 1193 1634
1806 1131 1873 1189 in
1928 1131 2253 1207 Anglorum
2277 1129 2350 1188 ad
2369 1149 2568 1189 veram
2588 1130 2826 1190 reduxit
2838 1132 3035 1195 fidem.
3069 1134 3220 1209 Ejus

585 1232 658 1293 43
698 1223 817 1281 The
845 1220 1122 1298 Proyem‘e
1164 1222 1238 1295 of
1261 1220 1544 1278 catholice
1573 1220 1693 1278 and
1725 1220 1870 1278 Pro·
1928 1224 2021 1278 est
2036 1219 2514 1278 Anti-Mortonus
2546 1237 2590 1278 s.
2624 1220 2662 1278 1.
2698 1230 2884 1284 1640.
2923 1255 3010 1265 -
3030 1222 3219 1281 Fran-

584 1319 837 1386 testantS,
870 1311 1178 1386 Rotomagi
1218 1317 1382 1372 1633
1422 1308 1485 1367 in
1520 1317 1556 1370 4
1592 1328 1689 1385 pp.
1724 1320 1780 1372 5.
1927 1308 2121 1368 ciscus
2181 1308 2739 1384 Walsingham,
2803 1310 2999 1385 patria
3061 1312 3215 1371 Nor-

679 1498 823 1550 426.
846 1489 1137 1548 Henricus
1165 1487 1365 1546 Fitz-
1384 1487 1643 1545 Simon
1659 1486 1870 1544 Dubli-

584 1577 789 1636 nensis
821 1597 881 1637 n.
921 1587 1018 1640 31.
1052 1577 1187 1652 Maj.
1226 1585 1413 1644 1566,
1461 1576 1525 1633 in
1550 1576 1871 1650 juventute

587 1666 1053 1742 protestantium
1097 1664 1409 1723 fraudibus
1457 1664 1573 1724 fuit
1619 1665 1870 1722 circum-

587 1757 801 1814 ventus
833 1758 1013 1830 atque
1046 1754 1233 1813 errori
1266 1753 1564 1812 ferventer
1581 1752 1871 1811 adhaesit:

587 1844 689 1902 ubi
725 1862 863 1902 vero
884 1844 1156 1902 veritatis
1189 1843 1390 1901 lumen
1423 1843 1514 1901 illi
1545 1842 1764 1912 illuxit,
1798 1843 1870 1901 ad

587 1932 907 1991 Ecclesiam
961 1951 1021 1991 se
1061 1930 1299 2007 recepit.
1365 1931 1443 1989 Ut
1471 1933 1599 2007 jam
1650 1931 1873 2006 quibus

586 2021 727 2079 olim
760 2020 975 2079 damno
1019 2021 1213 2080 fuerat
1245 2020 1370 2079 suis
1416 2019 1713 2096 exempliS,
1763 2020 1872 2079 iis-

587 2109 717 2169 dem
751 2128 962 2168 rursus
1007 2114 1167 2169 esset
1197 2109 1500 2168 commodo
1534 2110 1610 2169 ad
1656 2110 1871 2186 sempi-

587 2205 817 2258 ternam
851 2201 1121 2271 salutem,
1156 2198 1492 2257 incredibili
1521 2198 1873 2258 fortitudine

588 2294 648 2347 et
669 2290 899 2348 fervore
920 2289 1182 2364 captavit
1213 2289 1574 2347 occasionem
1594 2306 1727 2347 cum
1748 2306 1872 2345 sec-

589 2379 877 2437 tariorum
896 2377 1191 2436 ministris
1225 2396 1331 2436 seu
1353 2377 1590 2453 publice
1624 2395 1729 2435 seu
1747 2376 1872 2452 pri-

589 2468 771 2527 vatim
807 2467 1213 2527 concurrendi.
1251 2466 1472 2524 Verum
1504 2467 1713 2541 captus
1745 2468 1875 2525 toto

590 2556 1000 2632 quinquennio
1048 2554 1351 2614 detinetur
1398 2555 1458 2613 in
1497 2573 1627 2614 arce
1674 2554 1873 2613 dubli-

588 2647 776 2714 nensi,
812 2665 877 2704 ac
910 2644 1147 2703 demum
1181 2644 1463 2702 dimissus
1505 2645 1569 2702 in
1600 2644 1873 2701 exsilium

590 2723 676 2792 ire
701 2735 966 2810 jubetur.
1020 2733 1164 2791 Post
1208 2734 1410 2808 plures
1458 2751 1642 2790 annos
1689 2732 1874 2790 redux

588 2823 653 2880 in
685 2822 1032 2880 Hiberniam
1065 2822 1171 2879 diu
1203 2821 1266 2878 in
1299 2821 1404 2878 illa
1423 2820 1594 2879 vinea
1625 2824 1686 2879 et
1716 2821 1873 2879 fruc-

589 2915 762 2969 tuose
795 2910 1097 2970 laboravit.
1133 2909 1390 2968 Tandem
1412 2910 1592 2969 silvas
1625 2928 1874 2968 acmon-

589 3005 680 3057 tes
725 3000 787 3056 in
836 3000 1044 3058 affecta
1088 3000 1279 3057 aetate
1323 3002 1662 3075 perreptare
1712 3018 1875 3057 com-

589 3088 822 3164 pulsus,
870 3091 940 3146 ut
971 3108 1005 3146 a
1035 3091 1337 3165 grassante
1382 3088 1571 3146 milite
1616 3089 1877 3147 securior

591 3169 762 3247 esset,
811 3182 999 3236 totam
1031 3177 1281 3236 hiemem
1319 3178 1382 3235 in
1416 3178 1540 3236 loco
1587 3176 1875 3253 paludoso

589 3267 748 3326 intra
806 3266 1121 3344 tugurium
1187 3267 1382 3325 ventis
1463 3266 1875 3340 imbribusque

589 3360 856 3433 apertum
892 3356 1205 3432 transegit,
1239 3360 1419 3430 atque
1451 3356 1537 3413 ita
1568 3356 1876 3414 laboribus

589 3449 974 3522 consumptus
995 3445 1067 3503 ad
1099 3450 1396 3504 aeternam
1417 3445 1679 3519 requiem
1711 3448 1875 3502 tran-

591 3535 690 3593 siit
730 3536 996 3598 29.N0v.
1041 3543 1205 3596 1643
1233 3531 1351 3614 (vel
1397 3534 1630 3594 1.Febr.
1663 3529 1873 3613 1644).

589 3731 843 3856 ἒῖἶῗῗὲἓὲ.
867 3729 1564 3881 Σὲἕέἓὲἰῗῗῃῖξῖᾃῗὲι
1582 3729 1732 3855 {¹023
1748 3732 1876 3870 {30¹3

591 3873 699 3925 diit
718 3873 894 3927 editio
915 3877 1086 3925 aucta.
1115 3875 1253 3928 1608
1279 3890 1338 3924 1n
1357 3877 1421 3928 4:
1448 3872 1626 3925 latine
1649 3871 1875 3925 Parisiis

593 3948 748 4003 1615,
790 3943 857 3995 de
886 3960 999 4010 qua
1037 3943 1120 3995 ita
1146 3942 1340 3996 scribit
1363 3943 1586 3997 Racss
1621 3943 1711 3997 die
1739 3943 1877 3996 Con-

591 4012 836 4066 vertiten
867 4014 932 4076 V,
956 4017 1095 4069 434·
1127 4014 1320 4074 „Scine
1347 4015 1625 4095 Apologie
1650 4014 1877 4067 machte

593 4089 763 4136 unter
798 4084 909 4137 den
936 4083 1334 4140 Protestanten
1377 4086 1469 4138 ein
1496 4100 1712 4166 grosses
1739 4086 1877 4137 Auf-

593 4155 783 4219 sehen,
825 4156 953 4209 weil
993 4171 1054 4208 er
1094 4155 1272 4210 durch
1312 4157 1401 4210 die
1438 4155 1739 4223 Zeugnisse
1780 4156 1879 4210 der

592 4227 883 4296 gelehrten
909 4228 1144 4281 Manner
1170 4228 1268 4282 der
1295 4226 1728 4282 verschiedenen
1754 4244 1877 4296 pro·

594 4299 1004 4353 testantischen
1055 4298 1258 4352 Secten
1319 4299 1410 4352 die
1475 4297 1877 4353 katholischen

593 4368 856 4440 Dogmen‚
875 4371 1204 4424 Gebrauche
1232 4370 1348 4424 und
1368 4369 1771 4424 Institutionen
1797 4387 1877 4422 er-

592 4440 830 4496 hartete.
873 4441 998 4494 Und
1031 4441 1292 4495 wirklich
1332 4444 1567 4495 mussten
1594 4440 1672 4493 sie
1711 4441 1877 4495 noth-

591 4512 922 4582 gedrungen
963 4513 1142 4566 dieses
1167 4511 1346 4566 Werk
1386 4511 1471 4565 als
1510 4512 1601 4566 ein
1629 4512 1877 4566 Meister-

594 4583 756 4635 stssck
772 4583 870 4636 der
883 4583 1200 4648 Erudition,
1219 4584 1318 4637 der
1331 4583 1619 4652 leg-lachen
1630 4582 1876 4648 Scharfe,

593 4652 693 4704 der
735 4654 1294 4718 gewissenhaftesten
1338 4654 1725 4779 Genauigkeit
1761 4626 1876 4707 und

595 4722 692 4774 der
716 4740 775 4774 so
804 4724 1057 4777 seltenen
1083 4725 1465 4792 polemischen
1487 4725 1565 4780 Po

596 4791 876 4845 erkenneu
905 4795 1040 4847 etc.“

1926 1398 2208 1457 thumber
2242 1391 2329 1477 (n.
2359 1415 2406 1456 c.
2446 1391 2644 1480 1582)
2676 1398 2740 1456 in
2770 1418 2965 1458 errore
3001 1400 3219 1459 educa-

1927 1491 2027 1546 tus
2078 1490 2257 1561 atque
2305 1486 2736 1546 haereticorum
2795 1489 2922 1547 ritu
2982 1493 3216 1548 creatus

1927 1576 2210 1634 diaconus
2241 1576 2452 1634 multis
2471 1575 2643 1634 annis
2664 1580 2855 1635 sectae
2879 1580 3218 1653 protestan-

1926 1665 2077 1724 tium
2110 1664 2322 1724 zelotes
2353 1664 2487 1724 fuit.
2528 1664 2747 1724 Verum
2779 1668 2935 1725 mira
2964 1668 3215 1736 ratione,

1929 1754 2180 1813 lectione
2232 1754 2356 1812 scil.
2406 1753 2548 1812 libri
2594 1754 2667 1813 de
2714 1756 3138 1815 controversiis
3182 1778 3216 1813 a

1928 1844 1990 1901 P.
2026 1843 2303 1901 Personio
2349 1841 2494 1901 editi
2544 1848 2848 1917 permotus
2892 1846 2965 1903 ad
3015 1845 3212 1921 inqui·

1927 1931 2168 1991 rendam
2190 1932 2519 2001 veritatem,
2553 1932 2721 1991 illam
2741 1929 3068 2015 agnoviv).
3100 1934 3214 1993 Ro·

1929 2040 2084 2079 mam
2117 2039 2180 2079 se
2213 2021 2487 2089 contulit,
2541 2021 2877 2097 studiisque
2923 2023 3215 2082 absolutis

1930 2111 1992 2169 in
2024 2110 2275 2186 patriam
2296 2109 2492 2183 rediit,
2526 2110 2632 2169 ubi
2667 2120 2746 2173 32
2774 2130 2959 2170 annos
2979 2112 3215 2170 vineam

1930 2200 2080 2257 hanc
2110 2217 2324 2275 magno
2356 2200 2482 2257 zelo
2527 2203 2706 2274 atque
2739 2200 2941 2260 fructu
2986 2200 3216 2276 copioso

1929 2283 2260 2367 excoluit⁸).
2308 2288 2412 2346 Vir
2453 2288 2571 2347 fuit
2616 2289 2886 2349 moribus
2931 2290 3214 2349 suavissi-

1932 2378 2040 2435 mis
2090 2380 2269 2452 atque
2319 2377 2663 2436 columbina
2720 2379 3105 2455 simplicitate
3155 2375 3216 2458 (†

1938 2478 1988 2528 1.
2021 2467 2143 2525 Jul.
2180 2474 2344 2529 1647
2382 2468 2843 2542 septuagenario
2875 2462 3105 2547 major).
3129 2502 3217 2512 —-

1929 2556 2178 2616 Biennio
2212 2561 2348 2632 post
2381 2550 2509 2637 (16.
2544 2556 2703 2632 Sept.
2742 2554 2939 2638 1649)
2977 2556 3051 2615 ad
3084 2576 3216 2617 coe-

1931 2647 2140 2705 lestem
2172 2644 2500 2704 mercedem
2547 2649 2787 2705 vocatus
2832 2650 2923 2705 est
2952 2647 2991 2705 J
2994 2665 3215 2705 oannes

1931 2736 2059 2793 Flo
2074 2754 2113 2811 y
2128 2734 2167 2791 d
2187 2734 2709 2809 cantabrigiensis,
2742 2755 2850 2811 pro
2867 2736 2982 2794 fide
3004 2737 3069 2794 in
3090 2754 3215 2794 car·

1930 2842 2120 2883 cerem
2167 2823 2465 2891 detrusus,
2517 2825 2663 2883 mox'
2694 2826 2879 2896 exsul,
2926 2825 3032 2899 qui
3077 2824 3217 2883 dein

1930 2913 2103 2971 annis
2159 2913 2433 2988 pluribus
2494 2914 2853 2990 theologiam
2901 2913 3105 2972 docuit
3152 2915 3216 2972 in

1931 3002 2178 3079 collegio
2209 3003 2538 3079 Anglorum
2585 3003 2917 3061 lovaniensi
2962 3022 3027 3060 ac
3058 3004 3216 3060 mul-

1931 3095 2128 3150 torum
2154 3088 2225 3172 (c.
2248 3089 2355 3173 23)
2372 3090 2606 3149 exstitit
2629 3091 2916 3151 librorum
2947 3089 3217 3168 auctor⁴)

1930 3184 2062 3239 tum
2097 3176 2333 3262 (latine)
2357 3179 2640 3239 adversus
2660 3181 2735 3242 M.
2758 3183 2974 3239 Anton.
3007 3180 3079 3239 de
3101 3181 3216 3239 Do-

1932 3269 2123 3340 miniS,
2159 3273 2366 3329 contra
2398 3289 2572 3344 quem
2606 3275 2866 3345 quatuor
2895 3269 3101 3337 edidit,
3146 3273 3217 3327 ut

1931 3377 2017 3416 ex.
2064 3378 2149 3435 gr.
2198 3359 2544 3433 Respublica
2592 3360 2966 3417 ecclesiastica
3018 3359 3091 3415 M.
3143 3360 3210 3415 A.

1930 3447 2003 3505 de
2038 3449 2103 3509 D.
2133 3466 2239 3523 per
2269 3448 2467 3524 ipsum
2500 3468 2532 3505 a
2565 3447 2970 3507 fundamentis
2995 3467 3213 3510 eversa,

1932 3536 2198 3596 Coloniae
2241 3546 2399 3598 1622
2436 3537 2548 3596 sub
2578 3538 2813 3596 nomine
2845 3537 2967 3596 Fid.
2989 3537 3215 3595 Annosi

1934 3625 2375 3696 Verementani3
2426 3630 2555 3684 tum
2604 3622 2881 3708 (anglice)
2933 3625 3215 3684 adversus

2011 3799 2047 3866 ¹)
2076 3794 2157 3850 Cf.
2187 3795 2484 3862 Sotvellus‚
2514 3795 2839 3850 Sommervo
2884 3795 2936 3848 el
2964 3796 3059 3860 111,
3087 3799 3214 3852 766.

1932 3867 1993 3918 in
2009 3867 2206 3937 primis
2219 3867 2423 3920 Gillow
2443 3868 2506 3932 ss,
2519 3870 2649 3935 28&
2666 3866 2851 3922 Belles
2895 3866 3006 3921 eim
3017 3867 3214 3922 Gesch:

1933 3937 2030 3991 der
2056 3939 2213 3993 kath.
2237 3939 2303 3994 K.
2330 3938 2392 3992 in
2421 3940 2512 3993 Irl.
2545 3940 2608 4004 11,
2630 3942 2877 3994 241—45
2898 3959 2910 3998 ;
2935 3937 3025 4003 111,
3054 3941 3158 3996 689
3174 3956 3214 3991 s.

2014 4017 2051 4075 ²)
2074 4010 2211 4081 Ejus
2227 4010 2649 4065 conversionem
2668 4011 2904 4063 narrant
2917 4010 3217 4065 Sotvellus.

1934 4083 2107 4164 Raess
2145 4082 2234 4136 die
2262 4082 2625 4136 Convertiten
2660 4082 2752 4147 IV,
2780 4085 2885 4139 206
2906 4098 2975 4137 ss.
3014 4080 3217 4135 Fusius

1933 4171 2064 4209 vero
2092 4153 2213 4223 ipse
2237 4154 2296 4206 in
2326 4170 2527 4221 opere.
2557 4159 2606 4208 Δ
2632 4155 2829 4208 Search
2856 4159 2966 4208 into
2993 4155 3217 4208 Manere

1934 4231 1997 4296 of
2016 4228 2163 4294 Belia
2167 4245 2269 4295 aon,
2295 4224 2604 4279 Audomari
2632 4229 2772 4282 1609
2796 4224 2860 4277 in
2883 4229 2951 4289 4.
2989 4229 3130 4282 1615
3157 4223 3216 4276 in

1931 4302 1982 4354 4.
2011 4297 2158 4351 Hinc
2197 4314 2312 4350 non
2339 4296 2563 4350 videtur
2600 4297 2723 4367 ejus
2757 4296 3047 4350 conversio
3087 4295 3217 4349 assi·

1932 4368 2163 4438 gnanda
2202 4383 2250 4421 a.
2295 4372 2450 4432 1612,
2492 4372 2666 4436 prout
2703 4370 2903 4421 narrat
2940 4365 3007 4421 cl.
3046 4367 3217 4421 Raess

1931 4457 2121 4567 netssiei
2126 4457 2259 4574 ὣς.)
2220 4443 2377 4504 1600
2364 4456 2541 4563 (3υὲ
2550 4439 2780 4564 Βειὲκθι·
2803 4438 3216 4565 getaellilquanto

1933 4529 2007 4566 an
2301 4526 2415 4578 quo
2450 4527 2476 4564 s
2542 4528 2624 4566 un
2664 4528 2762 4565 um
2843 4526 2875 4564 o
2943 4526 2973 4565 e
3019 4528 3113 4563 um
3156 4527 3215 4563 in

1933 4583 2262 4638 societatem
2289 4580 2321 4635 J
2325 4597 2423 4635 esu
2450 4582 2565 4636 fuit
2587 4584 2863 4650 receptus.

2006 4654 2213 4724 ⁸)Ejus
2240 4668 2411 4721 opera
2431 4656 2725 4708 recensent
2739 4652 2910 4708 Raess
2935 4657 2993 4708 et
3008 4652 3218 4707 Backer

1588 4725 1755 4779 itesse
1780 4743 1878 4779 an·
1932 4661 2047 4788 ΙΙΙ,
2060 4728 2217 4782 1480.

2005 4799 2050 4866 4)
2077 4796 2161 4849 Cf.
2188 4795 2605 4865 Sommervogel
2630 4795 2726 4861 III,
2750 4798 3015 4852 812-18.
