3625 5193
584 223 706 277 495
964 208 1332 262 1601—1620.
1361 204 1415 258 S.
1442 203 1760 273 Scripturae
1786 205 2128 275 interpretes
2153 205 2214 258 in
2240 204 2393 274 Belg.
2424 203 2599 256 Luras
2625 203 2813 271 Brug.,

3074 221 3200 274 496

576 411 704 450 cam
719 389 770 474 ¹)
801 399 852 449 et
884 410 929 450 s.
963 392 1246 448 Joannem
1293 391 1604 450 continens
1652 391 1857 450 horum
1930 401 2091 455 1580
2142 391 2324 450 simul
2368 409 2503 449 cum
2536 391 2814 466 vulgatae
2845 392 3016 447 textu
3032 385 3076 469 ¹)
3112 408 3201 447 se-

577 481 839 556 propria,
873 499 925 537 v.
965 488 998 539 2
1035 480 1094 536 in
1127 479 1166 536 f.
1203 480 1280 537 ib.
1312 489 1758 543 1612-1616.
1791 480 1865 538 In
1921 480 2183 540 cundum
2227 479 2508 538 Hentenii
2557 475 2637 560 (p.
2678 475 2785 558 63)
2837 479 3200 537 emendatio·

575 570 732 627 hisce
763 568 1197 627 commentariis
1229 587 1422 644 neque
1454 569 1634 627 nimis
1665 570 1863 629 brevis
1920 590 2073 639 nem,
2118 578 2314 638 15833
2366 569 2602 643 Lipsiae
2642 578 2827 638 1657,
2861 568 3020 641 quod
3054 586 3203 642 opus

575 661 684 726 est,
718 677 910 733 neque
943 657 1123 716 etiam
1146 660 1380 733 praeter
1400 658 1639 717 modum
1659 659 1865 717 stilum
1921 659 2174 718 sixtinae
2206 658 2480 735 vulgatae
2511 657 2701 716 veluti
2748 656 3201 715 fundamentum

575 748 750 805 laxat.
784 747 853 805 In
888 747 1093 822 primis
1124 747 1344 805 nititur
1374 747 1690 807 verborum
1725 767 1862 806 sen·
1918 748 2050 817 fuit,
2113 750 2293 822 atque
2353 747 2613 806 omnium
2673 745 3201 814 accuratissimum,

578 854 712 895 sum
743 835 1051 911 proprium
1078 835 1473 894 determinare
1503 855 1569 894 ac
1602 839 1862 912 plerum·
1919 836 2078 912 quod
2110 837 2174 895 in
2206 837 2315 894 hoc
2346 855 2559 912 genere
2591 835 2898 902 habemus,
2932 833 3207 892 dicitura

576 945 692 1001 que
714 944 838 983 rem
858 943 966 984 acu
986 926 1183 1001 tangit
1193 919 1261 1007 ²).
1297 926 1726 985 Commentario
1743 926 1806 983 in
1825 935 1860 987 4

575 1014 886 1090 evangelia
920 1011 1204 1089 subjecit:
1239 1015 1530 1073 Notarum
1564 1014 1636 1073 ad
1669 1015 1860 1074 varias

576 1103 860 1161 lectiones
912 1103 977 1161 in
1010 1111 1048 1163 4
1102 1103 1434 1179 evangeliis
1487 1106 1862 1162 occurrentes

576 1192 816 1250 libellus
863 1191 1100 1266 duplex,
1151 1211 1406 1267 quorum
1450 1211 1571 1250 uno
1603 1211 1861 1268 graecae,

576 1281 764 1338 altero
829 1281 1046 1339 latinae
1109 1281 1424 1339 varietates
1474 1282 1861 1357 explicantur.

578 1370 660 1426 De
695 1369 802 1427 hoc
847 1370 931 1427 ita
978 1369 1188 1427 scribit
1233 1367 1626 1446 Millius³):
1673 1371 1765 1428 Fr.
1800 1371 1860 1428 L.

577 1459 901 1534 Brugensis
935 1458 1027 1516 vir
1058 1458 1118 1514 in
1154 1476 1316 1516 sacro
1350 1461 1520 1517 textu
1551 1477 1616 1517 ac
1649 1477 1862 1518 monu-

578 1546 792 1604 mentis
837 1549 1092 1621 'patrum
1145 1550 1206 1604 et
1254 1547 1318 1604 in
1367 1548 1476 1607 hoc
1507 1546 1861 1606 eruditionis

578 1654 793 1711 genere
827 1636 1001 1711 longe
1053 1654 1318 1693 summus
1353 1636 1424 1694 ad
1458 1636 1669 1694 calcem
1704 1654 1863 1695 com-

576 1723 853 1781 mentarii
899 1725 963 1782 in
1010 1733 1047 1786 4
1095 1725 1401 1800 evangelia
1434 1725 1662 1782 suffixit
1693 1725 1862 1783 libel·

578 1814 722 1881 lum,
758 1830 874 1888 quo
897 1812 1138 1888 quidem
1157 1812 1310 1871 nihil
1331 1817 1419 1872 est
1441 1813 1502 1872 in
1522 1813 1631 1872 hoc
1651 1833 1864 1890 genere

579 1901 809 1959 doctius
831 1906 890 1959 et
910 1901 1295 1963 elaboratiuS.
1331 1902 1537 1978 Neque
1558 1903 1715 1960 enim
1737 1903 1863 1962 loca

579 1989 867 2048 variantia
898 1991 1110 2049 leviter
1142 1990 1421 2067 attingit:
1457 1992 1646 2050 multo
1663 1991 1861 2050 minus

578 2082 813 2148 temere,
849 2079 963 2137 fide
995 2080 1189 2138 aliena
1221 2098 1329 2138 seu
1358 2080 1560 2155 potius
1593 2099 1660 2138 ex
1692 2100 1859 2155 prae-

569 2167 857 2243 judicatis
890 2168 1239 2228 notionibus
1272 2168 1343 2227 de
1377 2168 1451 2227 iis
1484 2170 1859 2244 pronunciat.

1920 925 2206 984 Richardo
2254 922 2575 1003 Simon2)‚
2623 927 2687 982 et
2717 923 3001 981 Millius
3033 923 3105 981 de
3137 941 3205 981 eo

1921 1016 1957 1073 l.
1991 1034 2036 1074 c.
2072 1014 2356 1073 affirmat:
2423 1013 2604 1081 ,Istis
2645 1013 2707 1071 in
2738 1012 3018 1071 lectiones
3052 1011 3205 1069 utri-

1919 1123 2109 1179 usque
2161 1103 2221 1160 T.
2274 1102 2766 1161 annotationibus
2829 1101 2977 1159 nihil
3031 1099 3205 1175 quid·

1919 1212 2096 1269 quam
2114 1194 2205 1250 est
2220 1191 2613 1249 accuratius.‘
2647 1191 2795 1249 Sane
2823 1190 3036 1266 ingens
3068 1207 3207 1247 auc·

1918 1287 2016 1340 tor
2046 1280 2310 1340 studium
2344 1280 2408 1338 in
2443 1280 2566 1339 suis
2606 1278 3017 1338 notationibus
3051 1279 3112 1336 in
3133 1297 3205 1335 ss.

1919 1370 2112 1428 Biblia
2160 1369 2449 1428 adhibuit.
2513 1367 2825 1427 Consuluit
2873 1367 3028 1425 enim
3091 1367 3203 1424 im-

1921 1477 2119 1534 pressa
2150 1458 2504 1532 exemplaria
2540 1466 2573 1520 8
2622 1457 2719 1515 vel
2767 1466 2823 1527 9,
2870 1456 3087 1530 scripta
3133 1455 3206 1512 ad

1920 1547 2231 1605 minimum
2269 1555 2385 1610 32:
2417 1545 2735 1621 praecipua
2768 1543 3205 1612 commentaria,

1921 1636 2159 1706 scholia,
2210 1635 2628 1693 translationes
2673 1634 2914 1709 primae,
2957 1633 3202 1702 mediae,

1921 1727 2252 1799 postremae
2286 1724 2496 1782 aetatis
2542 1727 2849 1782 auctorum
2882 1725 3008 1780 tam
3039 1740 3204 1797 grae·

1919 1832 2123 1871 corum
2144 1832 2320 1889 quam
2343 1813 2682 1883 latinorum,
2714 1812 2957 1886 insuper
2972 1813 3205 1869 textum

1918 1901 2545 1978 graecum‚syriacum,
2583 1900 2948 1970 chaldaeum,
2976 1899 3203 1957 hebrai-

1919 2009 2089 2060 cum;
2129 1994 2426 2066 postremo
2461 1990 2511 2048 si
2544 1989 2687 2064 quid
2720 1989 2813 2047 vel
2845 2007 2914 2046 ex
2945 1988 3207 2046 locorum

1918 2079 2378 2138 circumstantiis
2429 2078 2523 2136 vel
2570 2097 2638 2136 ex
2689 2077 2837 2136 locis
2888 2076 3203 2146 similibuS,

1920 2168 2014 2226 vel
2044 2168 2284 2226 aliunde
2335 2168 2407 2226 de
2459 2166 2729 2225 lectionis
2775 2166 3060 2224 varietate
3110 2165 3206 2223 in-

577 2260 648 2314 ut
686 2257 808 2331 jam
855 2261 993 2316 ante
1045 2258 1207 2327 Beza,
1262 2258 1364 2316 sed
1418 2258 1719 2333 inspectiS,
1755 2259 1860 2316 ubi
1917 2256 2110 2333 telligi
2139 2259 2357 2332 posset,
2415 2256 2476 2313 id
2510 2273 2681 2314 omne
2713 2255 3071 2329 perscrutari
3106 2272 3203 2311 co-

576 2345 702 2402 fieri
737 2349 970 2420 poterat
1001 2347 1355 2421 collatisque
1405 2347 1859 2422 exemplaribus,

575 2435 878 2509 explorata
913 2436 1171 2511 ipsorum
1205 2434 1420 2504 indole,
1455 2436 1518 2494 in
1551 2436 1861 2493 consilium

574 2522 826 2598 insuper
858 2523 1142 2582 adhibitis
1194 2523 1434 2599 scriptis
1486 2526 1725 2599 patrum
1757 2543 1862 2582 no·

575 2616 789 2686 taeque
823 2612 1275 2686 praestantioris
1310 2612 1705 2685 versionibus;
1740 2613 1861 2671 sin-

576 2701 733 2776 gulis
785 2700 1040 2777 denique
1088 2719 1319 2758 summa
1368 2719 1501 2758 cum
1547 2701 1862 2778 diligentia

1918 2349 2095 2403 natus
2128 2349 2234 2415 est,
2269 2349 2329 2402 et
2362 2346 2409 2402 si
2432 2344 2558 2420 ipse
2586 2344 2878 2419 judicium
2900 2363 3022 2402 non
3041 2344 3204 2411 tulit,

1918 2434 2051 2492 aliis
2102 2434 2406 2509 judicandi
2489 2434 2850 2492 occasionem
2913 2432 3206 2507 praebuit.

1918 2524 2207 2599 Receptae
2240 2523 2403 2581 suere
2436 2522 2593 2580 inter
2623 2521 2857 2579 criticos
2887 2539 3084 2579 sacros
3117 2521 3208 2578 ed.

1921 2614 1965 2670 F
1969 2612 2192 2674 rancof.
2224 2615 2265 2669 t.
2305 2623 2357 2674 7.
2392 2632 2441 2670 a.
2485 2621 2648 2674 1696
2684 2614 2745 2669 et
2777 2611 2840 2669 in
2870 2610 3069 2669 Biblia
3100 2629 3208 2686 po-

1919 2701 2181 2778 lyglotta
2212 2701 2585 2759 londinensis
2615 2704 2656 2758 t.
2695 2711 2749 2762 6.
2797 2699 2975 2757 Facta
3005 2703 3209 2758 autem

577 2789 906 2863 pensitatis,
943 2807 1093 2863 quae
1127 2790 1188 2846 in
1223 2790 1330 2846 hac
1363 2789 1747 2863 inquisitione
1767 2791 1859 2848 lu·
1916 2789 2559 2865 vulgataecorrectione
2572 2788 3068 2846 ediditRomanae
3081 2806 3208 2846 cor-

576 2877 660 2933 cis
695 2876 1003 2950 quidpiam
1037 2876 1322 2935 foenerari
1363 2896 1531 2953 posse
1567 2879 1859 2949 videntur,
1917 2880 2190 2937 rectionis
2223 2881 2286 2936 in
2318 2874 2517 2936 latinis
2549 2877 2757 2936 Bibziis
2789 2878 3057 2935 editionis
3088 2878 3211 2934 vul-

578 2983 744 3022 suam
777 2965 1013 3023 demum
1069 2966 1140 3023 de
1174 2966 1332 3041 ipsis,
1384 2968 1489 3025 ubi
1521 2968 1673 3026 forte
1707 2987 1861 3043 opus
1917 2975 2085 3042 yatae
2104 2970 2281 3042 Jussu
2304 2966 2457 3025 Sioeti
2492 2965 2557 3029 V.
2578 2967 2641 3024 P.
2666 2967 2744 3024 Μ.
2766 2967 3070 3043 recoquitis
3087 2967 3212 3024 loca

576 3056 723 3124 erat,
757 3055 1035 3129 proponit
1068 3056 1441 3114 sententiam.
1475 3057 1630 3115 Hinc
1660 3060 1863 3116 exacta

575 3141 716 3213 fere,
752 3146 820 3200 ut
855 3143 1126 3211 diximuS,
1164 3145 1322 3220 apud
1344 3164 1479 3203 eum
1501 3147 1727 3215 omnia;
1753 3147 1861 3221 ju-

577 3230 798 3289 dicium
833 3232 904 3290 de
936 3233 1290 3292 lectionibus
1325 3234 1595 3308 probum,
1630 3235 1862 3309 ipsique

578 3319 698 3379 fere
731 3322 972 3379 veritati
1021 3321 1090 3379 ad
1140 3324 1424 3380 amussim
1469 3331 1860 3399 congruum.‘

581 3410 916 3468 Notationes
951 3413 1008 3468 in
1029 3430 1072 3468 8.
1094 3411 1306 3485 Biblia,
1334 3411 1552 3485 quibus
1574 3411 1863 3470 variantia

578 3498 1050 3574 discrepantibus
1070 3500 1508 3574 exemplaribus
1542 3499 1667 3558 loca
1699 3518 1862 3558 sum-

578 3605 672 3644 mo
747 3588 940 3647 vstudio
1004 3588 1425 3655 discutiuntur,
1490 3589 1864 3664 Antwerpiae

579 3780 668 3787 W
687 3782 768 3785 —-—
815 3781 896 3786 ——-

660 3900 694 3965 ¹)
723 3894 858 3964 Ejus
893 3901 949 3949 in
982 3899 1184 3949 Lucam
1219 3901 1627 3950 commentarius
1659 3898 1866 3966 reperi·

580 3970 676 4018 tur
691 3966 862 4019 etiam
881 3967 939 4018 in
955 3983 1117 4019 cursu
1145 3965 1347 4035 compl.
1379 3982 1421 4022 s.
1434 3966 1759 4035 Scripturae
1779 3969 1865 4023 ed.

581 4036 788 4104 Migne.

657 4110 695 4174 ε-“)
725 4106 806 4159 Cf.
835 4105 1083 4158 Richard
1111 4105 1321 4171 Simon,
1353 4107 1597 4162 Histoire
1623 4108 1867 4178 critique

582 4175 675 4228 des
717 4176 1053 4245 principaux
1092 4182 1565 4231 commentateurs
1601 4180 1678 4233 du
1707 4181 1775 4233 N.
1805 4181 1865 4234 Τ.

582 4264 626 4299 c.
655 4251 741 4310 42,
771 4247 868 4300 ubi
898 4247 1045 4300 inter
1085 4246 1199 4300 alia
1237 4249 1494 4302 encomia
1521 4251 1743 4304 scribit:
1794 4251 1868 4305 Sa

580 4318 714 4386 plus
731 4318 941 4387 grande
964 4317 1315 4387 application
1346 4323 1432 4373 est
1458 4320 1527 4373 de
1545 4322 1869 4376 rechercher

583 4387 640 4441 la
666 4388 1042 4455 signification
1070 4405 1275 4460 propre
1297 4392 1392 4443 des
1413 4395 1586 4449 mots:
1616 4409 1684 4445 en
1714 4411 1868 4462 quoy

584 4458 627 4511 il
653 4459 858 4511 reiissit
882 4459 1343 4527 ordinairement,
1364 4480 1530 4530 parce
1549 4464 1688 4532 qu'il
1706 4481 1739 4517 a
1754 4482 1868 4518 une

582 4531 978 4583 connaissance
1006 4530 1246 4600 parfaite
1268 4532 1336 4586 de
1357 4533 1413 4586 la
1434 4532 1687 4603 Critique
1717 4541 1773 4589 et
1799 4537 1868 4590 de

582 4598 639 4650 la
659 4599 1023 4654 Grammaire.
1077 4600 1159 4654 Cf.
1187 4605 1349 4657 Corn.
1379 4620 1411 4657 a
1438 4606 1649 4676 Lapide
1689 4609 1869 4678 praef.

582 4669 642 4722 in
669 4670 870 4724 Matth.
897 4673 957 4725 et
978 4673 1139 4727 Joan.

655 4744 698 4809 ³)
727 4739 944 4813 Proleg.
971 4744 1030 4797 in
1059 4744 1128 4797 N.
1158 4745 1218 4798 T.
1245 4763 1526 4816 graecum.

1919 3058 2245 3133 insiqmora
2291 3056 2602 3113 observata
2648 3060 2776 3123 etc„
2824 3055 3210 3128 Antwerpiae

1928 3154 2112 3213 1603,
2156 3154 2354 3211 16083
2401 3144 2679 3219 Lugduni
2723 3152 2917 3213 1604;
2965 3143 3210 3201 libellus

1920 3233 2072 3291 alter
2104 3233 2410 3290 continens
2455 3233 2600 3290 alias
2644 3232 2964 3290 lectionum
3018 3231 3208 3289 varie-

1997 3477 2035 3544 ¹)
2065 3473 2124 3527 P.
2167 3473 2234 3525 de
2275 3472 2527 3541 Lagarde
2568 3472 2661 3525 die
2700 3471 2821 3526 vier
2848 3471 3065 3541 Evang.
3093 3489 3209 3526 ara-

1920 3544 2079 3598 bisch
2108 3548 2248 3600 1864
2276 3561 2328 3612 p,
2358 3544 2466 3597 XI:
2509 3542 2601 3596 die
2642 3543 2815 3596 allein
2864 3543 3210 3597 brauchbare

1922 3614 2430 3683 Originalausgabe
2444 3630 2557 3667 von
2572 3618 2714 3671 1580
2741 3614 2817 3667 ist
2840 3613 2963 3668 eins
2992 3614 3088 3667 der
3107 3615 3209 3667 sel-

1921 3690 2144 3740 tensten
2186 3703 2238 3739 u.
2284 3685 2664 3740 nutzlichsten
2703 3685 2937 3749 Bucher‚
2986 3686 3075 3738 die
3118 3685 3210 3739 ich

1922 3758 2123 3821 kenne,
2178 3756 2269 3810 fiir
2312 3756 2403 3810 die
2446 3755 2636 3809 Kritik
2695 3756 2791 3809 der
2836 3755 3209 3810 lateinischen

1923 3828 2537 3898 Bibelabereetzungen
2566 3827 2846 3897 geradezu
2868 3827 3211 3881 unentbehr-

1921 3900 2052 3953 lich.

1998 3976 2036 4040 ²)
2066 3970 2312 4023 Histoire
2363 3970 2603 4037 critique
2655 3968 2733 4021 du
2784 3968 2855 4024 N.
2907 3969 2970 4023 T.
3016 3987 3061 4024 c.
3113 3974 3211 4026 12:

1928 4041 2128 4101 ..Aussi
2170 4057 2269 4094 son
2310 4057 2560 4110 ouvrage
2601 4046 2685 4093 est
2719 4040 2763 4093 il
2798 4040 2850 4094 le
2885 4040 3018 4110 plus
3052 4042 3215 4095 exact

1925 4128 2036 4179 que
2052 4129 2198 4164 nous
2213 4127 2390 4179 ayons
2426 4129 2523 4164 sur
2551 4114 2699 4165 cette
2718 4110 2969 4166 matiere.
2997 4153 3011 4165 .
3041 4154 3055 4167 .
3084 4154 3097 4166 .
3126 4110 3213 4165 En

1927 4200 2004 4234 un
2030 4186 2167 4246 mot,
2193 4182 2235 4235 il
2264 4183 2356 4235 n’a,
2382 4181 2501 4236 rien
2518 4182 2709 4235 oublie
2726 4182 2868 4235 dans
2883 4200 2947 4235 sa
2961 4181 3213 4251 Critique

1926 4252 1993 4305 de
2020 4270 2081 4306 ce
2110 4253 2213 4320 qui
2239 4254 2478 4322 pouvoit
2500 4253 2677 4306 servir
2717 4256 2750 4307 a
2789 4252 3029 4307 retablir
3056 4257 3215 4308 notre

1925 4323 2163 4378 Version
2189 4324 2419 4378 Latine:
2445 4328 2503 4378 et
2527 4324 2657 4377 bien
2685 4340 2796 4391 que
2824 4342 2924 4378 son
2952 4324 3110 4378 Ouvr
3186 4342 3215 4379 e

1925 4395 2008 4448 ait
2030 4411 2173 4464 paru
2202 4399 2380 4449 avant
2403 4395 2483 4449 les
2508 4396 2847 4449 corrections
2876 4395 2946 4448 de
2968 4395 3125 4449 Sixte
3202 4438 3213 4450 .

1924 4469 1982 4520 et
1997 4467 2063 4520 de
2086 4466 2340 4520 Clemens
2365 4466 2509 4519 VIII.
2525 4467 2585 4534 je
2606 4466 2718 4519 suis
2739 4467 3020 4535 persuade
3041 4469 3214 4535 qu’on

1924 4541 2182 4606 pourroit
2230 4554 2426 4591 encore
2470 4537 2744 4590 reformer
2788 4541 2951 4592 notre
2997 4538 3215 4592 edition

1925 4626 2021 4662 sur
2048 4625 2134 4662 ses
2152 4625 2496 4676 remarques.
2524 4608 2570 4661 11
2594 4626 2633 4676 y
2658 4625 2692 4661 a
2710 4610 3046 4663 neanmoins
3063 4610 3216 4678 quel·

1926 4696 2064 4803 30⁸5?
2078 4679 3082 4821 ,ffigssff'0333311253323225120ss2
