3625 5193
440 301 465 354 1
486 299 599 352 181
1490 276 1690 334 Petrus
1716 278 1785 333 de
1810 280 2016 340 Marca.
2890 299 2918 351 1
2937 300 2960 351 1
2978 297 3057 353 82

432 471 512 529 tis
544 469 778 544 alioque
811 467 1089 546 script01)
1135 485 1283 542 opus
1316 484 1491 526 suum
1523 483 1719 524 sacrae
1776 468 1979 543 ceptae
2012 465 2364 525 christianae
2397 465 2559 541 apud
2589 466 2780 542 gallos
2817 466 3060 543 religio·

434 559 594 619 sedis
618 556 851 635 judicio
884 555 1250 631 subjecisset,
1286 559 1464 630 atque
1495 556 1718 630 promi·
1776 554 1873 613 nis
1889 555 2122 614 erudite
2139 557 2462 614 tractatum
2481 556 2587 613 est.
2619 555 2830 614 Plures
2848 555 3061 615 deinde

435 649 607 708 sisset
637 665 699 705 se
736 645 837 714 ,in
869 645 1147 704 omnibus
1169 645 1340 719 sequi
1360 647 1421 703 et
1443 644 1721 719 amplecti
1776 644 1926 702 aliae
1957 644 2139 721 hujus
2172 644 2368 719 operis
2398 642 2754 720 prodierunt
2773 644 3061 704 editiones

431 756 561 797 eam
595 736 926 796 doctrinam
957 733 1031 793 de
1055 733 1477 811 jurisdictione
1509 750 1577 792 ac
1608 733 1719 791 im-
1775 736 1849 792 ut
1879 733 2127 792 Parisiis
2173 742 2375 804 1670;
2425 741 2591 795 1704
2628 729 2926 815 (censetur
2955 753 3061 809 op-

435 826 727 886 munitate
760 823 1153 883 ecclesiastica
1177 822 1507 898 ceterisque
1544 821 1722 881 rebus
1774 817 1951 902 tima)
1986 840 2114 881 cum
2145 822 2326 881 variis
2359 822 2657 881 Baluzii
2689 822 3063 882 animadver-

435 920 498 975 et
529 913 721 974 causis
752 912 1187 983 ecclesiasticis,
1223 929 1403 986 quam
1435 911 1607 970 docet
1624 929 1718 970 ro·
1776 911 2077 982 sionibus;
2122 910 2501 970 Francofurti
2537 919 2701 975 1708
2736 913 2799 969 et
2827 912 3064 988 Lipsiae

437 1002 1070 1078 manaEcclesiaeique
1087 1001 1332 1059 firmiter
1346 1000 1718 1059 adhaerere.‘
1784 1009 1950 1063 1709
1986 1018 2126 1059 cura
2156 1000 2212 1059 J.
2247 1000 2318 1058 H.
2355 999 2662 1071 Boehmer,
2711 1018 2846 1059 cum
2879 1000 3062 1076 hujus

436 1095 715 1153 Ceterum
746 1091 819 1150 de
852 1091 1043 1150 Marca
1074 1089 1311 1149 nonnisi
1339 1098 1376 1150 4
1410 1089 1638 1165 priores
1657 1089 1721 1151 ll.
1777 1089 2326 1160 observationibus3
2390 1107 2530 1148 cura
2592 1090 2846 1149 carmini
2909 1090 3063 1147 Fir-

438 1180 598 1259 prelo
631 1181 979 1256 subjecerat,
1012 1180 1077 1237 in
1108 1179 1332 1255 quibus
1366 1178 1493 1253 agit
1522 1178 1595 1236 de
1630 1196 1721 1237 se·
1776 1178 2015 1237 miani
2047 1178 2300 1255 Neapoli
2330 1188 2704 1250 1761—-803
2745 1197 2923 1255 opera
2942 1195 3062 1237 om-

437 1271 531 1329 dis
565 1270 925 1345 apostolicae
958 1269 1189 1346 legatis,
1222 1268 1293 1326 de
1325 1267 1591 1326 conciliis
1615 1286 1721 1325 na·
1776 1268 1882 1325 m'a
1928 1285 2063 1326 cum
2117 1267 2391 1343 pluribus
2438 1266 2851 1327 additionibus
2895 1268 3064 1326 Bam-

436 1358 760 1419 tionalibus
792 1360 853 1418 et
872 1356 1354 1434 provincialibus,
1389 1356 1461 1415 de
1473 1355 1721 1433 judiciis
1774 1357 1992 1433 bergae
2032 1364 2197 1420 1788
2231 1375 2285 1415 v.
2323 1366 2357 1419 6
2393 1355 2458 1415 111
2493 1366 2562 1428 4;
2594 1355 2858 1416 Venetiis
2903 1365 3055 1420 1771

436 1448 752 1517 canonicis,
786 1447 858 1505 de
878 1446 1189 1522 episcopis,
1211 1445 1604 1516 investituris,
1624 1463 1722 1504 re·
1779 1440 3062 1527 (cumBoehmeriobserv.);Roboreti17473

433 1537 672 1615 galibus
724 1540 833 1599 etc.
926 1537 1010 1595 Eo
1058 1538 1258 1594 autem
1318 1534 1458 1593 fatis
1517 1534 1721 1593 functo
1788 1542 1984 1604 1763;
2030 1534 2342 1593 Boehmeri
2382 1531 2797 1593 observationes
2834 1536 3065 1593 selectae

442 1636 539 1690 29.
571 1626 712 1684 Jun.
751 1633 919 1688 1662
956 1625 1291 1700 Stephanus
1323 1623 1719 1693 Baluzius‚
1778 1624 2183 1681 ecclesiasticae
2233 1623 2396 1682 Petri
2441 1623 2513 1682 de
2544 1624 2739 1681 Marca
2783 1622 3059 1681 disserta-

438 1734 555 1791 quo
588 1714 926 1773 studiorum
959 1714 1115 1773 socio
1160 1719 1223 1773 et
1262 1713 1535 1788 adjutore
1578 1712 1722 1771 assi·
1777 1712 1972 1771 tiones
2003 1711 2420 1771 ecclesiasticas
2452 1712 2526 1772 de
2545 1712 2857 1771 concordia
2874 1730 3063 1771 sacer·

434 1804 555 1863 duo
587 1803 785 1863 fuerat
814 1820 980 1873 usus,
1027 1805 1087 1861 et
1132 1802 1227 1860 cui
1260 1801 1550 1860 librorum
1584 1819 1722 1859 suo·
1778 1800 1929 1859 dotii
1973 1804 2032 1859 et
2077 1801 2309 1876 imperii
2351 1801 2720 1860 illustrantes
2763 1803 2824 1859 et
2866 1801 3065 1860 studio

438 1912 574 1950 rum
625 1909 691 1950 ac
740 1892 1087 1950 schedarum
1136 1891 1465 1951 custodiam
1514 1889 1724 1949 multis
1770 1890 1926 1965 juris
1965 1889 2348 1948 ecclesiastici
2395 1890 2785 1949 inservientes
2830 1889 3064 1966 prodie-

434 1984 575 2039 ante
607 1981 779 2039 annis
823 1980 1352 2050 commendaverat,
1399 1998 1468 2037 ex
1513 1978 1723 2056 gallico
1779 1982 1925 2037 runt
1955 1979 2200 2037 seorsim
2232 1979 2465 2054 Lipsiae
2506 1987 2670 2043 1708
2706 1979 2770 2037 111
2801 1978 2838 2036 f.

438 2070 628 2146 ipsius
661 2068 1030 2146 autographo
1062 2069 1347 2145 pleraque
1376 2068 1560 2127 latine
1591 2067 1721 2126 red-

437 2154 674 2238 didit2)‚
728 2157 1133 2217 additionibus
1181 2157 1439 2217 auctoris
1492 2161 1554 2216 et
1599 2157 1722 2216 suis
1875 2163 2010 2218 517.
2045 2156 2128 2214 De
2162 2156 2356 2215 Marca
2386 2156 2629 2214 interim
2662 2156 2725 2214 in
2752 2157 3062 2232 presbyte-

440 2248 600 2306 notis
632 2247 813 2317 auxit,
866 2256 919 2309 5.
953 2248 991 2304 l.
1038 2248 1110 2305 de
1153 2246 1364 2323 legatis
1407 2245 1724 2321 pontificiis
1779 2264 1915 2304 rum
1949 2244 2258 2304 ordinatus
2289 2248 2351 2303 et
2382 2244 2446 2304 in
2477 2246 2815 2320 episcopum
2862 2263 3063 2304 conse-

438 2335 758 2412 supplevit,
791 2336 850 2394 ll.
887 2345 1076 2406 6-8,
1110 2353 1259 2410 quos
1291 2335 1485 2393 Marsa
1514 2334 1724 2410 gallice
1780 2336 1980 2393 cratus
2031 2336 2121 2392 est
2181 2352 2336 2394 anno
2405 2341 2607 2406 16483
2672 2336 2878 2408 postea
2923 2352 3062 2410 pro-

438 2425 772 2500 scripserat,
806 2424 990 2483 latine
1021 2425 1222 2494 vertit,
1260 2427 1440 2499 atque
1461 2423 1724 2482 auctoris
1780 2425 1979 2482 motus
2030 2422 2102 2481 ad
2154 2424 2352 2483 sedem
2403 2423 2734 2482 tolosanam
2792 2432 2954 2485 1652
3008 2420 3066 2504 (a

437 2513 628 2571 vitam
661 2513 896 2590 adjecit,
930 2514 1170 2572 Parisiis
1201 2522 1385 2583 1663,
1420 2512 1615 2588 prima
1634 2511 1722 2569 ed.
1780 2512 1916 2570 sede
1948 2512 2267 2587 apostolica
2296 2512 2674 2571 confirmatus
2713 2506 2926 2592 1654),
2960 2513 3063 2571 ob-

435 2604 687 2680 integra.
719 2603 943 2662 Verum
974 2605 1036 2662 et
1066 2605 1220 2662 hanc
1249 2602 1569 2662 editionem
1589 2620 1723 2678 pro·
1780 2601 1855 2661 iit
1887 2621 2024 2661 vero
2057 2602 2404 2680 designatus
2449 2601 2924 2677 archiepiscopus
2970 2622 3066 2678 pa·

438 2692 677 2766 scripsit
708 2693 1088 2769 congregatio
1128 2692 1341 2751 indicis
1388 2691 1480 2749 his
1524 2691 1723 2750 verbis
1779 2691 2067 2753 risiensis.
2122 2692 2262 2750 Post
2293 2693 2422 2768 ejus
2454 2695 2705 2750 mortem
2739 2689 2931 2748 edidit
2949 2692 3063 2750 Ba-

435 2777 523 2862 (7.
558 2781 701 2839 Nov.
743 2777 968 2862 1664):
1019 2784 1143 2849 ,De
1176 2780 1489 2839 concordia
1518 2774 1639 2862 :etc
1683 2780 1722 2838 1.
1780 2779 1972 2839 luzius
2013 2790 2088 2842 16
2124 2780 2390 2856 ejusdem
2422 2782 2700 2856 opuscula
2715 2774 2781 2860 ¹),
2822 2779 3065 2839 Parisiis

437 2888 472 2928 a
505 2868 703 2944 Steph.
736 2869 980 2927 Baluzio
1026 2870 1346 2944 impressus
1390 2868 1629 2927 Parisiis
1673 2888 1722 2927 a.
1789 2878 1989 2939 16693
2043 2878 2229 2941 1681,
2277 2871 2435 2929 inter
2481 2888 2630 2945 quae
2675 2870 2817 2927 sunt
2861 2886 2931 2927 ex
2976 2888 3063 2945 gr.

448 2966 612 3020 1663
665 2974 974 3033 perperam
1030 2957 1366 3033 adscriptus
1417 2957 1593 3015 Petro
1651 2957 1724 3015 de
1780 2956 2225 3017 dissertationes
2270 2958 2343 3018 de
2388 2961 2698 3017 stemmate
2744 2958 2806 3015 et
2849 2975 3063 3034 genea-

437 3046 649 3116 Marea‚
684 3065 752 3104 ex
774 3047 945 3122 cujus
965 3046 1295 3105 retractatis
1317 3046 1557 3120 scriptis
1582 3045 1724 3104 alio·
1779 3045 1942 3121 logia
1972 3045 2206 3116 Christi,
2253 3049 2326 3105 de
2358 3048 2621 3107 adventu
2651 3064 2960 3122 magorum
2993 3046 3065 3104 ad

435 3153 690 3210 rumque
722 3135 979 3194 erroneis
1013 3135 1329 3193 sententiis
1361 3153 1536 3210 opera
1554 3152 1723 3209 prae·
1781 3133 2096 3205 Christum,
2148 3139 2210 3194 et
2254 3156 2330 3194 an
2375 3136 2436 3194 hi
2478 3155 2647 3213 reges
2692 3134 2936 3206 fuerint,
2993 3135 3065 3194 de

436 3224 546 3282 fati
588 3225 819 3282 Baluzii
863 3225 1061 3283 editus
1105 3226 1257 3283 (161.ι
1320 3224 1463 3282 Post
1507 3240 1723 3298 paucos
1780 3222 2074 3300 singulari
2136 3224 2400 3299 primatu
2462 3225 2654 3296 Petri,
2723 3223 2795 3282 de
2846 3224 3064 3300 vigilio

436 3330 620 3371 annos
674 3308 901 3394 (1669)
965 3314 1075 3373 1106
1137 3330 1287 3389 opus
1348 3311 1719 3389 recognitum
1779 3310 1941 3387 Papa
1972 3309 2197 3396 (1646)
2231 3318 2373 3385 etc.;
2418 3313 2491 3372 de
2537 3314 2801 3389 primatu
2846 3313 3066 3390 lugdu-

438 3401 807 3461 emendatius
840 3402 1255 3478 copiosiusque
1287 3402 1505 3460 iterum
1537 3398 1726 3458 edidit
1779 3401 1951 3460 nensi
2013 3403 2075 3460 et
2135 3403 2344 3461 ceteris
2407 3402 2767 3477 primatibus
2820 3401 3067 3481 (prodiit

437 3490 885 3567 auctioremque
948 3492 1044 3549 sui
1105 3491 1460 3549 Maecenatis
1537 3489 1722 3548 vitam
1779 3489 2058 3566 Lugduni
2089 3500 2249 3553 1644
2271 3490 2334 3549 111
2357 3486 2457 3573 8.),
2491 3491 2563 3548 (16
2585 3489 2927 3549 discrimine
2948 3492 3064 3551 cle-

438 3579 760 3655 praemisit‚
785 3583 965 3654 atque
981 3580 1300 3639 nonnullas
1317 3579 1583 3654 ejusdem
1605 3577 1722 3636 dis·
1780 3578 2037 3636 ricorum
2069 3582 2130 3636 et
2160 3579 2445 3637 laicorum
2477 3598 2546 3638 ex
2571 3580 2708 3654 jure
2738 3578 2941 3639 divino
2963 3580 3064 3638 de·

436 3669 788 3727 sertationes
821 3664 958 3750 (16)
993 3667 1225 3744 adjecit,
1276 3669 1339 3726 in
1384 3667 1604 3743 quibus
1653 3666 1725 3724 de
1779 3685 1896 3741 que
1940 3666 2132 3725 forma
2175 3667 2482 3744 regiminis
2528 3667 2945 3739 ecclesiastici,
2993 3668 3064 3726 de

435 3757 791 3816 auctoritate
820 3775 965 3815 rom.
996 3757 1293 3832 pontificis
1313 3758 1374 3816 et
1393 3760 1723 3816 ceterorum
1778 3758 2043 3831 tempore
2065 3756 2276 3832 synodi
2296 3756 2594 3831 plenariae
2615 3756 2958 3826 sirmiensis,
2992 3755 3064 3815 de

439 3846 905 3921 patriarcharum
955 3864 1020 3903 ac
1069 3845 1425 3921 primatum,
1475 3847 1607 3903 tum
1653 3845 1724 3902 de
1779 3845 2044 3919 antiquis
2066 3863 2355 3904 canonum
2375 3844 2844 3904 collectionibus,
2896 3844 3062 3903 Alias

435 3935 816 3994 vexatissima
860 3935 1101 3993 canonis
1146 3935 1474 3993 arausicani
1536 3933 1721 4010 expli·
1780 3933 2050 4009 ejusdem
2098 3935 2529 3994 dissertationes
2571 3934 2920 4011 posthumas
2967 3953 3063 3994 sa-

438 4024 685 4093 catione‚
728 4043 879 4099 quae
909 4024 1069 4083 viros
1101 4023 1535 4082 eruditissimos
1566 4023 1725 4081 inter
1782 4041 1909 4081 cras
1959 4024 2021 4082 et
2069 4023 2490 4083 ecclesiasticas
2542 4042 2678 4083 cum
2727 4023 2888 4083 Petri
2937 4023 3062 4082 bio-

438 4130 501 4171 se
534 4112 919 4190 commiserat,
965 4112 1223 4188 denique
1263 4112 1335 4170 de
1365 4112 1556 4170 initiis
1589 4129 1720 4170 sus·
1779 4111 2027 4187 graphia
2057 4112 2300 4186 prolixa,
2347 4133 2498 4188 quae
2543 4113 2796 4188 complet
2826 4112 3063 4170 Baluzi-

1782 4218 1974 4273 anam,
1997 4200 2179 4259 edidit
2200 4202 2259 4259 P.
2280 4202 2585 4279 deFaget
2606 4200 2846 4260 Parisiis
2877 4208 3061 4270 1668,

515 4339 556 4406 ¹)
584 4337 830 4405 Libellus,
869 4354 971 4405 quo
995 4338 1235 4390 editionis
1267 4338 1322 4392 a·
1348 4337 1409 4388 de
1445 4336 1723 4390 concordia
1781 4290 1841 4345 et
1859 4288 1999 4364 quia
2019 4290 2237 4364 partim
2257 4310 2607 4366 suppressae
2627 4290 2810 4359 fuere,
2845 4288 3062 4346 iterum

436 4415 528 4460 εἰσ,
556 4410 828 4461 cmm-„m
854 4411 1081 4476 ea-ponit,
1123 4422 1267 4475 Opus
1294 4423 1385 4474 ap·
1426 4404 1574 4458 sedi„
1600 4421 1723 4459 cen,
1779 4376 2130 4452 prodierunt
2174 4380 2237 4438 in
2288 4380 2601 4438 Hollandia
2655 4386 2854 4447 1669,
2905 4377 3064 4434 inter

438 4492 597 4530 surae
626 4477 914 4531 submittit
952 4481 1009 4532 et
1033 4493 1193 4547 reges
1233 4494 1516 4531 canonum
1544 4477 1724 4530 custo-

438 4547 551 4612 des,
600 4565 715 4602 non
755 4565 885 4602 vero
926 4552 1179 4603 auctores
1218 4564 1336 4602 esse
1376 4548 1553 4612 docet,
1595 4546 1722 4600 Bar·
1873 4553 1912 4621 ¹)
1949 4549 2102 4602 Haec
2143 4551 2392 4602 recenset
2435 4548 2623 4601 omnia
2665 4545 2957 4599 Fabricius
3001 4545 3062 4597 in

436 4619 670 4672 cinonae
699 4623 855 4676 1646.
900 4619 983 4673 Cf.
1025 4619 1243 4673 Reusch
1284 4620 1458 4673 ludex
1493 4619 1563 4691 11,
1588 4622 1721 4679 364;
1776 4620 1910 4680 bibl.
1939 4619 2204 4684 fabr.Vl‚
2231 4624 2332 4676 191
2370 4636 2442 4675 ss.
2469 4621 2527 4672 et
2551 4621 2677 4671 acta
2711 4617 2867 4670 erud.
2893 4616 2950 4668 li
3020 4633 3061 4668 s.

440 4688 715 4742 Stimmen
742 4706 842 4743 aus
865 4690 1047 4744 Maria
1073 4691 1256 4744 Laach
1292 4695 1427 4748 1871
1460 4690 1526 4754 11,
1554 4693 1660 4746 638
1680 4707 1721 4745 s.
1776 4707 1827 4745 a.
1857 4695 1994 4748 1682
2022 4710 2075 4760 p.
2103 4694 2224 4747 318.
2252 4690 2489 4759 Adjecta
2515 4690 2651 4742 sunt
2675 4686 2944 4758 opuscula
2964 4633 3062 4740 ge·

513 4766 551 4824 ²)
580 4760 901 4814 Secundum
946 4760 1130 4831 Biogr.
1176 4762 1333 4815 univ.
1375 4761 1571 4827 XXVI,
1618 4764 1720 4819 581
1779 4762 1922 4816 tavii
1967 4765 2024 4815 et
2063 4760 2351 4815 Sirmondi
2397 4760 2464 4814 de
2508 4759 2724 4828 synodo
2763 4758 3060 4824 sirmiensi,

434 4830 705 4885 Baluzius
724 4831 762 4886 l.
782 4835 1015 4886 tantum
1037 4838 1086 4890 6.
1108 4834 1165 4886 et
1186 4838 1233 4889 7.
1257 4832 1432 4886 latine
1451 4832 1718 4889 reddidit.
1776 4851 2022 4902 quorum
2052 4849 2219 4902 supra
2244 4850 2298 4902 p.
2331 4836 2472 4890 1080
2499 4831 2873 4885 meminimus.
