3625 5193
472 276 633 328 1077

1501 256 1743 311 Jacobus
1770 256 2051 312 Sirmond.

2922 273 3086 327 1⁰78

461 463 684 509 eorum,
718 462 868 518 quae
900 442 1103 513 edidit,
1155 442 1510 518 prodierunt
1541 443 1748 501 collec-
1804 442 2137 502 virtutibus
2169 448 2231 502 et
2262 442 2465 501 ordine
2510 442 2810 501 doctrinae
2856 444 3093 518 aposto-

461 529 617 613 ta¹)‚
670 532 993 610 praemissa
1040 532 1231 607 ipsius
1281 532 1436 601 vita,
1506 531 1750 589 Parisiis
1806 533 1954 591 licae
1988 529 2091 612 (ib.
2131 541 2295 594 1612
2332 530 2397 588 in
2433 526 2547 611 8.);
2587 531 2643 589 O.
2679 531 2848 591 Sollii
2881 532 3092 606 Apol-

469 632 635 685 1696
671 642 723 681 V.
761 632 794 685 5
830 622 895 679 in
926 621 983 690 f.,
1030 620 1299 680 Venetiis
1339 629 1501 683 1728
1536 641 1590 679 v.
1617 630 1649 681 5
1686 620 1749 679 in
1805 622 2067 680 linaris
2091 620 2698 679 SidoniiAvernorum
2715 620 2893 695 episc.
2915 637 3093 692 opera

461 714 518 783 f.,
569 712 667 770 cui
716 709 967 769 editioni
1016 710 1246 786 adjecta
1295 715 1387 768 est
1438 709 1748 786 appendix,

462 820 613 877 quae
659 799 1077 876 complectitur
1121 807 1235 858 tres
1281 800 1499 857 Gelasii
1530 798 1580 858 I.
1626 801 1750 873 epi·

461 891 635 948 stolas
667 910 700 947 a
730 889 1080 947 Blanchinio
1121 907 1152 946 e
1183 888 1592 947 vetustissimo
1624 887 1748 946 cod.

463 979 652 1037 editas
684 984 746 1038 et
788 979 1092 1036 historiam
1137 979 1448 1036 rhemensis
1492 978 1751 1036 eeclesiae

465 1070 519 1126 ll.
571 1071 609 1126 4
663 1071 903 1127 auctore
952 1061 1490 1146 Flodoardoss)
1538 1085 1606 1124 ex
1659 1065 1748 1127 ed.

466 1157 701 1234 Georgii
733 1155 1055 1215 Colvenerii
1097 1151 1307 1236 (Duaci
1346 1163 1503 1218 1611
1547 1154 1611 1213 in
1648 1150 1748 1235 8.).

464 1247 660 1322 Hujus
723 1244 1088 1304 collectionis
1149 1249 1193 1303 t.
1253 1256 1303 1306 1.
1367 1244 1752 1304 continentur

463 1335 788 1394 Eusebii
852 1333 1249 1393 Caesariensis
1312 1333 1595 1409 opuscula
1654 1343 1749 1402 14,

464 1444 615 1500 quae
646 1423 995 1499 prodierant
1025 1423 1203 1481 etiam
1226 1423 1464 1481 Parisiis
1493 1432 1654 1484 1643
1687 1422 1751 1479 in

470 1523 537 1582 83
571 1511 1018 1571 Marcellini
1063 1515 1123 1569 et
1155 1511 1519 1570 Faustini
1562 1512 1750 1586 presb.

464 1602 682 1660 libellus
703 1618 946 1675 precum
965 1600 1038 1659 ad
1058 1601 1441 1676 imperatores
1463 1597 1752 1682 (primum

465 1692 552 1750 ed.
574 1691 653 1749 ib.
683 1701 845 1752 1650
881 1690 947 1749 in
969 1687 1084 1769 8.);
1118 1689 1366 1748 Rufini
1397 1689 1591 1765 presb.
1613 1708 1748 1764 pro·

465 1780 693 1837 vinciae
739 1779 1107 1837 Palaestinae
1139 1779 1173 1835 l.
1206 1779 1273 1836 de
1308 1779 1419 1853 fide
1466 1774 1751 1859 (primum

466 1869 554 1926 ed.
576 1872 637 1927 et
655 1869 814 1926 notis
846 1867 1215 1925 illustratum
1247 1867 1324 1925 ib.
1354 1877 1519 1930 1650
1556 1868 1618 1924 in
1646 1861 1752 1946 8.);

1806 713 2002 770 omnia
2031 710 2192 769 notis
2225 710 2530 768 illustrata
2559 707 2663 790 (ib.
2697 718 2859 771 1614
2894 709 2956 767 in
2981 709 3092 788 8.);

1805 801 2102 876 appendix
2131 800 2342 857 codicis
2372 799 2723 857 theodosiani
2754 798 2923 857 novis
2954 815 3093 856 con-

1807 889 2226 948 stitutionibus
2257 887 2616 946 cumulatior
2661 905 2795 945 cum
2827 887 3096 962 epistolis

1806 979 2038 1053 aliquot
2069 980 2338 1036 veterum
2382 976 2765 1035 conciliorum
2797 983 2860 1034 et
2891 976 3093 1050 ponti-

1805 1067 1983 1125 ficum
2004 1085 2382 1125 romanorum
2406 1063 2687 1146 (primum
2709 1065 2797 1124 ed.
2820 1066 2899 1127 ib.
2926 1075 3086 1128 1631

1805 1156 1870 1214 in
1906 1152 2022 1237 8.);
2058 1155 2257 1232 Magni
2277 1155 2491 1213 Felicis
2523 1153 2861 1213 Ennodii
2893 1173 2981 1228 ep.
3015 1154 3094 1212 ti-

1806 1245 2065 1304 cinensis
2085 1263 2262 1320 opera
2291 1245 2356 1301 in
2376 1243 2643 1303 ordinem
2663 1243 2912 1319 digesta,
2937 1243 3091 1300 mul·

1806 1336 2009 1409 tisque
2053 1334 2196 1392 locis
2230 1336 2420 1404 aucta,
2467 1332 2776 1392 emendata
2820 1332 3096 1406 notisque

1806 1424 2109 1482 illustrata
2143 1420 2247 1500 (ib.
2289 1431 2450 1485 1611
2490 1422 2552 1479 ἰιι
2589 1416 2690 1501 8.).
2712 1453 2798 1463 -
2824 1421 3003 1479 Τοιιιο
3040 1429 3097 1480 2.

1807 1513 2190 1572 continentur
2200 1530 2241 1570 s.
2254 1513 2305 1570 A
2316 1531 2354 1569 v
2368 1511 2389 1569 i
2407 1515 2433 1568 t
2447 1512 2468 1568 i
2487 1511 2740 1587 archiep.
2755 1509 3095 1568 viennensis

1807 1620 1983 1676 opera
2018 1597 2306 1682 (primum
2339 1600 2498 1659 edita
2521 1600 2617 1658 vel
2650 1599 2986 1658 instaurata
3015 1597 3094 1656 ih.

1816 1701 1841 1751 1
1857 1699 1980 1751 643
2005 1691 2068 1747 in
2087 1688 2166 1766 8.)
2187 1712 2199 1758 3
2233 1690 2258 1746 I
2275 1690 2314 1747 d
2332 1709 2364 1747 a
2380 1689 2482 1747 tii
2512 1688 2771 1766 episcopi
2792 1689 3098 1746 chronicon

1807 1787 1858 1838 et
1903 1781 2049 1852 fasti
2098 1780 2428 1837 consulares
2480 1775 2584 1860 (ib.
2646 1787 2806 1839 1619
2863 1777 2923 1834 in
2979 1773 3095 1855 8.);

1808 1871 1866 1926 Μ
1883 1888 1916 1925 a
1929 1888 1960 1926 r
1976 1887 2007 1927 c
2020 1887 2051 1925 e
2068 1868 2088 1924 l
2107 1868 2250 1925 lini
2282 1867 2394 1925 viri
2414 1869 2484 1926 cl.
2518 1867 2753 1925 comitis
2773 1864 3096 1941 illyriciani

472 1963 635 2015 vietae
679 1959 740 2014 in
772 1959 860 2015 40
902 1974 1189 2015 sermones
1229 1974 1274 2014 s.
1321 1955 1753 2031 Augustini
1806 1959 2111 2015 chronicon
2144 1951 2251 2037 (ib.
2293 1966 2454 2018 1619
2491 1955 2554 2014 in
2591 1951 2706 2035 8.);
2753 1953 3095 2013 Facundi

471 2047 543 2104 ab
576 2047 704 2120 ipso
750 2049 1017 2120 repertos
1050 2044 1156 2124 (ib.
1204 2037 1424 2124 1631);
1477 2045 1754 2119 opuscula

467 2137 789 2212 doymatiea
836 2136 1103 2192 veterum
1150 2143 1183 2195 5
1221 2134 1599 2208 scriptorum,
1647 2131 1753 2207 qui

469 2227 799 2285 antemon
837 2243 885 2281 a.
919 2224 1261 2281 claruerunt
1290 2223 1328 2280 i.
1363 2242 1409 2281 e.
1438 2221 1755 2298 Leporii

470 2313 659 2389 presb.
687 2312 930 2370 libellus
951 2311 1400 2376 emendationis,
1425 2311 1754 2386 capreoli

470 2403 645 2477 episc.
692 2401 951 2479 carthag.
1000 2400 1251 2475 epistola
1300 2401 1372 2458 ad
1410 2401 1664 2458 Vitalem
1696 2404 1758 2457 et

470 2491 845 2559 Tonantium,
893 2489 1255 2548 breviarium
1287 2490 1420 2547 fidei
1469 2489 1756 2548 adversus

471 2581 724 2652 arianos,
756 2579 825 2637 Is
844 2598 970 2639 aac
1001 2596 1069 2636 ex
1101 2578 1330 2638 Judaeo
1368 2578 1685 2638 Christiani
1718 2579 1754 2637 l.

468 2670 624 2737 fidei,
677 2669 1041 2728 Victorini
1072 2667 1202 2726 Afri
1237 2670 1297 2729 ll.
1330 2672 1537 2727 contra
1568 2668 1755 2725 Mani-

471 2759 699 2827 chaeos‚
747 2757 817 2815 de
849 2757 1144 2833 principio
1185 2758 1323 2827 diei,
1371 2758 1588 2823 notitia
1619 2775 1754 2832 pro-

472 2848 802 2906 vinciarum
848 2849 910 2904 et
955 2846 1266 2905 civitatum
1312 2847 1543 2905 Africae
1592 2842 1756 2927 (haee

472 2936 651 2994 simul
684 2935 923 2993 Parisiis
965 2943 1126 2997 1630
1170 2935 1232 2993 in
1270 2932 1385 3016 8.);
1432 2935 1754 2994 Praedesci·

470 3032 647 3084 natus
678 3043 781 3082 seu
804 3023 1386 3082 Praedestinatorum
1418 3023 1676 3082 haeresis
1697 3026 1759 3082 et

472 3115 510 3175 l.
545 3133 587 3171 S.
622 3113 962 3189 Augustino
1005 3114 1226 3171 temere
1270 3112 1550 3188 adscripti
1596 3112 1755 3170 refu-

471 3203 619 3261 tatio
653 3202 727 3260 ab
759 3207 1002 3261 auctore
1035 3206 1174 3260 ante
1205 3220 1389 3260 annos
1421 3210 1584 3264 1200
1621 3220 1756 3259 con·

473 3292 712 3368 scripta,
766 3310 903 3349 cum
934 3308 1203 3360 censura,
1251 3291 1314 3349 in
1348 3310 1466 3366 qua
1496 3289 1757 3348 ostendi-

471 3385 573 3439 tur
597 3381 823 3439 nullam
850 3379 1033 3438 fuisse
1060 3399 1326 3454 unquam
1344 3379 1754 3438 Praedestina-

472 3476 669 3528 torum
704 3469 989 3527 haeresim
1026 3466 1313 3550 (primum
1348 3468 1435 3527 ed.
1469 3469 1545 3526 ib.
1590 3478 1755 3531 1643

473 3559 536 3616 in
573 3553 687 3637 8.);
736 3576 777 3615 s,
813 3557 1217 3616 Valeriani
1263 3577 1350 3633 ep.
1399 3556 1760 3615 cemeliensis

471 3646 749 3704 homiliae
774 3655 891 3716 203
924 3646 1069 3704 item
1104 3666 1187 3723 ep.
1225 3649 1319 3705 ad.
1355 3648 1657 3705 nwnachos
1687 3646 1759 3704 de

620 3816 768 3868 Haec
789 3815 1047 3870 collectio
1070 3833 1185 3870 non
1207 3822 1293 3868 est
1305 3832 1427 3870 com
1473 3816 1609 3880 leta,
1623 3831 1760 3868 non-

472 3820 634 3941 nulia
660 3886 808 3940 enim
850 3889 1072 3955 patrum
1105 3902 1275 3955 opera
1313 3888 1369 3940 in
1399 3903 1433 3939 a
1456 3888 1528 3941 iis
1567 3856 1760 3940 editio·

474 3958 639 4012 nibus
683 3960 743 4011 et
785 3957 1208 4011 collectionibus
1254 3958 1608 4028 prodierunt,
1651 3956 1758 4022 vel,

475 4030 616 4098 quia
656 4029 892 4097 majoris
930 4031 1097 4082 erant
1119 4027 1313 4093 molis,
1364 4030 1595 4083 seorsim
1637 4046 1760 4098 pro·

472 4101 720 4155 dierunt.
760 4099 1035 4153 Exactum
1065 4116 1301 4169 operum
1330 4100 1655 4169 catalogum
1682 4117 1760 4153 re·

473 4172 654 4242 peries
693 4172 843 4240 apud
871 4171 1113 4225 Niceron
1139 4173 1180 4226 t.
1208 4170 1382 4235 XVII,
1413 4175 1622 4234 153ss.,
1663 4171 1759 4240 qui

374 4270 377 4275 ·
474 4243 734 4311 sequitur
773 4243 1028 4297 ordinem
1067 4242 1334 4296 chronolo
1398 4259 1523 4295 cum
1609 4212 1761 4295 ’Som-

474 4313 762 4382 mervogel
791 4260 1638 4381 11‚1237—61;Bibi¹0theque
1665 4329 1761 4365 an-

476 4386 674 4439 cienne
702 4386 761 4437 et
806 4385 1068 4439 moderne
1108 4384 1758 4449 XXV111,237-299a.

475 4461 633 4520 1717,
660 4458 884 4510 auctore
911 4455 1142 4513 ClericO.

547 4532 591 4598 ²)
619 4526 889 4581 Ediderat
928 4528 1074 4580 hanc
1113 4527 1286 4581 etiam
1320 4525 1388 4581 S
1372 4545 1392 4579 ι
1409 4545 1437 4579 r
1450 4545 1507 4580 m
1525 4543 1557 4581 ο
1574 4544 1607 4578 ιι
1628 4526 1663 4580 d
1683 4544 1719 4579 u
1737 4543 1762 4579 s

474 4616 604 4653 cum
629 4598 759 4651 aliis
786 4599 1075 4668 opusculis
1103 4599 1177 4652 ad
1201 4599 1439 4652 eandem
1469 4597 1760 4652 ecclesiam

474 4668 864 4751 spectantibus
889 4669 1121 4724 Parisiis
1147 4675 1283 4727 1611
1313 4670 1371 4723 in
1394 4673 1458 4729 8;
1487 4670 1585 4724 sed
1603 4684 1762 4740 prae·

475 4740 719 4795 stantior
744 4743 803 4795 et
839 4741 911 4795 ad
938 4740 1196 4795 meliores
1235 4741 1394 4795 codd.
1425 4744 1622 4794 exacta
1650 4740 1763 4793 edi-

474 4812 555 4867 tio
582 4815 668 4866 est
693 4811 1006 4867 Colvenerii
1032 4814 1125 4885 (cf.
1152 4816 1248 4885 p.).

1808 2066 1901 2122 ep.
1936 2045 2365 2103 hermianensis
2399 2064 2502 2121 pro
2553 2045 2874 2118 defensione
2918 2045 3096 2100 trium.

1808 2136 2199 2208 capitulorum
2218 2134 2443 2192 concilii
2460 2134 2913 2191 chalcedonensis
2929 2133 2987 2192 ll.
3009 2135 3096 2190 12

1812 2220 2099 2305 (primum
2145 2222 2231 2280 ed.
2266 2222 2344 2284 ib.
2387 2231 2549 2284 1629
2596 2221 2661 2278 in
2698 2214 2814 2299 8.);
2862 2221 2915 2276 b.
2951 2220 3096 2277 Eu-

1809 2332 1850 2389 g
1865 2332 1896 2370 e
1911 2312 2025 2370 nii
2058 2330 2146 2387 ep.
2167 2312 2418 2370 toletani
2438 2311 2731 2385 opuscula,
2766 2307 2984 2383 quibus
3004 2308 3096 2365 in-

1811 2401 1957 2460 serti
2003 2405 2146 2459 sunt
2178 2399 2592 2458 Dracontii
2639 2398 2808 2456 libelli
2854 2398 2967 2455 duo
3019 2397 3094 2454 ab

1811 2490 2079 2566 Eugenio
2130 2489 2335 2547 eodem
2385 2489 2526 2547 olim
2576 2486 2896 2563 recogniti,
2962 2505 3097 2544 cum

1811 2579 2063 2638 aliorum
2109 2581 2380 2637 veterum
2427 2578 2786 2652 scriptorum
2831 2573 3099 2658 (Martini

1811 2689 1900 2745 ep.
1924 2668 2280 2736 DumiensiS,
2313 2667 2661 2726 columbani
2695 2666 2806 2733 ab.‚
2835 2665 3098 2724 Severini

1811 2777 1900 2833 ep.
1937 2760 1997 2814 et
2014 2757 2247 2815 Tironis
2268 2751 2563 2836 Prosperi)
2597 2755 2777 2813 variis
2798 2750 2902 2835 (ib.
2928 2764 3094 2816 1619

1810 2848 1877 2905 in
1914 2841 2028 2926 8.);
2064 2845 2480 2905 Theodulfi
2533 2844 2959 2903 aurelianensis
3005 2861 3097 2917 ep.

1812 2952 1990 3009 opera
2022 2935 2180 2994 notis
2214 2936 2517 2993 illustrata
2550 2930 2652 3015 (ib.
2696 2942 2858 2996 1646
2893 2932 2956 2990 in
2993 2926 3099 3012 8.);

1815 3024 2216 3082 Amolonis
2260 3024 2508 3100 lugdun.
2561 3023 2811 3098 archiep.
2860 3023 2938 3079 ad
2985 3021 3099 3079 Go-

1814 3114 2150 3171 thescalcum
2172 3114 2425 3188 epistola,
2461 3112 2525 3170 in
2544 3131 2666 3187 qua
2685 3113 2814 3187 ejus
2836 3111 2908 3168 de
2929 3129 3100 3185 prae-

1812 3202 2213 3261 destinatione
2255 3205 2317 3260 et
2358 3201 2552 3278 gratia
2597 3218 2823 3259 errores
2871 3199 3102 3273 aliquot

1815 3290 2193 3367 reprehendit
2242 3288 2522 3369 (primum
2569 3289 2655 3348 ed.
2704 3289 2781 3346 ib.
2826 3296 2988 3349 1649
3036 3286 3100 3344 in

1818 3377 1930 3459 8.);
1965 3400 2009 3438 s.
2030 3379 2460 3456 Augustini
2495 3377 2824 3436 sententiae
2842 3378 3101 3448 deprae-

1814 3471 2189 3527 destinatione
2239 3476 2287 3526 et
2315 3470 2511 3543 qratia
2543 3466 2655 3524 Dei
2699 3473 2749 3523 et
2780 3466 2956 3524 libero
3001 3465 3100 3522 ho-

1817 3560 1993 3616 minis
2023 3557 2266 3615 arbitrio
2300 3560 2438 3615 ante
2488 3573 2673 3614 annos
2711 3564 2834 3618 800
2870 3573 2936 3611 ex
2971 3553 3102 3628 ejus

1816 3647 1878 3705 ll.
1912 3646 2193 3704 collectae
2240 3642 2346 3726 (ib.
2394 3654 2557 3708 1649
2606 3645 2667 3702 in
2704 3639 2820 3723 8.);
2873 3642 3102 3700 Servati

1816 3736 2008 3811 Lupi
2041 3734 2234 3811 presb.
2275 3736 2343 3792 de
2375 3734 2563 3791 tribus
2593 3732 3031 3809 quaestionibus.
3068 3734 3101 3788 l.

1818 3820 1921 3905 (ib.
1953 3833 2115 3886 1650
2150 3824 2212 3881 in
2238 3820 2351 3902 8.);
2384 3822 2674 3881 Rabani
2706 3821 2957 3896 archiep.
2981 3839 3103 3877 mo-

1815 3913 2058 3990 guntini
2095 3913 2164 3970 de
2186 3913 2717 3985 praedestinatione
2748 3911 2858 3969 Dei
2895 3910 3103 3968 adver-

1817 4021 1918 4061 sus
1967 4002 2418 4061 Gothescalcum
2464 4002 2749 4076 epistolae
2795 4004 2916 4058 tres
2952 3993 3102 4081 (pri-

1819 4111 1981 4150 mum
2012 4092 2098 4149 ed.
2133 4090 2211 4149 ib.
2252 4101 2415 4153 1647
2453 4091 2512 4148 in
2552 4086 2652 4171 8.).
2694 4123 2780 4134 -
2828 4089 3010 4147 Tomo
3049 4096 3104 4147 3.

1818 4180 2201 4239 continentur
2232 4180 2420 4239 Caroli
2453 4179 2668 4237 Calvi
2710 4181 2770 4236 et
2803 4194 3104 4235 successo-

1815 4288 1949 4327 rum
1997 4269 2227 4343 aliquot
2273 4269 2550 4327 Franciae
2597 4286 2804 4341 regum
2849 4265 3106 4339 capitula

1816 4357 1882 4415 in
1911 4356 2161 4417 diversis
2194 4357 2437 4433 synodis
2482 4374 2548 4415 ac
2579 4355 2814 4429 placitis
2861 4372 3103 4429 genera-

1816 4446 1971 4504 libus
2002 4446 2177 4515 edita,
2221 4446 2465 4505 collecta
2497 4444 2773 4518 notisque
2809 4439 3103 4521 (doctissi-

1818 4531 1954 4616 mis)
1988 4535 2293 4594 illustrata
2327 4532 2427 4615 (ib.
2467 4541 2632 4596 1623
2667 4531 2729 4588 in
2765 4527 2880 4609 8.);
2914 4530 3101 4587 Ana-

1818 4623 2055 4683 stasii
2086 4622 2526 4682 bibliothecarii
2557 4621 2911 4689 collectanea,
2956 4634 3106 4693 quae

1819 4713 1878 4771 in
1912 4712 2166 4790 gratiam
2192 4711 2439 4770 Joannis
2472 4709 2721 4778 diaconi,
2756 4726 2891 4767 cum
2925 4708 3106 4766 eccle·

1818 4802 2116 4860 siasticam
2134 4800 2441 4858 historiam
2463 4798 2872 4868 meditaretur,
2895 4815 2926 4855 e
2946 4814 3106 4872 grae·
