3625 5193
1110 259 1480 313 1621-1640.
1508 253 1850 323 Interpretes
1879 271 1921 309 ι.
1948 254 2274 324 Scripturas
2300 253 2361 306 in
2386 252 2681 322 Hispania.

589 273 711 327 763
3083 271 3209 325 764

582 441 763 500 Aliud
797 442 1184 500 Marianae
1217 460 1367 515 opus
1397 440 1663 516 illudque
1682 440 1866 499 famo·
1922 441 2159 516 linguas
2192 440 2570 515 comparavit.
2602 440 2915 516 Regularis
2946 440 3211 516 discipli-

585 549 718 589 sum
763 534 882 588 est:
936 530 1017 588 De
1063 548 1190 606 reye
1234 537 1283 587 et
1328 532 1480 607 reqis
1512 532 1869 588 institutione
1923 548 2047 599 nae,
2076 548 2254 603 quam
2284 529 2536 587 tironem
2561 547 2744 605 agens
2764 529 3059 599 hauserat,
3079 533 3213 588 toto

584 620 644 677 ll.
683 628 717 680 3
754 619 826 677 ad
874 618 1191 694 Hispaniae
1239 637 1438 695 regem
1486 618 1863 689 catholicum,
1922 619 2080 677 vitae
2126 617 2380 676 decursu
2427 617 2571 675 adeo
2617 621 2793 676 tenax
2832 617 2967 687 suit,
3000 622 3072 676 ut
3102 637 3213 678 nec

582 708 774 766 Toleti
820 717 979 770 1599
1015 708 1078 764 in
1113 717 1168 769 4.
1205 702 1419 789 (editio
1465 708 1774 784 originalis
1808 713 1869 765 et
1924 727 1959 765 a
1990 706 2359 782 quotidianis
2394 709 2685 765 nocturno
2704 706 3039 782 diurnoque
3059 712 3213 766 tem-

584 791 757 878 rara)‚
806 797 965 872 quod
998 796 1330 871 puerilibus
1363 796 1738 868 clamoribuS,
1773 796 1867 854 in·-
1923 814 2066 872 pore
2098 795 2260 853 chori
2292 795 2513 854 muniis
2545 799 2992 871 ceterorumque
3012 797 3214 873 pensis

580 885 845 943 numeris
877 885 1193 945 calumniis
1225 887 1285 942 et
1313 885 1614 944 malevolis
1635 904 1867 944 accusa·
1924 903 2186 960 unquam
2248 885 2522 954 abfuerit,
2575 903 2680 942 seu
2731 884 3054 943 lectionum
3107 904 3212 945 seu

583 974 846 1033 tionibus
878 974 941 1032 in
973 973 1312 1032 societatem
1332 973 1370 1032 J
1375 993 1477 1032 esu
1507 974 1868 1032 occasionem
1924 974 2269 1032 concionum
2305 972 2706 1031 habendarum
2727 990 2920 1034 causa.
2954 973 3101 1032 Mira
3117 974 3212 1032 illi

583 1057 825 1143 dedit¹)‚
854 1063 958 1131 ,in
988 1081 1123 1137 quo,
1144 1066 1217 1122 ut
1237 1063 1324 1120 ait
1355 1063 1725 1122 Tournem
1744 1062 1869 1121 ine
1925 1063 2220 1131 memoria,
2269 1079 2399 1120 acre
2429 1061 2745 1137 judicium,
2778 1061 3081 1138 perspicax
3113 1063 3209 1120 in-

583 1152 647 1209 in
691 1152 872 1228 praef.
916 1151 1056 1212 edit.
1091 1155 1399 1210 comment.
1434 1152 1745 1223 Menochii‚
1781 1153 1867 1209 lo·
1922 1151 2183 1228 genium,
2224 1169 2291 1209 ea
2324 1168 2461 1209 vero
2500 1151 2563 1208 in
2595 1150 2905 1209 scribendo
2939 1150 3209 1223 facilitas,

582 1259 768 1316 quens
813 1241 884 1300 de
931 1259 1071 1300 nece
1116 1240 1357 1298 Henrici
1403 1240 1505 1299 111.
1541 1241 1866 1299 Galliarum
1924 1246 1993 1297 ut
2009 1238 2404 1315 quodcunque
2420 1242 2617 1298 mente
2634 1243 3211 1315 conceperat,prom-

581 1330 740 1405 regis
784 1348 852 1388 ea
896 1330 1150 1405 scripsit,
1185 1348 1336 1406 quae
1367 1329 1636 1387 lacrimis
1669 1330 1869 1388 eluere
1923 1335 2029 1404 pto
2061 1347 2126 1386 ac
2157 1328 2351 1386 nitido
2385 1328 2524 1386 stilo
2557 1329 2727 1386 nulla
2759 1328 2944 1386 litura
2977 1348 3212 1387 emacu-

582 1418 904 1488 debuerat3
937 1436 1105 1495 opuS,
1141 1418 1191 1476 si
1223 1418 1328 1476 illa
1346 1419 1563 1486 demas,
1586 1418 1867 1476 eximium
1924 1419 2046 1476 lato
2067 1417 2324 1475 feliciter
2344 1417 2721 1494 exprimeret,
2745 1417 2903 1492 quod
2923 1418 3051 1493 ejus
3072 1437 3211 1476 con-

582 1509 641 1564 et
675 1506 748 1564 ad
797 1506 1238 1566 informandum
1269 1507 1594 1583 principem
1628 1507 1867 1582 aptissi-
1923 1510 2230 1566 testantur
2261 1507 2646 1583 autographa.
2679 1505 3059 1574 Quadrienno
3079 1507 3212 1582 phi-

583 1604 794 1653 mum!
848 1596 1011 1671 Opus
1042 1596 1150 1654 hoc
1181 1598 1434 1672 urgente
1467 1596 1869 1654 oculatissima
1924 1595 2225 1670 losophiae
2254 1595 2593 1653 cathedram
2615 1600 2706 1652 est
2726 1595 3087 1665 moderatuS,
3107 1596 3211 1653 de·

584 1684 721 1741 aula
752 1684 1065 1759 parisiensi
1096 1683 1223 1760 igni
1253 1683 1553 1754 traditum,
1589 1702 1865 1760 suppres-
1924 1684 2131 1742 cennio
2162 1684 2523 1760 theologiam
2544 1683 2855 1761 praelegit.
2891 1683 3044 1743 Stilo
3074 1690 3210 1742 ute·

583 1789 716 1830 sum
747 1773 986 1832 demum
1017 1772 1136 1831 fuit
1168 1773 1347 1831 etiam
1377 1773 1440 1830 in
1472 1773 1726 1848 simplici
1759 1773 1868 1831 Hi·
1922 1773 2103 1831 batur
2164 1792 2367 1848 presso
2432 1792 2497 1831 ac
2547 1772 2736 1831 nitido
2787 1772 2888 1830 sed
2939 1790 3208 1843 nervom,

585 1861 866 1940 spaniass).
905 1862 1177 1921 Ceterum
1209 1861 1503 1920 calumnia
1530 1865 1636 1930 est,
1670 1862 1865 1921 Socie-

581 1951 692 2008 tati
724 1950 868 2009 Jesu
913 1954 1168 2026 propt-er
1200 1950 1495 2009 Marianae
1527 1969 1676 2027 opus
1710 1952 1865 2026 ejus·

583 2038 715 2097 dem
767 2039 1103 2116 opinionem
1123 2083 1136 2106 ,
1190 2038 1421 2098 licitum
1469 2058 1599 2098 esse
1647 2059 1864 2116 regem,

581 2128 685 2203 qui
736 2127 978 2205 tyranni
1027 2146 1187 2186 more
1233 2146 1295 2186 se
1346 2132 1540 2205 gerat,
1581 2128 1863 2205 occidere,

580 2223 884 2293 tamquam
905 2218 1229 2276 doctrinam
1252 2218 1381 2293 ejus
1401 2219 1702 2293 propriam
1724 2237 1866 2276 ven-

581 2305 789 2376 ditare,
837 2325 970 2365 cum
1002 2305 1313 2381 Aquaviva
1358 2307 1733 2382 praepositus
1766 2326 1869 2383 ge-

581 2397 801 2453 neralis
814 2414 942 2454 eam
957 2395 1069 2454 sub
1086 2396 1708 2454 excommunicationis
1728 2415 1867 2471 poe-

580 2502 657 2542 na
702 2484 1002 2543 sodalibus
1046 2484 1436 2558 prohibuerit.
1502 2484 1765 2542 Libellus
1812 2485 1866 2542 ei

581 2573 849 2633 tributus
882 2574 950 2632 de
969 2572 1279 2641 error-ibae,
1308 2572 1412 2647 qui
1445 2573 1509 2630 in
1549 2573 1737 2632 forma
1755 2593 1866 2650 gu-

580 2662 948 2720 bernationis
969 2663 1023 2719 S.
1043 2661 1098 2723 J.
1123 2666 1442 2720 occurrunt
1473 2661 1546 2719 ab
1579 2662 1711 2720 aliis
1742 2663 1866 2722 edi·

580 2754 680 2809 tus
709 2760 892 2820 1625,
914 2750 1181 2807 Genevae
1210 2759 1394 2820 1631,
1428 2755 1519 2808 est
1549 2751 1722 2809 valde
1755 2751 1865 2809 du-

580 2839 736 2911 bius,
768 2840 865 2897 vel
898 2839 1108 2896 saltem
1141 2837 1555 2914 interpolatus
1595 2840 1863 2898 Prohibi-

581 2930 680 2984 tus
712 2927 939 3004 legitur
969 2926 1119 2985 decr.
1168 2937 1237 2989 17
1273 2926 1311 2985 J
1318 2946 1415 2985 un.
1457 2938 1641 2991 1617.

671 3112 813 3167 320.
837 3103 991 3163 Huic
1005 3105 1387 3180 adjungimus
1406 3106 1686 3164 Thomatn
1707 3106 1860 3163 Mal·

579 3211 663 3250 ve
683 3192 825 3251 nda
857 3192 969 3252 ΟΡ.
1004 3193 1203 3252 Setabi
1245 3193 1404 3270 apud
1433 3194 1779 3254 Valentinos
1814 3215 1864 3254 a.

589 3292 750 3345 1566
797 3286 1015 3354 ortum,
1057 3285 1160 3358 qui
1193 3301 1464 3359 graecam
1499 3283 1860 3342 hebraicam·

577 3390 691 3445 que
738 3372 898 3430 solus
944 3372 1113 3430 nullo
1163 3391 1310 3430 usus
1342 3375 1718 3448 praeceptore
1751 3373 1861 3431 sibi

653 3602 692 3668 ¹)
720 3597 802 3652 Cf.
828 3597 1068 3652 Michael
1111 3597 1318 3677 Ztschr.
1348 3598 1384 3650 f.
1423 3596 1478 3650 k.
1508 3596 1704 3652 Theol.
1734 3596 1866 3652 XVI

578 3672 756 3751 (1892)
783 3672 1084 3732 556-567‚
1126 3686 1221 3735 qm
1251 3669 1392 3751 bene
1434 3670 1628 3723 notat:
1670 3667 1865 3723 Uebri·

577 3741 1167 3878 Ξὲἓέἔξᾱὲζὲοὲἒέῗ
1185 3740 1337 3864 31¹3?
1338 3756 1469 3864 ²322·
1483 3740 1865 3878 ..stiffi

579 3879 978 3960 Schandflecke
1008 3895 1239 3960 iinserer
1272 3897 1518 3963 neueren
1546 3881 1865 3963 Geso-bicht-

578 3950 949 4090 Zigffii'uffia
972 3950 1866 4107 “saffis‘ffifflffif3233&

579 4091 645 4215 t:
674 4092 1204 4235 surgzzzsffzss.
1233 4094 1736 4271 assatas,
1749 4095 1866 4219 ἐξ

654 4309 693 4374 ⁹)
723 4307 858 4388 „Les
885 4240 1777 4387 &impressi-onsffinlci'gigsssaqker
1795 4308 1864 4372 II,

578 4380 735 4442 1088,
763 4397 858 4445 qui
888 4382 988 4431 ont
1014 4379 1104 4432 ete
1133 4378 1298 4431 faites
1327 4379 1558 4430 n'etant
1584 4382 1748 4446 point
1774 4396 1865 4432 en·

578 4235 863 4305 genaburg
888 4241 1028 4293 1905
1056 4240 1186 4289 sect.
1214 4237 1279 4289 X.

1923 1862 2097 1937 eique
2155 1862 2217 1920 in
2274 1862 2576 1920 tradendis
2626 1861 2975 1937 disciplinis,
3029 1863 3211 1920 sacris

1923 1951 2276 2027 praesertim
2322 1956 2383 2010 et
2431 1951 2667 2018 divinis
2702 1949 3055 2025 displicebat
3086 1969 3210 2009 ser·

1921 2041 2115 2098 monis
2161 2040 2393 2098 ruditas
2437 2044 2543 2098 aut
2589 2039 2906 2100 barbaries
2968 2039 3111 2097 Cum
3143 2040 3211 2098 in

1924 2129 2239 2186 annalibus
2273 2134 2333 2187 et
2367 2146 2608 2186 romano
2640 2128 3065 2205 martyrologio
3093 2129 3209 2186 Ba-

1924 2218 2079 2275 ronii
2110 2219 2396 2293 quaedam
2428 2218 2628 2275 minus
2647 2218 2946 2292 probaret,
2970 2217 3210 2293 scripsit

1922 2306 1995 2363 ad
2028 2326 2166 2364 eum
2191 2328 2240 2364 a.
2270 2317 2432 2369 1600
2459 2307 2793 2382 epistolam,
2815 2324 2932 2380 qua
2950 2306 3209 2382 ingenue

1924 2414 2073 2470 quae
2108 2395 2222 2452 sibi
2256 2414 2373 2454 non
2404 2396 2711 2471 placerent
2742 2395 3031 2469 exposuit.
3094 2396 3207 2453 Ba-

1923 2484 2129 2542 ronius
2175 2504 2315 2543 vero
2348 2484 2603 2542 'rhomae
2649 2484 2905 2542 miratus
2951 2484 3204 2560 diligen·

1923 2574 2069 2632 tiam
2116 2583 2178 2632 et
2221 2573 2643 2650 perspicaciam
2677 2574 2923 2649 ejusque
2957 2573 3208 2633 candore

1922 2668 2131 2739 captus
2195 2667 2256 2721 et
2306 2663 2567 2732 solertia,
2620 2662 2949 2739 plurimum
3000 2663 3208 2721 exinde

1922 2771 2058 2809 eum
2092 2754 2295 2821 coluit,
2330 2771 2395 2810 ac
2425 2756 2498 2810 ut
2520 2753 2760 2810 Romam
2793 2755 3203 2819 arcesseretur,

1920 2842 2079 2917 apud
2110 2841 2464 2918 magistrum
2498 2841 2722 2899 ordinis
2754 2841 2812 2898 F.
2836 2840 3073 2898 Hieron.
3096 2841 3206 2898 Xa-

1923 2930 2114 2988 vierre
2160 2930 2487 2988 instantius
2532 2930 2673 3004 egit.
2722 2930 2967 2987 Romam
3018 2929 3209 3006 igitur

1920 3020 2086 3077 venit
2103 3019 2353 3077 Thomas
2374 3037 2559 3094 eoque
2580 3024 2859 3077 monente
2879 3020 3053 3094 plura
3072 3019 3207 3076 doc-

1920 3108 2191 3166 tissimus
2224 3108 2542 3165 cardinalis
2572 3108 2637 3165 in
2669 3107 2987 3166 annalibus
3006 3126 3206 3165 recen-

1921 3197 2046 3255 suit·
2078 3203 2140 3255 et
2171 3197 2445 3255 mutavit.
2487 3196 2810 3255 Adhibitus
2831 3215 3067 3271 quoque
3090 3196 3208 3254 fuit

1919 3286 1991 3343 ad
2037 3286 2299 3344 missalia
2344 3290 2405 3343 et
2439 3285 2734 3344 breviaria
2764 3284 2990 3343 ordinis
3022 3285 3206 3344 corri-

1919 3374 2111 3450 genda
2131 3379 2192 3433 et
2211 3374 2585 3445 recensenda,
2606 3374 2679 3432 ad
2700 3373 3042 3432 scribendos
3054 3375 3205 3450 ejus·

1920 3464 2053 3521 dem
2099 3464 2358 3533 annaleS,
2402 3482 2550 3538 quos
2592 3463 2772 3521 etiam
2809 3463 3070 3539 collegit,
3108 3462 3209 3521 sed

1919 3572 1993 3610 ne
2026 3552 2490 3628 publicarentur,
2526 3570 2797 3628 expresse
2844 3552 3010 3612 cavit.
3060 3553 3201 3608 Pro-

1920 3642 2163 3700 dierunt
2192 3645 2391 3699 tamen
2423 3641 2608 3700 inscio
2639 3640 2946 3715 invitoque
2967 3644 3204 3697 auctore

1922 3730 2172 3806 Neapoli
2213 3740 2232 3790 1
2254 3741 2329 3792 62
2346 3742 2398 3798 7,
2434 3730 2596 3805 iique
2616 3729 2898 3788 exhibent
2918 3748 3068 3806 opus
3086 3749 3206 3787 non

1920 3820 2289 3877 elaboratum
2323 3832 2383 3876 et
2417 3819 2772 3895 indigestam
2794 3819 2970 3894 plane
2993 3820 3207 3877 molem

1923 3906 2021 3987 (ad
2048 3930 2098 3970 a.
2128 3902 2320 3989 1246)
2354 3908 2620 3966 fabulosa
2651 3926 2887 3982 quoque
2920 3907 3207 3983 complec-

1922 4001 2164 4064 tentem,
2200 4016 2351 4072 quae
2384 3997 2659 4055 ultimam
2685 3997 3059 4071 exspectabat
3083 4016 3203 4052 ma-

1921 4106 2083 4144 num.
2132 4087 2334 4144 Partes
2368 4087 2577 4143 habuit
2609 4086 2672 4143 in
2705 4083 3083 4160 expurganda
3112 4085 3206 4141 bi-

1920 4175 2218 4233 bliot-heca
2251 4194 2327 4239 ss,
2346 4180 2584 4251 patrum
2621 4172 2935 4249 parisiensi
2956 4194 3006 4230 a.
3036 4183 3205 4237 1589

1921 4265 2009 4322 ed.
2045 4264 2379 4341 Margarino
2424 4263 2495 4320 de
2542 4264 2598 4320 la
2638 4263 2911 4338 Bigne,
2958 4262 3208 4339 ejusque

1921 4356 2315 4411 annotationes
2347 4352 2606 4410 insertae
2636 4351 2803 4409 fuere
2836 4351 3085 4409 editioni
3106 4372 3208 4427 pa·

577 4447 761 4514 tieres,
789 4453 964 4503 n'ont
990 4468 1092 4519 pas
1120 4450 1187 4503 de
1216 4449 1459 4505 valeur.··
1505 4448 1604 4503 Ed.
1635 4466 1866 4519 mogun·
1921 4441 2153 4499 risiensi
2201 4462 2249 4501 a.
2306 4452 2487 4503 1605.
2554 4442 2706 4498 Item
2753 4458 2994 4515 operam
3040 4461 3205 4499 suam

577 4519 754 4571 finam
783 4525 923 4577 1605
962 4524 1231 4575 Ossfflfflnt
1249 4521 1417 4589 1113(ῑὸ
1452 4519 1587 4573 Prstt
1623 4520 1865 4576 editores
1921 4530 2181 4589 contulit
2228 4529 2299 4587 ad
2346 4527 2626 4587 librorum
2655 4529 3079 4603 prohibitorum
3110 4531 3205 4586 in-

578 4589 905 4645 calviniani.
946 4592 1025 4645 Cf.
1055 4592 1098 4644 B
1116 4592 1254 4645 alm
1274 4608 1302 4643 e
1318 4609 1341 4644 s
1363 4633 1374 4655 ,
1420 4592 1518 4645 der
1547 4592 1866 4647 protestan-

577 4660 776 4714 tismus
802 4661 1123 4732 verglichen
1147 4664 1248 4716 mit
1278 4663 1403 4717 dem
1421 4662 1864 4718 Katholicismus

1920 4621 2099 4677 dicem
2140 4620 2639 4695 expuryatorium,
2687 4618 2791 4693 qui
2825 4618 3038 4676 Romae
3068 4637 3204 4692 pro-

579 4731 672 4795 ΠΙ,
714 4736 812 4793 523
860 4733 1209 4787 Reiehmann
1250 4733 1303 4787 S·
1341 4734 1390 4788 J·
1430 4733 1541 4787 ΚΒ.
1572 4734 1717 4801 VIH¹
1760 4739 1864 4791 795
1919 4708 2031 4766 diii
2095 4718 2255 4770 1607
2312 4709 2424 4766 sub
2472 4706 2727 4766 -nomine
2775 4706 2943 4765 JOan.
2988 4707 3206 4765 Mariae

577 4807 769 4859 —800.

1921 4796 2598 4854 Brassichelensis
2658 4796 2809 4873 Mag.
2871 4817 2913 4854 s,
2977 4797 3098 4854 Pal.
3148 4817 3207 4871 p.
