3625 5193
423 247 543 301 731
902 228 1144 302 Pavone,
1172 228 1456 301 Sopranis,
1484 229 1807 295 Ginnasius,
1834 229 2140 301 Pulsictus,
2166 229 2235 284 de
2262 228 2439 285 Ponte
2466 232 2570 285 etc.
2923 248 3055 305 732

431 424 628 486 16253
676 434 731 490 p.
786 424 839 478 3.
885 414 958 474 de
1004 416 1331 475 canonibus
1374 416 1708 493 isagogicis,
1765 418 1828 474 in
1858 415 2203 476 Psalterium
2235 435 2340 491 per
2372 415 2796 476 hebdomadam
2829 417 2902 476 ad
2933 418 3051 477 for·

424 505 549 563 sive
580 504 652 563 de
686 522 887 563 sacrae
919 504 1429 580 interpretationis
1448 505 1707 565 ratione:
1763 523 1921 569 mam
1966 505 2244 564 breviarii
2290 505 2534 575 romani,
2569 504 2833 566 Venetiis
2883 515 3045 570 1627

422 612 539 668 quo
584 592 644 650 in
692 610 865 669 opere
912 592 1189 653 methodo
1235 593 1516 653 facillima
1545 593 1707 653 exhi·
1763 593 1826 653 in
1881 605 1938 656 4.
2003 593 2255 670 Scripsit
2315 594 2490 654 etiam
2539 595 2610 652 de
2653 596 2863 653 divinis
2919 597 3055 669 offi-

420 683 597 742 betur
643 681 957 741 artificium
1002 681 1244 757 plenum
1275 683 1349 741 ad
1383 702 1707 758 quemcun·
1763 684 1887 756 ciiS,
1920 682 2254 745 Placentiae
2293 693 2456 746 1607
2494 682 2557 742 in
2591 693 2756 745 4.—-
2784 684 3051 743 Domini-

422 791 537 847 que
569 770 909 847 Scripturas
954 769 1149 831 locum
1190 772 1705 848 interpretandum
1764 790 1870 831 cus
1921 772 2346 831 Ginnasius
2412 768 2697 854 (Ginnasi,
2759 769 3052 853 Gimnasi)

420 865 481 919 et
514 860 789 918 historice
820 863 884 918 et
912 860 1162 936 mystice
1193 878 1258 919 ac
1290 862 1604 938 multiplex
1635 861 1708 919 ad
1763 861 2172 931 Bononiensis,
2229 861 2385 937 juris
2448 860 2767 937 utriusque
2828 861 3049 932 doctor,

423 948 889 1009 concionandum
935 948 1209 1020 eruditio,
1251 949 1331 1008 ib.
1376 960 1557 1013 1626.
1605 949 1708 1027 Ip-
1764 953 1827 1010 et
1870 954 2004 1027 post
2052 950 2167 1009 alia
2196 969 2443 1010 munera
2474 949 2797 1010 honorifica
2825 951 3050 1009 arehie-

421 1039 542 1098 sius
587 1040 893 1114 praeterea
939 1031 1176 1117 sunt¹):
1240 1039 1708 1098 Commentarius
1763 1040 2040 1116 piscopus
2059 1038 2421 1116 sipontinus,
2443 1040 2555 1098 sub
2580 1040 2877 1100 Clemente
2894 1038 3051 1103 VIII.

425 1127 796 1205 dogmaticus
830 1127 954 1185 sive
985 1127 1293 1206 theoloqica
1313 1130 1710 1208 interpretatio
1763 1128 2021 1188 nuncius
2070 1128 2427 1204 apostolicus
2478 1130 2538 1186 et
2587 1128 2825 1186 demum
2884 1138 3049 1191 1604

423 1221 484 1275 in
515 1216 998 1275 Pentateuchum:
1028 1235 1252 1278 novum
1283 1217 1601 1279 artificium
1634 1218 1710 1279 ad
1763 1216 2081 1277 cardinalis
2116 1215 2178 1298 (†
2218 1226 2311 1280 13.
2347 1217 2516 1277 Mart.
2556 1226 2720 1280 1639
2756 1236 2806 1275 a.
2839 1217 3052 1276 aetatis

307 1354 313 1361 .
418 1305 881 1381 intelligentiam
927 1305 1262 1383 theologiae
1293 1309 1425 1366 tum
1457 1306 1707 1365 literalis
1766 1303 1895 1387 89),
1948 1307 2120 1380 cujus
2188 1324 2366 1381 opera
2427 1305 2776 1381 prodierunt
2833 1307 3051 1365 Romae

419 1402 549 1454 tum
600 1394 886 1471 mysticae
933 1412 1006 1453 ss,
1042 1393 1484 1470 Scripturarum
1531 1399 1592 1455 et
1634 1395 1707 1454 ad
1771 1404 1935 1459 1636
1985 1415 2038 1455 v·
2088 1403 2122 1458 2
2169 1394 2231 1452 in
2275 1395 2314 1455 f.
2347 1397 2526 1472 atque
2573 1394 3053 1471 complectuntur

418 1483 737 1560 parandam
778 1482 1039 1541 nobilem
1082 1484 1389 1543 materiam
1431 1503 1537 1561 pro
1571 1504 1707 1544 con·
1762 1484 1922 1543 inter
1965 1483 2081 1542 alia
2126 1483 2420 1559 piissimas
2458 1485 2959 1559 interpretationes
2988 1486 3053 1541 in

419 1572 689 1631 cionibus
735 1576 796 1633 et
840 1571 914 1629 ad
946 1591 1119 1631 usum
1152 1574 1707 1644 controversiarum,
1765 1568 2028 1631 Psalmos
2072 1577 2133 1631 et
2176 1574 2571 1632 annotationes
2600 1574 2957 1632 doctissimas
2987 1575 3054 1632 in

418 1661 664 1737 Neapoli
695 1670 858 1724 1635
895 1660 961 1718 in
989 1660 1061 1731 f.;
1096 1679 1245 1738 opus
1276 1682 1506 1733 rarum;
1545 1663 1707 1722 Com·
1764 1661 2224 1725 Pentateuchum.
2290 1661 2481 1722 Tanto
2531 1662 2725 1738 rigore
2776 1660 3054 1721 servabat

422 1752 740 1808 mentarius
786 1750 1154 1826 doymaticus,
1207 1750 1330 1810 sive
1374 1752 1709 1829 theologica
1754 1751 2074 1826 jejunium,
2123 1754 2194 1809 ut
2237 1769 2373 1809 cum
2419 1750 2629 1809 medici
2675 1751 3054 1810 consulerent

418 1838 833 1915 interpretatio
865 1838 931 1896 in
960 1839 1282 1916 evangelia,
1315 1858 1537 1900 novum
1563 1836 1707 1899 arti-
1763 1829 1975 1899 saltem
2006 1840 2184 1898 morti
2216 1839 2501 1915 proximo,
2535 1842 2607 1898 ut
2638 1839 2789 1900 illud
2821 1839 3047 1898 relaxa·

422 1928 620 1987 ficium
652 1932 762 1987 etc.
794 1927 857 1985 ib
898 1936 1061 1991 1636
1098 1928 1162 1987 in
1192 1928 1232 1987 f.
1257 1963 1338 1972 —
1360 1928 1568 1988 Libros
1597 1930 1708 1988 Re·
1761 1932 1872 1998 ret,
1923 1928 2260 2004 respondit:
2313 1929 2475 1997 ,Cur
2522 1947 2615 1986 me
2666 1947 2771 2003 per
2799 1927 3050 1987 biduum

418 2037 563 2094 gum
594 2020 1032 2076 commentatus
1078 2020 1173 2076 est
1203 2017 1463 2081 {Ioannes
1497 2018 1706 2078 Hiero·
1761 2018 1948 2076 vultis
2010 2018 2235 2076 solvere
2292 2017 2820 2093 quadragesimam,
2871 2036 3052 2093 quam

417 2123 635 2182 nymus
684 2105 1057 2181 Sopranis
1105 2106 1158 2164 S.
1206 2105 1261 2169 J.
1296 2104 1705 2188 Genuensis²)‚
1761 2106 1934 2165 annis
2002 2115 2081 2169 80
2134 2105 2390 2181 amplius
2448 2109 2665 2164 sartam
2716 2108 3051 2181 tectamque

419 2196 508 2253 vir
537 2195 748 2253 eximia
791 2193 1056 2252 doctrina
1085 2194 1409 2270 praeditus,
1444 2196 1706 2272 philoso-
1763 2194 1993 2254 servavi
2011 2189 2142 2276 ¹)?‘
2191 2227 2264 2237 —-
2310 2194 2595 2252 Camillus
2642 2193 3049 2252 Pulsictus

417 2284 589 2359 phiae
633 2286 695 2342 et
737 2283 1066 2360 theologiae
1112 2284 1408 2360 professor
1448 2284 1627 2365 atque
1660 2304 1705 2343 s.
1763 2283 1829 2343 O.
1852 2283 2488 2342 Camald.Tbeanensis
2510 2282 2698 2341 edidit
2715 2281 3049 2358 Expositio·

419 2373 757 2448 Scripturas
801 2372 1118 2447 interpres,
1163 2373 1259 2433 cui
1301 2372 1454 2431 illud
1487 2374 1705 2433 mirum
1761 2392 1867 2433 nes
1900 2375 1962 2430 in
1992 2389 2184 2431 omnes
2214 2371 2478 2431 Psalmos
2497 2372 2761 2446 Davidis,
2786 2369 3049 2430 Venetiis

420 2463 538 2520 Deo
583 2463 664 2519 sic
709 2460 1060 2536 disponente
1107 2462 1374 2539 contigit,
1408 2466 1479 2520 ut
1508 2466 1707 2521 mente
1770 2470 1935 2524 1628
1970 2461 2035 2519 in
2079 2471 2134 2522 4.
2176 2451 2246 2505 '-·-
2286 2458 2485 2536 Ipsum
2518 2459 2864 2518 Psalterium
2896 2461 3049 2518 vati-

415 2550 489 2608 ad
519 2554 758 2626 tempus
791 2552 1090 2609 exerraret
1121 2568 1242 2610 uno
1277 2551 1340 2609 in
1362 2550 1592 2628 objecto
1613 2570 1705 2611 ce·
1761 2568 1975 2610 canum
2008 2569 2073 2609 ex
2107 2549 2526 2624 antiquissimo
2559 2548 2681 2608 cod.
2702 2548 2865 2625 typis
2886 2548 3051 2608 dedit

414 2647 544 2698 tera
570 2638 901 2698 rectissime
923 2639 1448 2718 cordatissimeque
1470 2641 1706 2717 sapiens
1770 2651 1935 2704 1619
1960 2640 1998 2698 J
2003 2657 2222 2698 oannes
2244 2639 2512 2714 Baptista
2545 2640 2592 2697 B
2609 2639 2750 2697 and
2769 2638 2788 2696 i
2805 2638 2880 2697 ni
2912 2639 3048 2697 Flo-

417 2725 475 2792 (†
518 2738 611 2790 11.
641 2728 788 2785 Nov.
829 2737 994 2791 1629
1041 2748 1090 2789 a.
1126 2730 1339 2788 aetatis
1386 2724 1512 2809 57).
1562 2731 1706 2789 Post
1761 2729 2057 2798 rentinus,
2082 2728 2172 2787 ad.
2195 2728 2411 2792 sPetri
2431 2727 2749 2787 canonicus
2769 2725 3047 2809 (n.1551,

415 2817 605 2892 ipsius
625 2816 856 2875 obitum
879 2836 1019 2875 cura
1035 2817 1199 2875 Fabii
1219 2819 1514 2877 Ambrosii
1538 2821 1574 2879 S
1591 2840 1629 2895 p
1646 2820 1705 2877 i·
1760 2814 1796 2883 †
1821 2828 1916 2882 18.
1940 2818 2096 2893 Sept.
2123 2813 2332 2899 1628).
2354 2851 2431 2861 -
2454 2817 2699 2875 Librum
2722 2816 3052 2890 Sapientiae

415 2906 647 2964 nulae
697 2904 893 2964 editus
944 2908 1067 2964 est:
1134 2906 1595 2966 Commentarius
1646 2910 1705 2966 in
1762 2907 2038 2981 exposuit
2056 2906 2411 2965 Laurentius
2443 2906 2527 2964 de
2560 2907 2799 2964 Ponte
2823 2902 3049 2987 (Apon-

417 2995 698 3053 Davidem
730 2995 1126 3070 complectens
1158 3015 1228 3054 ex
1273 3008 1316 3058 1.
1352 2999 1413 3054 et
1448 3006 1501 3058 2.
1533 2998 1572 3060 1.
1595 2996 1702 3055 Re·
1762 2988 1849 3076 te)
1885 2995 1947 3054 Ο.
1982 2996 2125 3054 Cler.
2158 2995 2299 3052 min.
2333 2990 2845 3074 Neapolitanus2).
2892 2995 2979 3053 Ex
3012 3005 3049 3056 4

415 3103 559 3161 gum
592 3084 952 3142 fortunatam
989 3083 1242 3143 davidici
1274 3085 1442 3161 regni
1477 3089 1705 3161 partem
1764 3103 1914 3158 quos
1947 3084 2280 3142 medidatus
2313 3087 2405 3142 est
2434 3088 2478 3146 t.
2500 3085 2561 3141 in
2583 3084 2683 3141 Ευ.
2704 3103 2749 3142 s,
2773 3082 3053 3143 Matthaei

415 3192 534 3230 una
566 3191 700 3230 cum
732 3173 1204 3248 digressionibus
1237 3173 1310 3231 de
1342 3192 1404 3232 re
1425 3175 1706 3233 vestiaria
1761 3172 1879 3231 duo
1927 3173 2277 3249 prodierunt
2320 3172 2598 3248 Lugduni
2641 3183 2798 3234 1641
2850 3169 2910 3250 (†
2946 3182 3047 3236 26.

414 3261 817 3319 Hebraeorum
865 3263 926 3318 et
957 3262 1028 3319 de
1062 3262 1391 3332 funeribus,
1428 3262 1706 3340 Lugduni
1762 3261 1889 3321 Oct.
1928 3257 2140 3340 1639).
2160 3295 2247 3303 -
2272 3262 2341 3319 L.
2365 3255 2834 3319 Eccksiasticum
2866 3260 3050 3335 expli·

425 3359 587 3413 1643
621 3350 687 3408 in
720 3350 756 3407 f.
815 3350 904 3408 Ad
954 3369 1101 3426 opus
1149 3352 1371 3414 morale
1403 3351 1700 3410 Vincentii
1762 3351 1889 3410 cuit
1925 3351 2277 3409 Octavianus
2309 3350 2394 3407 de
2427 3349 2615 3408 'l'ufo
2649 3349 2703 3406 S.
2727 3349 2782 3411 J.
2815 3349 3048 3424 Neapo-

414 3439 781 3497 Filliucii
831 3435 930 3512 (de
976 3458 1094 3513 quo
1127 3440 1305 3513 infra)
1352 3440 1566 3516 adjecit
1597 3461 1700 3517 ap·
1762 3440 1985 3498 litanus
2020 3437 2078 3514 (†
2113 3449 2211 3500 29.
2237 3440 2365 3496 Dec.
2409 3448 2571 3500 1639
2606 3457 2653 3495 a.
2675 3438 2884 3495 aetatis
2919 3432 3048 3515 51),

414 3527 738 3602 pendicem,
772 3528 835 3585 in
865 3546 986 3602 qua
1007 3531 1150 3587 sunt
1167 3532 1459 3588 tractatus
1480 3530 1548 3588 de
1564 3549 1703 3604 pen·
1760 3528 2038 3604 Lugduni
2082 3536 2242 3592 1628
2293 3530 2335 3589 t.
2369 3526 2599 3602 primus
2643 3526 2704 3585 in
2751 3527 2787 3583 s.
2823 3521 3051 3607 (rarus)

413 3617 684 3682 sionibus,
734 3617 802 3673 de
841 3618 1045 3690 spoliis
1076 3618 1428 3688 clericorum,
1463 3619 1531 3676 de
1564 3620 1699 3676 alie·
1760 3616 2156 3692 complectens
2178 3634 2256 3673 cc.
2289 3625 2523 3684 1—18;
2543 3615 2820 3674 Coloniae
2849 3623 3049 3684 1629;

415 3707 644 3764 natione
665 3724 860 3763 rerum
881 3708 1423 3781 ecclesiasticarum,·
1443 3706 1703 3766 Filliucii
1763 3705 2020 3764 Viennae
2078 3715 2274 3775 16693
2316 3703 2840 3772 ‚continuationem
2890 3721 3052 3762 mors

417 3795 677 3853 laborem
712 3793 784 3852 de
816 3795 1118 3854 beneficiis
1142 3799 1203 3854 et
1222 3795 1478 3856 simonia
1498 3814 1704 3873 recog·
1758 3794 2092 3869 intercepit.
2186 3794 2607 3871 Prolegomena
2680 3791 3052 3852 commendat

415 3882 580 3942 novit
595 3882 873 3959 Lugduni
896 3894 1059 3947 1625
1085 3884 1193 3942 inf
1211 3929 1222 3948 ,
1252 3894 1522 3948 1634.-—
1540 3886 1702 3944 Psal-
1764 3884 1990 3941 Calmet
2019 3884 2080 3940 in
2111 3882 2256 3940 bibl.
2291 3901 2334 3941 s.
2367 3902 2420 3958 p.
2447 3891 2545 3945 93.
2568 3916 2655 3924 —-
2674 3881 3049 3957 Berlingberi

413 3991 538 4031 mos
575 3976 832 4046 quatuor
871 3974 1246 4048 interpretat-i
1296 3976 1469 4032 sunt:
1523 3974 1702 4032 Fran·
1759 3972 2281 4048 Ventimiglia
2313 3967 2373 4051 (†
2414 3967 2605 4051 1629)
2647 3971 2832 4031 Siculi
2856 3987 3049 4044 para-

414 4061 601 4121 ciscus
647 4060 732 4118 de
767 4060 1084 4133 Primis,
1118 4062 1449 4137 theologiae
1481 4063 1701 4133 doctor,
1751 4062 2003 4135 phrases
2051 4063 2111 4119 in
2162 4067 2463 4136 utramque
2494 4079 2577 4136 ep.
2610 4061 2691 4118 ad
2726 4060 3055 4118 Corinthios

415 4152 473 4209 in
504 4150 776 4209 Psalterii
824 4152 1074 4209 davidici
1121 4146 1456 4224 difficilores
1507 4170 1704 4209 versus

415 4241 708 4315 expositiO,
741 4239 1054 4298 Mediolani
1085 4248 1251 4301 1624
1286 4237 1344 4296 in
1375 4239 1699 4300 12.-.Ῑο-
1836 4290 1849 4323 ¹
1930 4284 1977 4336 ,f
2034 4282 2078 4335 E
2531 4283 2565 4335 d
2641 4284 2663 4334 t
2738 4281 2753 4332 l
2814 4285 2847 4336 5
2987 4285 3048 4336 7·

413 4328 584 4386 annis
606 4327 911 4401 Baptistae
932 4329 1370 4403 Rossicongr.
1391 4328 1702 4387 cler.Som-
1762 4285 2035 4408 Fagtffiz'zi
2064 4299 2486 4416 ffigslffssussgum
2572 4299 2635 4336 ⁰⁰
2665 4300 2699 4336 a
2760 4323 2772 4334 ’
2888 4289 2914 4346 5
2951 4286 2980 4337 7
3038 4322 3051 4341 '

411 4416 1705 4489 maschorum,Gennensis,estCommentm-ius
1836 4429 1876 4497 ²)
1909 4426 1985 4489 „11
2014 4444 2047 4478 a
2072 4425 2254 4489 luisse,
2294 4424 2487 4477 scribit
2521 4425 2560 4477 F
2580 4422 2769 4476 eller
2797 4422 2915 4484 VII,
2943 4427 3051 4486 69„

1760 4516 1841 4562 un
1866 4497 2047 4567 grand
2078 4497 2308 4551 nombre
2346 4496 2401 4548 d'
2418 4511 2693 4563 ouvrages
2720 4492 2820 4562 qui
2848 4495 3052 4546 curent

1759 4568 1829 4622 de
1856 4569 1914 4621 la
1934 4568 2199 4622 celebrite
2220 4571 2278 4620 et
2305 4568 2496 4619 t’urent
2515 4564 2757 4619 honores
2778 4563 2848 4620 de
2870 4562 3050 4617 l'esti-

491 4647 525 4704 ¹)
554 4641 636 4696 Cf.
680 4641 962 4696 Sotvellus
1003 4660 1040 4710 p
1100 4646 1236 4702 2402
1281 4640 1704 4709 Sominervogel
1758 4656 1849 4693 me
1877 4640 1969 4693 des
1998 4642 2242 4693 savants,
2286 4636 2372 4690 On
2399 4637 2507 4690 cite
2545 4638 2773 4690 surtout
2814 4650 2923 4716 une
2961 4639 3050 4688 Vie

411 4710 504 4774 Vl,
532 4716 797 4770 390—95.
1759 4714 1821 4765 de
1847 4713 2043 4781 David,
2087 4710 2187 4778 qui
2213 4711 2303 4762 fut
2344 4708 2610 4761 tres-bien
2651 4706 2944 4762 accueillie
2970 4706 3046 4759 du

489 4791 526 4849 ²)
556 4781 978 4852 Sommervogel
1009 4782 1127 4848 VlI,
1156 4787 1295 4842 1387
1324 4801 1365 4837 s.
1759 4780 2005 4852 public.“
