3625 5193
950 218 1323 273 1581-1600.
1349 213 1613 284 Exegesis
1637 213 1699 267 in
1724 211 1933 268 Gallia.
1957 210 2251 279 Birrietus,
2277 210 2579 281 Bulenger,
2604 209 2937 281 Taillepied,

631 233 761 288 267
3125 226 3250 281 268

635 411 801 466 1606
855 401 922 460 in
969 400 1008 460 f.
1057 433 1147 444 —
1192 398 1495 458 Antonius
1546 398 1584 457 S
1605 416 1637 458 c
1656 417 1742 475 ay
1760 418 1803 457 n
1822 418 1866 457 u
1885 416 1913 457 s
1969 397 2316 457 tissimusin
2336 396 2768 474 Apocalypsim‚
2788 396 2869 455 ib.
2901 406 3061 460 1597
3087 396 3175 456 ed.
3195 405 3257 458 2,

628 490 954 549 Brixiensis
974 490 1289 566 presbyter
1324 492 1385 547 et
1416 488 1745 565 theologiae
1776 486 1913 546 doc·
1968 518 2058 531 -
2088 486 2291 545 Natali
2334 485 2776 561 Taillepied
2825 485 3256 557 Pontizarensi,

627 582 724 639 tor
744 580 1175 654 paraphrasim
1208 577 1583 637 concinnavit
1613 577 1679 635 in
1709 593 1913 636 omnes
1972 575 2160 646 Gallo,
2194 575 2257 633 Ο.
2292 574 2348 635 S.
2380 574 2590 633 F‘ranc.
2619 594 2678 633 n.
2709 592 2755 632 c.
2797 584 2985 645 1540,
3015 574 3257 634 doctore

631 688 675 728 s.
707 668 880 727 Pauli
911 667 1199 744 epistolas
1231 685 1366 725 cum
1404 664 1911 736 annotationibus,
1968 664 2297 740 parisiensi,
2317 663 2423 739 qui
2442 663 2582 722 dein
2591 682 2786 723 amore
2798 663 3115 724 strictioris
3130 664 3252 722 dis-

630 757 893 817 Venetiis
953 769 980 820 1
996 766 1029 820 5
1044 766 1122 819 89
1186 756 1248 814 in
1298 755 1336 813 f.
1408 788 1486 800 —
1553 754 1914 813 Laurentius
1968 753 2222 830 ciplinae
2252 752 2499 812 transiit
2513 751 2590 811 ad
2604 752 2929 828 Capucinos
2951 749 3013 833 (†
3033 763 3058 814 1
3076 747 3256 834 589),

627 846 675 905 1.
693 849 1015 906 auretus
1047 846 1112 904 Ο.
1145 845 1333 904 Carm.
1373 844 1651 913 Venetus,
1698 843 1914 902 Romae
1968 843 2139 919 cnjus
2170 842 2436 901 citantur
2449 837 2497 924 ¹)
2548 840 2808 900 Collectio
2838 848 3090 918 quatuor
3119 842 3251 900 doc-

629 935 943 1011 professor‚
996 955 1030 993 a
1079 932 1361 1011 Gregorio
1407 932 1558 992 XIV.
1603 933 1914 1008 episcopus
1968 938 2161 990 torum
2175 953 2198 989 .·
2230 930 2541 1001 Ambrosii,
2588 930 2957 1006 Hieronymi,
3005 931 3251 1007 Augus-

628 1024 843 1084 Adriae
889 1023 1273 1083 renunciatus
1318 1016 1380 1103 (†
1418 1033 1443 1084 1
1460 1016 1633 1102 599),
1679 1023 1914 1097 praeter
1969 1020 2113 1079 stini
2145 1022 2205 1078 et
2237 1018 2507 1097 Gregorii
2552 1037 2730 1095 super
2767 1029 2846 1083 30
2881 1018 3146 1078 articulis
3177 1019 3260 1077 ab

630 1112 1075 1173 commentarios
1108 1112 1173 1170 in
1191 1111 1250 1169 ll.
1273 1112 1705 1170 sententiarum
1725 1109 1912 1186 scrip·
1967 1108 2278 1167 haereticis
2326 1107 2625 1166 modernis
2672 1106 3014 1184 disputatis.
3084 1118 3109 1169 1
3127 1117 3252 1171 574

631 1203 711 1261 sit
742 1203 1034 1261 tractatus
1065 1202 1129 1259 in
1159 1200 1456 1276 epistolam
1494 1200 1573 1258 ad
1620 1200 1916 1258 Romanos
1968 1201 2030 1257 et
2088 1207 2249 1261 1577
2303 1197 2368 1255 in
2415 1196 2507 1255 J0.
2569 1196 2853 1255 Bundern
2902 1196 3252 1273 compendio

629 1298 680 1350 et
711 1292 790 1349 ad
821 1290 1083 1352 Galatas.
1113 1321 1203 1334 —
1235 1289 1320 1346 De
1352 1288 1605 1365 mystica
1633 1305 1911 1347 numero·

629 1399 765 1440 rum
796 1378 1149 1455 praesertim
1179 1377 1245 1436 in
1276 1395 1351 1436 sa.
1384 1377 1573 1437 literis
1618 1376 1912 1453 significa-

628 1469 792 1527 tione
805 1467 1086 1526 disseruit
1105 1468 1317 1525 Petrus
1338 1466 1387 1524 B
1402 1485 1446 1525 u
1460 1485 1501 1524 n
1515 1485 1556 1542 g
1569 1485 1612 1524 u
1627 1483 1655 1524 s
1676 1465 1913 1525 canoni·

632 1575 737 1616 cus
769 1555 1195 1633 bergomensis,
1227 1555 1503 1631 Bergomi
1543 1562 1707 1618 1585
1742 1554 1808 1613 in
1843 1564 1914 1623 43

632 1645 878 1704 Parisiis
912 1652 1076 1708 1618
1112 1678 1201 1686 -
1229 1644 1299 1702 de
1328 1650 1649 1719 temporum
1677 1660 1911 1718 compu-

630 1735 844 1793 tatione
874 1740 926 1791 εἰ
954 1734 1246 1802 divisione,
1279 1731 1351 1790 de
1382 1750 1519 1792 vero
1562 1731 1661 1790 die
1689 1731 1912 1806 passio-

628 1823 723 1882 nis
755 1821 1100 1892 dominicae,
1134 1821 1398 1880 Veronae
1437 1830 1622 1891 1586,
1652 1819 1914 1880 Joannes

1967 1305 2169 1346 rerum
2199 1286 2398 1356 theol.;
2436 1285 2851 1344 Commentarii
2897 1288 2961 1343 in
2999 1286 3256 1343 Threnos

1969 1376 2277 1449 Jeremiae,
2328 1374 2575 1433 Parisiis
2616 1383 2778 1438 1582
2828 1374 2941 1445 ib.;
2991 1374 3057 1432 in
3086 1373 3261 1432 Jere-

1970 1466 2151 1523 miam
2164 1464 2513 1541 prophetam
2532 1462 2609 1527 ib.
2633 1474 2660 1525 1
2678 1472 2709 1525 5
2721 1472 2755 1526 8
2766 1471 2820 1532 33
2836 1464 3106 1522 resolutio
3122 1481 3255 1521 sen-

1969 1555 2283 1612 tentiarum
2330 1572 2377 1611 s.
2431 1553 2772 1625 Scripturae
2818 1551 2893 1611 ab
2942 1551 3263 1611 haereticis-

1968 1642 2287 1719 modernis,
2339 1641 2406 1700 in
2456 1660 2699 1700 suarum
2731 1641 3046 1700 haereseon
3077 1640 3254 1700 fulci-

1969 1733 2241 1790 mentum
2303 1749 2614 1806 perperam
2691 1729 3102 1798 adductarum‚
3174 1729 3255 1787 ib.

1978 1829 2179 1890 15743
2212 1820 2326 1878 Les
2386 1819 2513 1877 Vica
2554 1820 2624 1877 de
2654 1817 2893 1889 Luther,
2940 1819 3009 1876 de
3043 1818 3255 1876 Carlo-

630 1913 678 1971 P
692 1931 727 1970 a
741 1911 781 1970 d
799 1932 841 1971 u
858 1932 892 1970 a
904 1930 945 1969 n
964 1929 1008 1969 u
1024 1928 1052 1969 s
1098 1909 1454 1969 Veronensis
1487 1942 1572 1952 —
1603 1910 1672 1967 de
1694 1910 1915 1986 oriyine
1967 1910 2140 1984 stadt,
2162 1909 2233 1967 de
2252 1909 2313 1966 P.
2327 1909 2580 1984 Martyr,
2599 1908 2679 1969 ib.
2708 1917 2782 1970 15
2796 1916 2825 1968 7
2839 1918 2872 1970 7
2893 1907 2958 1966 in
2981 1917 3037 1971 8.
3054 1906 3258 1965 Vitam

632 1999 1028 2060 Hebraeorum
1058 2017 1363 2075 eorumque
1390 1999 1668 2074 reqimine
1699 2018 1734 2057 a
1754 2015 1912 2057 crea·

631 2089 795 2149 tione
826 2087 1036 2147 mundi
1071 2088 1144 2146 ad
1176 2086 1395 2161 Christi
1426 2086 1663 2146 Domini
1692 2087 1912 2145 adven-

634 2178 767 2237 tum
798 2177 1114 2253 Philippus
1146 2176 1613 2235 Philomusus
1644 2174 1915 2235 sacerdos

631 2269 899 2336 venetus,
951 2265 1214 2325 Venetiis
1269 2272 1432 2329 1588
1482 2265 1547 2324 in
1594 2274 1649 2326 4.
1700 2298 1776 2308 —
1807 2264 1915 2323 His

631 2355 907 2415 addimus
939 2355 1203 2414 Marcum
1234 2354 1605 2413 Marinum
1641 2353 1912 2413 Brixien·

631 2462 755 2503 sem
787 2462 910 2504 can.
943 2463 1064 2521 reg.
1098 2443 1250 2502 Salv.
1286 2440 1347 2524 (†
1388 2438 1604 2523 1594),
1642 2441 1746 2516 qui
1791 2442 1915 2501 edi·

632 2534 721 2592 dit
758 2534 1006 2592 Talmucl
1034 2532 1455 2608 Babylonicum
1474 2531 1779 2607 integrum
1821 2526 1914 2612 (ex

631 2625 901 2683 veterum
930 2620 1315 2680 rabbinorum
1335 2619 1574 2699 scriptis
1593 2621 1654 2677 et
1671 2637 1916 2695 respon-

633 2712 715 2770 sis
748 2704 1166 2791 compositum)
1212 2727 1346 2768 cum
1382 2707 1819 2767 commentariis
1850 2708 1915 2766 R.

633 2796 1601 2868 Sal.Jarchi,Maimonidis,R.
1623 2797 1914 2866 Ascher,

1973 1997 2222 2056 Lutberi
2300 1997 2518 2056 iterum
2595 1996 2782 2054 edidit
2857 1996 3257 2072 Hieronymus

1969 2087 2067 2146 Bo
2086 2086 2236 2145 lsec
2284 2085 2381 2165 (de
2404 2104 2531 2161 quo
2548 2085 2621 2145 cf.
2642 2084 2800 2144 infra
2814 2106 2870 2161 p.
2907 2095 3030 2150 306
3049 2079 3126 2166 a.)
3148 2084 3253 2145 ad·

1972 2175 2118 2234 ditis
2149 2175 2290 2234 vitis
2322 2174 2549 2234 Calvini
2581 2177 2642 2233 et
2671 2175 2857 2233 Bezae
2901 2174 3015 2233 sub
3045 2173 3257 2232 inscri-

1974 2264 2208 2340 ptione:
2243 2262 2500 2323 Histoire
2529 2264 2629 2322 des
2658 2265 2788 2339 vies,
2823 2281 3069 2341 moeurs,
3104 2269 3266 2321 actes

1973 2360 2024 2411 et
2053 2360 2232 2412 morte
2250 2352 2354 2412 des
2372 2353 2522 2411 trois
2543 2352 2890 2428 principaux
2910 2351 3255 2425 heretiques

1972 2442 2044 2500 de
2064 2444 2238 2501 notre
2254 2445 2465 2518 temps,
2484 2441 2669 2500 Duaci
2690 2452 2717 2503 1
2733 2450 2805 2504 61
2822 2451 2856 2504 6
2876 2440 2942 2499 in
2968 2451 2993 2502 1
3008 2449 3083 2510 2.,
3106 2458 3259 2516 opus

1971 2550 2193 2602 rarum;
2221 2527 2422 2589 Τναίιέ
2435 2531 2504 2588 de
2517 2529 2898 2606 l’apparition
2911 2530 3010 2588 des
3024 2530 3256 2605 caprile,

1972 2619 2205 2695 saepius
2239 2619 2439 2679 editus
2471 2619 2548 2678 ib.
2588 2631 2617 2683 1
2632 2628 2789 2691 5883
2847 2627 3012 2684 1602
3032 2640 3046 2689 3
3097 2619 3255 2677 Bru-

1970 2708 2138 2767 xellis
2163 2721 2188 2771 1
2205 2717 2329 2772 609
2348 2711 2488 2779 etc.;
2522 2710 2571 2767 le
2589 2709 2812 2767 thresor
2828 2709 2898 2767 de
2917 2708 3150 2785 l’Eylise
3161 2725 3261 2766 ca·-

1970 2798 2213 2874 tholiqae
2232 2800 2295 2856 et
2320 2797 2393 2856 de
2421 2797 2611 2856 verite
2624 2800 2946 2857 contenent
2959 2795 3256 2873 l'origine,

633 2888 678 2946 T
691 2886 889 2946 ossaf
891 2888 964 2946 ot
974 2887 1151 2961 juxta
1168 2888 1426 2945 mentem
1447 2884 1675 2945 concilii
1685 2885 1915 2944 triden-
1970 2885 2334 2957 institution,
2352 2885 2597 2944 Parisiis
2621 2893 2807 2950 1586.
2825 2887 3068 2944 —Petro
3090 2884 3137 2943 V
3153 2885 3174 2943 i
3188 2884 3253 2943 el

633 2976 746 3034 tini
807 2977 1219 3052 expurgatum,
1284 2973 1539 3034 secunda
1596 2973 1687 3033 ed.
1743 2974 1913 3033 basil.
1971 2974 2319 3045 Cenomano,
2368 2976 2607 3034 doctore
2670 2975 2982 3051 parisiensi
3025 2968 3255 3056 (1547)

632 3063 894 3123 Berolini
939 3067 1001 3123 et
1037 3062 1414 3123 Francofurti
1444 3063 1517 3121 ad
1551 3062 1614 3122 O.
1655 3072 1916 3126 1713—
1972 3064 2383 3123 archidiacono
2475 3063 2791 3140 parisiensi
2879 3059 2940 3146 (·†
3038 3057 3256 3142 1582),

638 3161 804 3217 1728
839 3155 882 3211 t.
923 3161 1021 3222 12,
1072 3171 1222 3228 opus
1261 3172 1480 3214 rarum.
1530 3152 1917 3211 Concinnavit
1971 3153 2142 3227 cujus
2175 3156 2296 3211 est:
2338 3153 2582 3211 Davidis
2612 3153 2834 3211 Psalmi
2864 3151 3257 3228 armentia,

634 3245 697 3301 et
727 3243 1061 3300 thesaurum
1090 3243 1320 3319 linquae
1349 3248 1599 3311 sanctae,
1648 3240 1915 3300 Venetiis
1971 3242 2339 3301 orationibus
2388 3244 2450 3300 et
2498 3241 2983 3300 annotationibus
3030 3240 3253 3315 maj0re

641 3342 666 3393 1
685 3340 830 3410 593,
862 3349 1039 3406 quem
1073 3333 1284 3390 Arcam
1315 3331 1441 3390 Noe
1473 3329 1815 3405 appellavit.
1971 3330 2162 3390 multo
2192 3348 2372 3405 quam
2421 3332 2595 3389 antea
2644 3332 2708 3388 et
2736 3330 3161 3406 perspicuitate
3191 3330 3253 3387 et

1969 3417 2267 3477 brevitate
2282 3418 2590 3491 illustrati,
2612 3419 2856 3478 Parisiis
2879 3429 2904 3480 1
2919 3429 2998 3482 57
3009 3428 3043 3481 6
3064 3418 3128 3476 in
3156 3427 3250 3478 16.

728 3518 868 3571 115.
901 3508 1340 3568 Praetermissis
1371 3526 1402 3566 e
1440 3508 1630 3566 Gallis
1648 3507 1915 3565 Antonio
1969 3541 2059 3552 —
2088 3507 2217 3578 His,
2237 3506 2500 3582 inquam,
2522 3506 2949 3583 praetermissis
2968 3507 3255 3582 maiorem

632 3598 680 3656 B
700 3596 843 3655 irri
861 3600 935 3656 et
954 3616 988 3657 o
1021 3598 1086 3657 Ο.
1117 3598 1275 3668 Min„
1311 3597 1482 3672 cujus
1502 3597 1916 3656 commentaria
1971 3595 2228 3655 nominis
2258 3595 2660 3655 celebritatem
2695 3596 2946 3672 adeptus
2975 3599 3068 3654 est
3098 3594 3252 3653 Tho-

632 3688 695 3744 in
726 3693 979 3763 quatuor
1007 3687 1296 3761 evanyelia
1316 3685 1562 3744 Parisiis
1590 3693 1746 3749 1581
1775 3702 1914 3759 pro·
1972 3702 2096 3743 mas
2126 3685 2223 3743 Be
2243 3704 2384 3743 aux
2401 3685 2651 3743 -Amis
2672 3679 3076 3768 (BellamicuS,
3106 3683 3251 3742 Pul-

634 3773 876 3832 dierunt
918 3807 1007 3817 —
1056 3774 1232 3833 Petro
1280 3775 1329 3832 Β
1350 3773 1605 3832 ulliod
1655 3773 1801 3831 laico
1854 3768 1916 3854 (†
1970 3769 2407 3854 cher-Amicus)
2443 3773 2507 3832 Ο.
2541 3774 2781 3832 Carmel.
2815 3771 3267 3832 Melodunensis

646 3856 856 3944 1597),
889 3862 1055 3938 regio
1086 3865 1470 3937 procuratore
1490 3860 1789 3937 Lugduni,
1810 3879 1913 3919 cu·
1970 3881 2026 3924 n.
2067 3871 2255 3932 1524,
2288 3863 2497 3921 doctor
2528 3863 2890 3938 parisiensis,
2943 3861 3265 3921 conciona—

625 3952 730 4027 jus
751 3952 896 4009 sunt
911 3950 1284 4025 Expositions
1303 3956 1353 4007 et
1372 3967 1703 4025 remarques
1714 3950 1916 4008 sur-les
1970 3955 2065 4010 tor
2095 3952 2158 4009 in
2189 3951 2325 4009 aula
2369 3951 2716 4010 catharinae
2746 3952 2818 4010 de
2849 3949 3111 4024 Medicis,
3144 3949 3249 4008 en-

628 4039 942 4114 E'vanqiles
961 4039 1139 4097 tirees
1157 4038 1261 4097 des
1282 4037 1488 4097 escrits
1518 4038 1625 4096 des
1648 4056 1721 4096 ss.
1739 4038 1916 4096 Peres
1969 4040 2083 4098 roli
2114 4039 2209 4098 lx.
2241 4042 2303 4098 et
2332 4039 2572 4098 Henrici
2608 4039 2732 4110 111„
2765 4040 3086 4099 acerrimus
3124 4038 3250 4097 Cal-

631 4129 694 4185 et
723 4126 827 4185 des
867 4129 1246 4186 monuments
1278 4126 1516 4186 anciens
1560 4125 1633 4185 de
1664 4124 1914 4204 l'Eglise
1968 4127 2328 4187 vinistarum
2358 4129 2757 4206 impugnator,
2809 4129 2913 4204 qui
2941 4130 3129 4187 totam
3162 4126 3250 4184 vi-

633 4217 834 4275 contre
884 4215 970 4274 les
1020 4234 1253 4274 erreurs
1293 4216 1603 4274 modernas
1633 4214 1914 4292 Lugduni
1968 4219 2096 4275 tam
2155 4217 2435 4288 docendo,
2498 4217 2891 4294 disputando„
2942 4215 3255 4276 scribendo

640 4312 836 4376 1598;
868 4304 956 4366 ed.
992 4313 1064 4367 2:
1099 4304 1196 4362 La
1228 4305 1379 4378 fleur
1411 4305 1510 4363 des
1543 4306 1916 4378 &plicatione

631 4393 947 4453 anciennes
995 4397 1058 4452 et
1117 4393 1420 4453 nouvelles
1464 4397 1596 4463 etc,
1657 4401 1911 4457 1628-

630 4483 807 4541 Petro
867 4483 916 4540 Β
935 4483 1265 4560 ulenger
1323 4482 1594 4552 trecensi,
1659 4482 1722 4541 in
1781 4499 1914 4540 aca-

632 4570 824 4629 demia
836 4571 1046 4646 pisana
1061 4571 1391 4647 professore
1408 4565 1468 4653 (†
1492 4566 1707 4652 1598),
1740 4571 1914 4645 cujus

631 4662 827 4718 exstat
855 4659 1178 4734 Ecphrasis
1223 4662 1287 4717 in
1319 4660 1755 4736 Apocalypsim,
1801 4659 1913 4717 Pa-

2049 4475 2086 4545 ¹)
2112 4473 2195 4528 cf.
2238 4473 2436 4544 Biogr.
2474 4473 2630 4527 univ.
2669 4477 2756 4538 44,
2795 4477 2932 4534 4Ο2;
2976 4471 3144 4526 Feret
3182 4470 3256 4534 ll,

1968 4547 2270 4610 230-239,
2315 4545 2416 4612 qui
2461 4560 2634 4613 opera
2676 4545 2931 4614 ejusdem
2980 4542 3251 4598 historica

1968 4615 2143 4669 etiam
2166 4619 2419 4670 recenset
2456 4616 2787 4685 statuitque:
2828 4614 2912 4668 En
2938 4614 3010 4669 N.
3051 4613 3252 4668 Taille-

1970 4687 2102 4756 pied
2129 4688 2183 4742 le
2207 4685 2531 4757 theologie-n
2561 4691 2653 4742 est
2670 4688 2887 4753 savant,
2914 4687 2954 4740 l’
2970 4685 3257 4740 historica.

505 4779 509 4784 ·
630 4749 792 4808 risiis
832 4758 1018 4819 1589,
1053 4750 1146 4808 vel
1178 4751 1624 4808 commentarius
1654 4748 1914 4825 locuple·
1969 4758 2333 4829 respectable
