3625 5193
411 263 528 316 621

409 432 654 490 selectas
686 449 922 507 quoque
956 432 1309 490 Graecorum
1355 431 1684 491 sententias

408 520 721 580 memoriae
753 519 1198 581 commendabat
1226 523 1511 595 tantaque
1542 519 1684 578 fide-

409 609 581 668 litate
624 610 1024 679 conservabat,
1071 612 1142 667 ut
1174 627 1218 667 s.
1251 609 1457 668 Basilii
1488 609 1559 667 de
1591 627 1684 667 so-

409 699 665 758 litudine
696 698 770 756 ad
803 698 1155 774 Gregorium
1175 697 1503 774 epistolam,
1526 697 1683 773 elap-

409 789 487 846 sis
518 788 640 846 fere
677 797 754 850 50
790 787 962 845 annis
996 787 1070 845 ad
1101 788 1350 846 verbum
1365 789 1490 862 jam
1511 805 1683 844 senex

407 876 841 953 pronunciaret.
874 877 1116 935 Romam
1137 877 1361 935 accitus
1381 876 1686 936 Francisco

409 961 683 1045 Suariol)
716 965 779 1024 in
809 965 1157 1043 theologicis
1190 965 1426 1024 doctore
1446 965 1686 1023 biennio

407 1073 553 1114 usus
584 1058 692 1123 est,
727 1054 832 1130 qui
863 1055 1063 1130 ipsum
1094 1055 1296 1131 magni
1328 1055 1481 1113 fecit.
1528 1054 1685 1112 Haec

408 1162 583 1221 porro
616 1144 747 1202 erat
776 1144 906 1217 eius
939 1143 1003 1201 in
1023 1143 1318 1202 studendo
1338 1143 1683 1202 methodus:

407 1233 667 1309 Legebat
682 1251 749 1290 ex
763 1236 1002 1291 auctore
1016 1233 1418 1308 quaestionem
1435 1232 1687 1307 aliquam

409 1342 474 1381 ea
507 1322 900 1390 accuratione,
952 1325 1024 1380 ut
1053 1321 1209 1379 nihil
1239 1321 1399 1397 quod
1430 1321 1684 1380 difficul-

407 1416 590 1470 tatem
610 1409 829 1469 faceret
847 1410 1380 1487 praetermitteret:
1413 1411 1578 1469 illam
1597 1409 1684 1468 di·

387 1500 664 1576 -ligenter
712 1499 784 1557 ad
847 1502 1011 1557 certa
1071 1499 1385 1558 revocabat
1445 1502 1683 1575 puncta.

407 1588 628 1648 Exinde
671 1589 875 1648 clauso
907 1587 1060 1646 libro
1102 1591 1163 1646 et
1202 1587 1472 1646 obductis
1519 1587 1684 1646 cubi-

410 1679 528 1736 culi
572 1677 852 1736 fenestris
896 1679 1084 1735 totam
1129 1677 1530 1752 quaestionem
1578 1678 1685 1735 hac

409 1768 555 1825 serie
589 1785 789 1825 secum
820 1766 1101 1842 agitabat.
1148 1766 1362 1836 Prim0,
1413 1765 1558 1841 quid
1600 1766 1685 1823 rei

408 1858 596 1926 esset3
631 1855 906 1924 secunde,
929 1874 1080 1930 quae
1097 1856 1357 1914 auctoris
1390 1855 1682 1923 deducti0,

409 1964 557 2020 quae
592 1945 911 2013 connexim
945 1943 1145 2013 tertio,
1194 1963 1344 2020 quae
1377 1943 1452 2002 ad
1499 1944 1681 2001 stabi·

409 2033 690 2104 liendum,
737 2052 888 2108 quae
935 2032 1008 2090 ad
1050 2032 1475 2091 infirmandum
1509 2052 1682 2109 argu-

410 2124 606 2180 menta
636 2122 927 2188 facerent:
969 2125 1199 2196 quarto,
1234 2122 1376 2180 haec
1408 2120 1682 2179 defende-

1429 243 1751 298 Leonardus
1779 243 2017 298 Lessius.

2895 258 3019 313 622

1744 431 1970 506 gratiae
1985 429 2496 488 universalitatem
2518 432 2792 487 tueretur
2808 432 2870 487 et
2887 448 3022 505 gra·

1742 518 1888 577 tiam
1923 537 2041 577 non
2072 537 2139 575 ex
2186 537 2248 576 se
2292 518 2585 577 efficacem
2633 512 2827 597 (actus
2878 518 3025 576 deli-

1741 603 1963 688 berati)
2010 609 2414 684 propugnaret
2454 611 2595 665 etc.:
2642 606 2779 664 hinc
2808 624 3024 682 propo-

1743 696 1989 755 sitiones
2023 699 2258 755 notatae
2290 697 2455 755 suere
2497 699 2802 771 tamquam
2836 713 3020 770 ,pere-

1743 786 1968 862 grinae‚
2002 786 2318 845 offensivae
2351 788 2413 843 et
2442 784 2841 860 periculosae‘.
2878 784 3023 860 Baj0

1742 875 2074 951 instigante
2120 875 2225 933 has
2257 875 2443 934 fuisse
2474 873 2759 932 excitatas
2791 883 3022 932 contro·

1742 964 1963 1023 versiae
1992 967 2253 1023 testatur
2282 958 2585 1043 Habert1).
2618 963 2764 1021 Inde
2784 981 3022 1038 quoque

1742 1053 2076 1129 conjicitur,
2110 1052 2269 1129 quod
2303 1052 2487 1111 Lessii
2517 1052 2787 1111 doctrina
2806 1050 3024 1110 directe

1742 1142 2014 1217 opposita
2043 1145 2201 1201 esset
2236 1142 2369 1217 Baji
2417 1140 2818 1217 opinionibus,
2871 1158 3022 1215 quae

1744 1231 1945 1305 plures
1977 1221 2149 1290 tunc'
2168 1231 2412 1290 asseclas
2459 1230 2701 1290 Lovanii
2745 1248 3021 1289 numera-

1742 1321 1907 1390 bant,
1940 1320 2218 1395 quodque
2247 1319 2285 1378 J
2291 1319 2576 1379 ausonius
2608 1319 2738 1394 Baji
2771 1319 3025 1377 familia·

1743 1411 1828 1468 ris
1860 1409 2085 1485 primas
2115 1408 2238 1468 fere
2269 1413 2468 1486 partes
2500 1407 2778 1467 habuerit
2822 1408 2931 1466 hac
2961 1407 3025 1464 in

1743 1497 2161 1557 controversia.
2226 1498 2496 1557 Ceterum
2547 1499 2653 1556 hac
2702 1496 2773 1554 de
2824 1515 2887 1554 re
2937 1496 3025 1554 ita

1742 1588 1924 1646 refert
1952 1587 2045 1646 Le
2062 1587 2163 1646 ssi
2180 1606 2222 1645 u
2241 1606 2269 1646 s
2301 1588 2339 1644 l.
2362 1605 2407 1646 e.
2444 1586 2899 1654 „Exhibuerunt
2918 1603 3024 1644 no-

1742 1677 1837 1734 bis
1887 1677 2168 1752 quasdam
2221 1676 2653 1752 propositiones
2705 1675 2845 1734 hinc
2886 1673 3024 1731 inde

1743 1784 1810 1823 ex
1845 1766 2066 1825 nostris
2098 1766 2472 1834 lectionibus,
2516 1768 2695 1839 prout
2727 1782 2825 1822 eas
2855 1762 3024 1821 audi·

1744 1859 1903 1913 tores
1934 1857 2300 1930 exceperant,
2333 1855 2627 1912 detractas
2675 1856 2737 1910 et
2768 1853 3021 1927 avulsas,

1744 1944 1982 2002 omissis
2031 1944 2124 2012 iis,
2172 1943 2331 2001 unde
2362 1944 2613 2018 possunt
2644 1941 2932 2017 intelligi:
2965 1943 3027 1999 et

1745 2050 1957 2089 rursus
1989 2032 2311 2107 petierunt,
2345 2051 2421 2090 an
2441 2051 2538 2090 eas
2561 2050 2669 2105 pro
2688 2030 2910 2089 nostris
2928 2048 3026 2087 ex-

1747 2121 2101 2178 hiberemus,
2164 2120 2461 2194 Respondi
2518 2137 2678 2178 meas
2728 2137 2874 2187 esse,
2925 2117 3027 2176 sed

407 2212 528 2280 bat,
578 2211 972 2287 impugnabat
1021 2210 1140 2269 illa.
1204 2211 1400 2268 Novas
1447 2228 1686 2285 quoque
1744 2212 2052 2268 truncatas
2085 2211 2146 2267 et
2178 2210 2301 2267 suis
2347 2209 2492 2267 locis
2540 2208 2792 2274 avulsas,
2840 2207 2923 2264 ita
2955 2208 3027 2263 ut

408 2300 668 2359 rationes
699 2301 828 2375 ipse
859 2300 922 2358 in
940 2307 1257 2374 utramque
1279 2302 1507 2374 partem
1529 2317 1684 2357 com·
1743 2299 1850 2373 qui
1901 2316 1999 2356 eas
2049 2298 2262 2356 lecturi
2292 2301 2509 2367 essent,
2541 2314 2659 2355 non
2691 2295 2859 2353 facile
2891 2312 3027 2370 pos·

410 2389 850 2458 miniscebatur,
884 2389 1070 2447 donec
1106 2388 1348 2447 tandem
1394 2389 1689 2446 statueret
1745 2390 1880 2445 sent
1911 2387 2261 2463 intelligere,
2308 2404 2595 2462 quorsum
2633 2387 2740 2442 aut
2778 2403 2898 2458 qua
2928 2401 3023 2441 oc-

410 2496 625 2546 secnm,
678 2478 824 2553 quid
870 2477 941 2536 de
987 2480 1116 2552 toto
1148 2479 1386 2554 negotio
1411 2477 1686 2552 judican·
1744 2476 1975 2534 casione
2009 2475 2198 2535 dictae
2219 2479 2435 2535 essent.
2469 2475 2679 2548 Itaque
2700 2473 2919 2533 confeci
2943 2481 3023 2535 34

408 2566 549 2625 dum
597 2569 768 2627 esset.
833 2566 1100 2643 Denique
1131 2565 1380 2626 reclusis
1415 2566 1685 2626 fenestris
1745 2565 2153 2626 conclusiones
2187 2564 2394 2625 breves
2427 2567 2487 2623 et
2524 2565 2778 2640 apertae,
2805 2562 3028 2639 quibus

410 2658 666 2716 strictim
697 2657 930 2716 chartae
961 2656 1144 2715 animi
1168 2657 1262 2714 sui
1277 2657 1687 2731 conceptiones
1745 2655 2193 2714 continerentur
2254 2655 2449 2713 omnia
2518 2652 2812 2731 dogmata,
2874 2670 3026 2727 quae

410 2746 836 2816 committebat,
858 2764 1071 2821 easque
1093 2744 1516 2813 dubitationes,
1541 2764 1687 2819 quas
1744 2744 1860 2820 ipsi
1891 2748 2217 2816 notassent,
2265 2747 2326 2803 et
2357 2763 2443 2812 ea,
2496 2761 2646 2818 quae
2697 2760 2817 2800 non
2864 2742 3025 2799 vide-

408 2835 522 2894 sibi
555 2837 682 2910 ipse
714 2835 1038 2893 dissolvere
1060 2853 1180 2892 non
1199 2837 1451 2910 poterat,
1472 2839 1545 2891 ut
1563 2851 1688 2891 eas·
1744 2835 1968 2891 bantur
1998 2833 2385 2903 intellexisse,
2433 2832 2869 2908 explicarentur
2906 2832 3025 2889 cla-

408 2924 539 2982 dem
569 2925 664 2983 vel
697 2942 831 2982 cum
854 2924 984 2982 aliis
1003 2923 1370 2997 disputando
1391 2923 1685 2991 enodaret,
1744 2923 1930 2982 rius.‘
1967 2922 2239 2980 Facultas
2273 2928 2474 2980 autem
2516 2920 2874 2979 lovaniensis
2907 2938 3027 2979 non

409 3014 500 3071 vel
531 3014 822 3072 consultis
855 3012 1196 3071 auctoribus
1215 3030 1368 3069 nova
1398 3011 1687 3069 delibera·
1747 3012 1848 3069 has
1880 3010 1981 3068 sed
2012 3011 2165 3080 illae,
2188 3030 2335 3087 quas
2366 3011 2494 3085 ipsa
2523 3010 2856 3085 collegerat,
2892 3028 3026 3068 cen·

407 3102 567 3161 tione
601 3102 945 3161 elucidaret.
1746 3117 1917 3157 surae
1939 3100 2209 3174 subjecit.
2246 3100 2525 3158 Omnium
2555 3098 3024 3173 propositionum

498 3235 641 3290 272.
676 3226 885 3285 Studio
918 3226 1248 3301 theologico
1282 3225 1374 3283 vix
1409 3224 1686 3283 absoluto

406 3314 529 3389 ipse
548 3315 904 3391 theologiam
926 3314 1171 3373 Lovanii
1196 3312 1442 3371 tradidit
1458 3308 1514 3395 (1
1533 3323 1564 3375 5
1577 3323 1610 3376 8
1623 3310 1685 3394 5)

405 3408 564 3462 totos
609 3414 680 3466 15
717 3420 905 3461 annos
943 3422 1171 3461 summa
1202 3403 1461 3461 nominis
1510 3402 1685 3460 clari·

406 3494 631 3562 tudine,
688 3498 747 3551 et
793 3492 965 3551 annis
1006 3502 1079 3555 17
1133 3492 1544 3567 theologorum
1595 3492 1686 3549 sui

407 3581 631 3640 ordinis
664 3581 885 3640 studiis
916 3580 1240 3658 dirigendis
1262 3581 1535 3655 praefuit.
1571 3580 1683 3637 Ve-

408 3689 538 3729 rum
572 3671 711 3728 dum
744 3669 992 3728 Lovanii
1032 3669 1286 3745 degeret,
1335 3670 1491 3728 haud
1540 3669 1686 3726 levis

406 3760 659 3818 excitata
704 3763 796 3817 est
825 3762 1147 3833 tempestas
1180 3762 1423 3834 propter
1453 3758 1583 3833 ejus
1615 3757 1687 3815 de

407 3847 711 3923 Scriptura
734 3867 794 3916 8.,
844 3846 1231 3923 providentia,
1281 3846 1686 3921 praedestina-

406 3936 566 3994 tione
599 3940 660 3995 et
690 3936 1118 4012 reprobatione,
1165 3935 1356 4011 gratia
1405 3954 1470 3993 ac
1508 3936 1685 4010 justi-

406 4025 673 4084 ficatione
704 4025 994 4091 doctrina,
1032 4044 1208 4100 quam
1246 4024 1489 4083 facultas
1521 4025 1685 4083 theo-

406 4115 595 4190 logica
629 4124 708 4177 34
756 4112 1262 4190 propositionibus
1305 4113 1685 4187 comprehen-

404 4222 525 4261 sam
559 4221 838 4261 censurae
872 4202 1127 4275 subjecit
1150 4205 1328 4276 atque
1361 4202 1682 4270 damnavit,

403 4293 559 4365 quod
580 4292 685 4350 illa
701 4292 824 4350 scil.
847 4291 1419 4367 semipelagianismo
1440 4289 1682 4359 faveret,

404 4381 998 4455 praedestinationem
1017 4382 1149 4455 post
1166 4379 1438 4454 praevisa
1459 4378 1683 4439 merita.

483 4519 518 4579 Ι)
547 4513 684 4567 Fuit
725 4513 813 4567 illi
855 4531 980 4567 cum
1024 4514 1313 4568 Francisco
1355 4513 1552 4566 Suario
1594 4530 1686 4582 po-

1746 3188 1943 3245 minus
1985 3189 2286 3263 probanda
2330 3193 2420 3245 est
2462 3187 2604 3245 haec
2638 3182 2763 3267 (3):
2814 3186 3027 3253 ,Liber

1744 3276 1960 3350 aliquis
2009 3272 2231 3356 (qualis
2272 3276 2423 3334 forte
2456 3280 2546 3333 est
2578 3273 2868 3332 secundus
2900 3274 3025 3332 Ma-

1746 3362 2159 3443 chabaeorum)
2214 3366 2471 3422 humana
2534 3362 2834 3420 industria
2894 3362 3022 3420 sine

1744 3453 2089 3512 assistentia
2120 3453 2379 3529 Spiritus
2433 3471 2476 3510 s.
2511 3451 2769 3526 scriptus
2807 3451 2857 3508 si
2892 3451 3023 3526 Spi-

1746 3543 1898 3600 ritus
1932 3561 1974 3600 s.
2008 3545 2215 3617 postea
2245 3544 2520 3609 testetur,
2569 3540 2722 3598 nihil
2768 3539 2851 3597 ibi
2897 3557 3023 3598 esse

1745 3631 1978 3699 falsum,
2013 3630 2272 3689 efficitur
2304 3630 2615 3704 Scriptura
2646 3638 2732 3686 s.‘
2782 3629 3027 3686 Fatetur

1744 3724 1943 3777 tamen
1977 3719 2212 3778 Lessius
2235 3739 2295 3777 se
2315 3719 2649 3794 opinionem
2671 3717 2852 3783 illam,
2875 3736 3025 3792 quae

1744 3808 2082 3884 parenthesi
2126 3807 2470 3877 includitur,
2512 3826 2580 3866 ex
2614 3807 2859 3865 aliorum
2893 3823 3024 3864 sen·

1823 4016 1862 4085 Ι)
1888 4013 1968 4067 De
1993 4014 2049 4067 la
2068 4013 2296 4067 defense
2336 4013 2403 4067 de
2445 4012 2502 4065 la
2541 4011 2620 4065 foi
2661 4028 2756 4065 sur
2783 4010 2839 4063 la
2864 4012 3026 4080 grace

1743 4101 1790 4138 c.
1818 4090 2045 4150 14.§3;
2097 4087 2340 4138 testatur
2379 4084 2549 4139 etiam
2592 4082 2891 4137 Lessius
2935 4098 3025 4150 ap.

1743 4155 2136 4210 Eleutherium
2180 4157 2216 4209 l.
2259 4176 2301 4210 c.
2344 4173 2389 4211 c.
2435 4162 2483 4210 6.
2530 4155 2611 4209 Cf.
2641 4170 2867 4222 quoque
2909 4153 3027 4205 Sta-

1745 4227 1987 4296 pletonii
2027 4245 2113 4297 ep.
2154 4229 2227 4281 ad
2252 4228 2415 4282 Joan.
2456 4227 2661 4294 Stryen
2702 4225 3025 4294 episcopum

1741 4298 2288 4369 middelburgensem
2329 4317 2419 4367 ap.
2458 4298 2751 4351 Duchesne
2791 4296 2920 4350 hiat.
2948 4295 3025 4347 du

1741 4369 2061 4437 BaJauisme
2091 4369 2271 4423 Duaci
2299 4375 2432 4427 1731
2464 4387 2519 4437 p.
2547 4373 2668 4429 227,
2696 4366 2754 4418 in
2783 4382 2898 4435 qua
2919 4368 3024 4419 tea·

1742 4443 1911 4503 tatur⁹
1962 4458 2019 4494 se
2071 4442 2185 4494 fere
2229 4443 2454 4495 easdem
2494 4440 2673 4492 theses
2736 4437 3026 4490 docentem

1743 4510 2002 4564 Toletum
2032 4512 2238 4567 Romae
2279 4512 2520 4574 audisse,
2559 4512 2732 4576 atque
2771 4507 2942 4561 etiam
2969 4524 3026 4561 se

404 4589 539 4649 stea,
564 4586 709 4639 sicut
733 4584 905 4639 etiam
931 4601 1056 4638 cum
1085 4584 1367 4639 Ludovico
1396 4584 1607 4638 Molina
1633 4588 1689 4637 et
1744 4597 1839 4635 eas
1863 4583 1923 4637 in
1950 4600 2047 4636 suo
2092 4588 2155 4636 de
2180 4588 2558 4652 justificatione
2598 4596 2761 4704 οἴετο
2788 4578 3027 4641 tradere,

405 4656 663 4723 Gabriele
715 4657 968 4723 Vasquez
1019 4654 1457 4710 communicatio
1501 4654 1686 4709 litera·
1748 4670 1954 4721 „quare
1978 4654 2125 4707 mhil
2152 4672 2361 4710 novum
2388 4654 2550 4718 facie,
2579 4670 2645 4705 su

2679 4652 2705 4721 j
2712 4650 2826 4713 icit,
2856 4650 2901 4704 si
2929 4665 3024 4719 pa·

401 4743 546 4792 rum,
567 4727 667 4797 qui
687 4729 805 4796 ejus
823 4726 883 4779 in
898 4727 1245 4796 gravissimis
1262 4726 1689 4793 quaestionibus
1743 4726 1896 4778 trum
1946 4724 2021 4795 (S.
2071 4724 2143 4795 J.)
2208 4744 2355 4780 nunc
2416 4724 2730 4778 doctrinam
2781 4722 3024 4776 libenter

395 4799 677 4867 judicium
703 4798 1096 4865 exquirebant.

1746 4797 1957 4851 tueor.··
1989 4796 2260 4851 Katholik
2287 4800 2428 4853 1868
2455 4815 2505 4851 v.
2536 4802 2617 4852 19.
2646 4814 2701 4866 p.
2727 4796 2848 4850 286.
