<?xml version="1.0" encoding="UTF-8"?>
<!DOCTYPE html PUBLIC "-//W3C//DTD XHTML 1.0 Transitional//EN"
    "http://www.w3.org/TR/xhtml1/DTD/xhtml1-transitional.dtd">
<html xmlns="http://www.w3.org/1999/xhtml" xml:lang="en" lang="en">
 <head>
  <title>
</title>
<meta http-equiv="Content-Type" content="text/html;charset=utf-8" />
  <meta name='ocr-system' content='tesseract 3.04.00' />
  <meta name='ocr-capabilities' content='ocr_page ocr_carea ocr_par ocr_line ocrx_word'/>
</head>
<body>
  <div class='ocr_page' id='page_1' title='image "./nomenclatorlite11hurtgoog_0138.png"; bbox 0 0 3625 5193; ppageno 0'>
   <div class='ocr_carea' id='block_1_1' title="bbox 659 275 783 329">
    <p class='ocr_par' dir='ltr' id='par_1_1' title="bbox 659 275 783 329">
     <span class='ocr_line' id='line_1_1' title="bbox 659 275 783 329; baseline -0.016 0"><span class='ocrx_word' id='word_1_1' title='bbox 659 275 783 329; x_wconf 87' lang='grc'><strong>259</strong></span> 
     </span>
    </p>
   </div>
   <div class='ocr_carea' id='block_1_2' title="bbox 1058 254 2863 327">
    <p class='ocr_par' dir='ltr' id='par_1_2' title="bbox 1058 254 2863 327">
     <span class='ocr_line' id='line_1_2' title="bbox 1058 254 2863 327; baseline -0.004 -11"><span class='ocrx_word' id='word_1_2' title='bbox 1058 261 1429 317; x_wconf 84' lang='lat'><strong>1581—1600.</strong></span> <span class='ocrx_word' id='word_1_3' title='bbox 1455 257 1802 327; x_wconf 84' lang='lat' dir='ltr'><strong>Disciplinae</strong></span> <span class='ocrx_word' id='word_1_4' title='bbox 1829 256 1899 311; x_wconf 83' lang='lat' dir='ltr'><strong>ad</strong></span> <span class='ocrx_word' id='word_1_5' title='bbox 1930 273 2001 313; x_wconf 84' lang='lat' dir='ltr'><strong>ss.</strong></span> <span class='ocrx_word' id='word_1_6' title='bbox 2028 256 2218 311; x_wconf 85' lang='lat' dir='ltr'><strong>literas</strong></span> <span class='ocrx_word' id='word_1_7' title='bbox 2245 257 2567 325; x_wconf 85' lang='lat' dir='ltr'><strong>spectantes</strong></span> <span class='ocrx_word' id='word_1_8' title='bbox 2591 254 2653 311; x_wconf 91' lang='lat' dir='ltr'><strong>in</strong></span> <span class='ocrx_word' id='word_1_9' title='bbox 2684 255 2863 310; x_wconf 87' lang='lat' dir='ltr'><strong>ltalia.</strong></span> 
     </span>
    </p>
   </div>
   <div class='ocr_carea' id='block_1_3' title="bbox 3146 273 3271 327">
    <p class='ocr_par' dir='ltr' id='par_1_3' title="bbox 3146 273 3271 327">
     <span class='ocr_line' id='line_1_3' title="bbox 3146 273 3271 327; baseline -0.008 0"><span class='ocrx_word' id='word_1_10' title='bbox 3146 273 3271 327; x_wconf 87' lang='grc'><strong>260</strong></span> 
     </span>
    </p>
   </div>
   <div class='ocr_carea' id='block_1_4' title="bbox 653 441 3271 789">
    <p class='ocr_par' dir='ltr' id='par_1_4' title="bbox 653 441 3271 789">
     <span class='ocr_line' id='line_1_4' title="bbox 655 441 3270 519; baseline -0 -16"><span class='ocrx_word' id='word_1_11' title='bbox 655 446 756 503; x_wconf 90' lang='lat' dir='ltr'><strong>tus</strong></span> <span class='ocrx_word' id='word_1_12' title='bbox 806 448 897 503; x_wconf 92' lang='lat' dir='ltr'><strong>est</strong></span> <span class='ocrx_word' id='word_1_13' title='bbox 944 443 1334 503; x_wconf 87' lang='lat' dir='ltr'><strong>bibliothecae</strong></span> <span class='ocrx_word' id='word_1_14' title='bbox 1380 444 1684 503; x_wconf 75' lang='lat' dir='ltr'><strong>vaticanae</strong></span> <span class='ocrx_word' id='word_1_15' title='bbox 1717 445 1932 502; x_wconf 91' lang='lat' dir='ltr'><strong>custos.</strong></span> <span class='ocrx_word' id='word_1_16' title='bbox 1987 443 2168 501; x_wconf 88' lang='lat' dir='ltr'><strong>miam</strong></span> <span class='ocrx_word' id='word_1_17' title='bbox 2199 441 2609 519; x_wconf 82' lang='lat' dir='ltr'><strong>cognitionem,</strong></span> <span class='ocrx_word' id='word_1_18' title='bbox 2643 444 2715 500; x_wconf 91' lang='lat' dir='ltr'><strong>ut</strong></span> <span class='ocrx_word' id='word_1_19' title='bbox 2742 460 2877 500; x_wconf 90' lang='lat' dir='ltr'><strong>cum</strong></span> <span class='ocrx_word' id='word_1_20' title='bbox 2900 441 3035 501; x_wconf 90' lang='lat' dir='ltr'><strong>aliis</strong></span> <span class='ocrx_word' id='word_1_21' title='bbox 3054 441 3270 502; x_wconf 87' lang='lat' dir='ltr'><strong>doctis·</strong></span> 
     </span>
     <span class='ocr_line' id='line_1_5' title="bbox 654 529 3271 602; baseline -0.001 -10"><span class='ocrx_word' id='word_1_22' title='bbox 654 533 909 592; x_wconf 86' lang='lat' dir='ltr'><strong>Multum</strong></span> <span class='ocrx_word' id='word_1_23' title='bbox 959 531 1281 602; x_wconf 76' lang='lat' dir='ltr'><strong>insudavit,</strong></span> <span class='ocrx_word' id='word_1_24' title='bbox 1333 535 1404 591; x_wconf 90' lang='lat' dir='ltr'><strong>ut</strong></span> <span class='ocrx_word' id='word_1_25' title='bbox 1446 533 1598 591; x_wconf 88' lang='lat' dir='ltr'><strong>utile</strong></span> <span class='ocrx_word' id='word_1_26' title='bbox 1657 532 1936 592; x_wconf 90' lang='lat' dir='ltr'><strong>conderet</strong></span> <span class='ocrx_word' id='word_1_27' title='bbox 1991 531 2157 590; x_wconf 90' lang='lat' dir='ltr'><strong>simis</strong></span> <span class='ocrx_word' id='word_1_28' title='bbox 2188 530 2333 590; x_wconf 89' lang='lat' dir='ltr'><strong>viris</strong></span> <span class='ocrx_word' id='word_1_29' title='bbox 2377 529 2652 601; x_wconf 86' lang='lat' dir='ltr'><strong>missalis,</strong></span> <span class='ocrx_word' id='word_1_30' title='bbox 2702 530 2979 589; x_wconf 87' lang='lat' dir='ltr'><strong>breviarii</strong></span> <span class='ocrx_word' id='word_1_31' title='bbox 3010 534 3072 590; x_wconf 90' lang='lat' dir='ltr'><strong>et</strong></span> <span class='ocrx_word' id='word_1_32' title='bbox 3116 534 3271 590; x_wconf 88' lang='lat' dir='ltr'><strong>cate·</strong></span> 
     </span>
     <span class='ocr_line' id='line_1_6' title="bbox 653 618 3270 699; baseline -0 -19"><span class='ocrx_word' id='word_1_33' title='bbox 653 622 1047 697; x_wconf 76' lang='lat' dir='ltr'><strong>repertorium</strong></span> <span class='ocrx_word' id='word_1_34' title='bbox 1079 621 1348 681; x_wconf 90' lang='lat' dir='ltr'><strong>codicum</strong></span> <span class='ocrx_word' id='word_1_35' title='bbox 1378 640 1726 699; x_wconf 87' lang='lat' dir='ltr'><strong>graecorum</strong></span> <span class='ocrx_word' id='word_1_36' title='bbox 1769 620 1934 680; x_wconf 90' lang='lat' dir='ltr'><strong>illius</strong></span> <span class='ocrx_word' id='word_1_37' title='bbox 1990 619 2198 679; x_wconf 91' lang='lat' dir='ltr'><strong>chismi</strong></span> <span class='ocrx_word' id='word_1_38' title='bbox 2231 619 2634 679; x_wconf 75' lang='lat' dir='ltr'><strong>reformationi</strong></span> <span class='ocrx_word' id='word_1_39' title='bbox 2677 618 2749 677; x_wconf 89' lang='lat' dir='ltr'><strong>ad</strong></span> <span class='ocrx_word' id='word_1_40' title='bbox 2781 623 3042 678; x_wconf 83' lang='lat' dir='ltr'><strong>mentem</strong></span> <span class='ocrx_word' id='word_1_41' title='bbox 3075 621 3270 679; x_wconf 90' lang='lat' dir='ltr'><strong>conci-</strong></span> 
     </span>
     <span class='ocr_line' id='line_1_7' title="bbox 654 706 3268 789; baseline -0 -20"><span class='ocrx_word' id='word_1_42' title='bbox 654 710 1062 773; x_wconf 87' lang='lat' dir='ltr'><strong>bibliothecae.</strong></span> <span class='ocrx_word' id='word_1_43' title='bbox 1101 710 1294 770; x_wconf 87' lang='lat' dir='ltr'><strong>Etiam</strong></span> <span class='ocrx_word' id='word_1_44' title='bbox 1327 711 1590 771; x_wconf 81' lang='lat' dir='ltr'><strong>Marcelli</strong></span> <span class='ocrx_word' id='word_1_45' title='bbox 1636 729 1937 770; x_wconf 89' lang='lat' dir='ltr'><strong>successor</strong></span> <span class='ocrx_word' id='word_1_46' title='bbox 1988 708 2054 767; x_wconf 91' lang='lat' dir='ltr'><strong>lii</strong></span> <span class='ocrx_word' id='word_1_47' title='bbox 2068 707 2758 778; x_wconf 80' lang='lat' dir='ltr'><strong>tridentini,correctioni</strong></span> <span class='ocrx_word' id='word_1_48' title='bbox 2774 708 3187 786; x_wconf 83' lang='lat' dir='ltr'><strong>martyrologii</strong></span> <span class='ocrx_word' id='word_1_49' title='bbox 3201 706 3268 789; x_wconf 85' lang='lat'><strong>¹),</strong></span> 
     </span>
    </p>
   </div>
   <div class='ocr_carea' id='block_1_5' title="bbox 648 799 1936 3717">
    <p class='ocr_par' dir='ltr' id='par_1_5' title="bbox 648 799 1936 3717">
     <span class='ocr_line' id='line_1_8' title="bbox 653 799 1934 863; baseline 0.001 -6"><span class='ocrx_word' id='word_1_50' title='bbox 653 799 876 858; x_wconf 89' lang='lat' dir='ltr'><strong>Paulus</strong></span> <span class='ocrx_word' id='word_1_51' title='bbox 907 800 1006 863; x_wconf 90' lang='lat' dir='ltr'><strong>IV.</strong></span> <span class='ocrx_word' id='word_1_52' title='bbox 1057 799 1338 859; x_wconf 86' lang='lat' dir='ltr'><strong>Sirletum</strong></span> <span class='ocrx_word' id='word_1_53' title='bbox 1372 800 1723 859; x_wconf 86' lang='lat' dir='ltr'><strong>aestimabat</strong></span> <span class='ocrx_word' id='word_1_54' title='bbox 1767 819 1934 859; x_wconf 90' lang='lat' dir='ltr'><strong>eum-</strong></span> 
     </span>
     <span class='ocr_line' id='line_1_9' title="bbox 654 888 1934 966; baseline 0.001 -20"><span class='ocrx_word' id='word_1_55' title='bbox 654 906 769 962; x_wconf 91' lang='lat' dir='ltr'><strong>que</strong></span> <span class='ocrx_word' id='word_1_56' title='bbox 801 888 866 947; x_wconf 93' lang='lat' dir='ltr'><strong>in</strong></span> <span class='ocrx_word' id='word_1_57' title='bbox 898 906 1131 947; x_wconf 90' lang='lat' dir='ltr'><strong>sacrum</strong></span> <span class='ocrx_word' id='word_1_58' title='bbox 1162 891 1434 947; x_wconf 87' lang='lat' dir='ltr'><strong>senatum</strong></span> <span class='ocrx_word' id='word_1_59' title='bbox 1463 888 1683 948; x_wconf 88' lang='lat' dir='ltr'><strong>referre</strong></span> <span class='ocrx_word' id='word_1_60' title='bbox 1714 889 1934 966; x_wconf 87' lang='lat' dir='ltr'><strong>cogita·</strong></span> 
     </span>
     <span class='ocr_line' id='line_1_10' title="bbox 652 977 1935 1053; baseline 0.001 -18"><span class='ocrx_word' id='word_1_61' title='bbox 652 977 786 1049; x_wconf 88' lang='lat' dir='ltr'><strong>bat;</strong></span> <span class='ocrx_word' id='word_1_62' title='bbox 836 977 1216 1053; x_wconf 80' lang='lat' dir='ltr'><strong>vicissimque</strong></span> <span class='ocrx_word' id='word_1_63' title='bbox 1265 978 1534 1036; x_wconf 83' lang='lat' dir='ltr'><strong>Paulum</strong></span> <span class='ocrx_word' id='word_1_64' title='bbox 1568 978 1824 1037; x_wconf 85' lang='lat' dir='ltr'><strong>Sirletus</strong></span> <span class='ocrx_word' id='word_1_65' title='bbox 1873 980 1935 1036; x_wconf 87' lang='lat' dir='ltr'><strong>et</strong></span> 
     </span>
     <span class='ocr_line' id='line_1_11' title="bbox 653 1065 1936 1143; baseline 0.001 -20"><span class='ocrx_word' id='word_1_66' title='bbox 653 1065 943 1143; x_wconf 87' lang='lat' dir='ltr'><strong>diligebat</strong></span> <span class='ocrx_word' id='word_1_67' title='bbox 971 1068 1042 1124; x_wconf 89' lang='lat' dir='ltr'><strong>ut</strong></span> <span class='ocrx_word' id='word_1_68' title='bbox 1075 1074 1306 1141; x_wconf 87' lang='lat' dir='ltr'><strong>patrem</strong></span> <span class='ocrx_word' id='word_1_69' title='bbox 1337 1069 1397 1125; x_wconf 89' lang='lat' dir='ltr'><strong>et</strong></span> <span class='ocrx_word' id='word_1_70' title='bbox 1435 1067 1820 1126; x_wconf 80' lang='lat' dir='ltr'><strong>reverebatur</strong></span> <span class='ocrx_word' id='word_1_71' title='bbox 1864 1069 1936 1124; x_wconf 92' lang='lat' dir='ltr'><strong>ut</strong></span> 
     </span>
     <span class='ocr_line' id='line_1_12' title="bbox 652 1154 1933 1231; baseline 0 -18"><span class='ocrx_word' id='word_1_72' title='bbox 652 1154 984 1231; x_wconf 88' lang='lat' dir='ltr'><strong>principem</strong></span> <span class='ocrx_word' id='word_1_73' title='bbox 1014 1173 1080 1214; x_wconf 89' lang='lat' dir='ltr'><strong>ac</strong></span> <span class='ocrx_word' id='word_1_74' title='bbox 1110 1156 1431 1214; x_wconf 89' lang='lat' dir='ltr'><strong>dominum.</strong></span> <span class='ocrx_word' id='word_1_75' title='bbox 1465 1155 1632 1215; x_wconf 88' lang='lat' dir='ltr'><strong>Unde</strong></span> <span class='ocrx_word' id='word_1_76' title='bbox 1663 1174 1782 1215; x_wconf 91' lang='lat' dir='ltr'><strong>non</strong></span> <span class='ocrx_word' id='word_1_77' title='bbox 1799 1159 1933 1214; x_wconf 90' lang='lat' dir='ltr'><strong>tan·</strong></span> 
     </span>
     <span class='ocr_line' id='line_1_13' title="bbox 652 1243 1932 1321; baseline 0.001 -20"><span class='ocrx_word' id='word_1_78' title='bbox 652 1245 784 1302; x_wconf 89' lang='lat' dir='ltr'><strong>tum</strong></span> <span class='ocrx_word' id='word_1_79' title='bbox 815 1243 1043 1303; x_wconf 86' lang='lat' dir='ltr'><strong>viventi</strong></span> <span class='ocrx_word' id='word_1_80' title='bbox 1073 1247 1360 1319; x_wconf 87' lang='lat' dir='ltr'><strong>perpetuo</strong></span> <span class='ocrx_word' id='word_1_81' title='bbox 1397 1244 1603 1304; x_wconf 89' lang='lat' dir='ltr'><strong>aderat</strong></span> <span class='ocrx_word' id='word_1_82' title='bbox 1634 1251 1815 1321; x_wconf 88' lang='lat' dir='ltr'><strong>atque</strong></span> <span class='ocrx_word' id='word_1_83' title='bbox 1859 1244 1932 1303; x_wconf 92' lang='lat' dir='ltr'><strong>ab</strong></span> 
     </span>
     <span class='ocr_line' id='line_1_14' title="bbox 653 1332 1934 1408; baseline 0.001 -18"><span class='ocrx_word' id='word_1_84' title='bbox 653 1332 783 1408; x_wconf 87' lang='lat' dir='ltr'><strong>ejus</strong></span> <span class='ocrx_word' id='word_1_85' title='bbox 815 1332 1001 1391; x_wconf 87' lang='lat' dir='ltr'><strong>latere</strong></span> <span class='ocrx_word' id='word_1_86' title='bbox 1032 1333 1129 1391; x_wconf 86' lang='lat' dir='ltr'><strong>vix</strong></span> <span class='ocrx_word' id='word_1_87' title='bbox 1151 1332 1502 1403; x_wconf 83' lang='lat' dir='ltr'><strong>discedebat,</strong></span> <span class='ocrx_word' id='word_1_88' title='bbox 1525 1352 1730 1392; x_wconf 87' lang='lat' dir='ltr'><strong>verum</strong></span> <span class='ocrx_word' id='word_1_89' title='bbox 1751 1333 1934 1392; x_wconf 87' lang='lat' dir='ltr'><strong>etiam</strong></span> 
     </span>
     <span class='ocr_line' id='line_1_15' title="bbox 656 1421 1932 1497; baseline 0.002 -19"><span class='ocrx_word' id='word_1_90' title='bbox 656 1421 1012 1480; x_wconf 85' lang='lat' dir='ltr'><strong>morientem</strong></span> <span class='ocrx_word' id='word_1_91' title='bbox 1055 1440 1365 1497; x_wconf 89' lang='lat' dir='ltr'><strong>nunquam</strong></span> <span class='ocrx_word' id='word_1_92' title='bbox 1411 1422 1693 1492; x_wconf 87' lang='lat' dir='ltr'><strong>deseruit,</strong></span> <span class='ocrx_word' id='word_1_93' title='bbox 1725 1422 1828 1481; x_wconf 89' lang='lat' dir='ltr'><strong>sed</strong></span> <span class='ocrx_word' id='word_1_94' title='bbox 1859 1421 1932 1480; x_wconf 88' lang='lat' dir='ltr'><strong>ad</strong></span> 
     </span>
     <span class='ocr_line' id='line_1_16' title="bbox 653 1509 1930 1586; baseline 0 -19"><span class='ocrx_word' id='word_1_95' title='bbox 653 1513 982 1568; x_wconf 83' lang='lat' dir='ltr'><strong>extremum</strong></span> <span class='ocrx_word' id='word_1_96' title='bbox 1016 1529 1203 1586; x_wconf 87' lang='lat' dir='ltr'><strong>usque</strong></span> <span class='ocrx_word' id='word_1_97' title='bbox 1235 1511 1514 1586; x_wconf 89' lang='lat' dir='ltr'><strong>spiritum</strong></span> <span class='ocrx_word' id='word_1_98' title='bbox 1547 1509 1739 1570; x_wconf 89' lang='lat' dir='ltr'><strong>fidelis</strong></span> <span class='ocrx_word' id='word_1_99' title='bbox 1770 1510 1825 1570; x_wconf 91' lang='lat' dir='ltr'><strong>ei</strong></span> <span class='ocrx_word' id='word_1_100' title='bbox 1845 1509 1930 1569; x_wconf 89' lang='lat' dir='ltr'><strong>af-</strong></span> 
     </span>
     <span class='ocr_line' id='line_1_17' title="bbox 653 1596 1931 1677; baseline 0.002 -22"><span class='ocrx_word' id='word_1_101' title='bbox 653 1598 770 1656; x_wconf 87' lang='lat' dir='ltr'><strong>fuit</strong></span> <span class='ocrx_word' id='word_1_102' title='bbox 783 1596 845 1676; x_wconf 83' lang='grc'><strong>1).</strong></span> <span class='ocrx_word' id='word_1_103' title='bbox 878 1599 1022 1657; x_wconf 89' lang='lat' dir='ltr'><strong>Pius</strong></span> <span class='ocrx_word' id='word_1_104' title='bbox 1053 1599 1148 1659; x_wconf 87' lang='lat' dir='ltr'><strong>IV.</strong></span> <span class='ocrx_word' id='word_1_105' title='bbox 1182 1600 1465 1658; x_wconf 87' lang='lat' dir='ltr'><strong>Sirletum</strong></span> <span class='ocrx_word' id='word_1_106' title='bbox 1490 1600 1696 1675; x_wconf 87' lang='lat' dir='ltr'><strong>etipse</strong></span> <span class='ocrx_word' id='word_1_107' title='bbox 1717 1618 1931 1677; x_wconf 83' lang='lat' dir='ltr'><strong>magno</strong></span> 
     </span>
     <span class='ocr_line' id='line_1_18' title="bbox 652 1686 1931 1764; baseline 0.002 -20"><span class='ocrx_word' id='word_1_108' title='bbox 652 1687 866 1745; x_wconf 89' lang='lat' dir='ltr'><strong>habuit</strong></span> <span class='ocrx_word' id='word_1_109' title='bbox 895 1687 958 1745; x_wconf 94' lang='lat' dir='ltr'><strong>in</strong></span> <span class='ocrx_word' id='word_1_110' title='bbox 988 1686 1184 1764; x_wconf 88' lang='lat' dir='ltr'><strong>pretio</strong></span> <span class='ocrx_word' id='word_1_111' title='bbox 1216 1688 1464 1763; x_wconf 85' lang='lat' dir='ltr'><strong>ejusque</strong></span> <span class='ocrx_word' id='word_1_112' title='bbox 1500 1687 1638 1746; x_wconf 88' lang='lat' dir='ltr'><strong>fidei</strong></span> <span class='ocrx_word' id='word_1_113' title='bbox 1671 1707 1739 1748; x_wconf 88' lang='lat' dir='ltr'><strong>ac</strong></span> <span class='ocrx_word' id='word_1_114' title='bbox 1769 1691 1931 1747; x_wconf 91' lang='lat' dir='ltr'><strong>tute-</strong></span> 
     </span>
     <span class='ocr_line' id='line_1_19' title="bbox 652 1776 1930 1851; baseline 0.002 -17"><span class='ocrx_word' id='word_1_115' title='bbox 652 1776 742 1835; x_wconf 87' lang='lat' dir='ltr'><strong>lae</strong></span> <span class='ocrx_word' id='word_1_116' title='bbox 773 1779 1051 1851; x_wconf 83' lang='lat' dir='ltr'><strong>nepotem</strong></span> <span class='ocrx_word' id='word_1_117' title='bbox 1098 1795 1292 1846; x_wconf 89' lang='lat' dir='ltr'><strong>suum,</strong></span> <span class='ocrx_word' id='word_1_118' title='bbox 1327 1795 1371 1835; x_wconf 91' lang='lat' dir='ltr'><strong>s.</strong></span> <span class='ocrx_word' id='word_1_119' title='bbox 1405 1776 1669 1837; x_wconf 87' lang='lat' dir='ltr'><strong>Carolum</strong></span> <span class='ocrx_word' id='word_1_120' title='bbox 1715 1779 1930 1837; x_wconf 90' lang='lat' dir='ltr'><strong>Borro-</strong></span> 
     </span>
     <span class='ocr_line' id='line_1_20' title="bbox 651 1864 1930 1943; baseline 0.002 -21"><span class='ocrx_word' id='word_1_121' title='bbox 651 1883 902 1935; x_wconf 88' lang='lat' dir='ltr'><strong>maeum,</strong></span> <span class='ocrx_word' id='word_1_122' title='bbox 927 1864 1234 1936; x_wconf 80' lang='lat' dir='ltr'><strong>commisit,</strong></span> <span class='ocrx_word' id='word_1_123' title='bbox 1265 1867 1336 1924; x_wconf 91' lang='lat' dir='ltr'><strong>ad</strong></span> <span class='ocrx_word' id='word_1_124' title='bbox 1367 1867 1538 1942; x_wconf 79' lang='lat' dir='ltr'><strong>cujus</strong></span> <span class='ocrx_word' id='word_1_125' title='bbox 1567 1884 1768 1943; x_wconf 84' lang='lat' dir='ltr'><strong>preces</strong></span> <span class='ocrx_word' id='word_1_126' title='bbox 1795 1886 1930 1925; x_wconf 91' lang='lat' dir='ltr'><strong>eum</strong></span> 
     </span>
     <span class='ocr_line' id='line_1_21' title="bbox 654 1950 1931 2036; baseline 0.002 -26"><span class='ocrx_word' id='word_1_127' title='bbox 654 1953 1007 2013; x_wconf 83' lang='lat' dir='ltr'><strong>cardinalem</strong></span> <span class='ocrx_word' id='word_1_128' title='bbox 1021 1950 1302 2036; x_wconf 83' lang='lat' dir='ltr'><strong>creavit(l</strong></span> <span class='ocrx_word' id='word_1_129' title='bbox 1325 1964 1357 2018; x_wconf 88' lang='lat'>5</span> <span class='ocrx_word' id='word_1_130' title='bbox 1368 1965 1401 2016; x_wconf 88' lang='lat'>6</span> <span class='ocrx_word' id='word_1_131' title='bbox 1413 1950 1495 2035; x_wconf 89' lang='lat'><strong>5):</strong></span> <span class='ocrx_word' id='word_1_132' title='bbox 1511 1955 1761 2014; x_wconf 84' lang='lat' dir='ltr'><strong>maxima</strong></span> <span class='ocrx_word' id='word_1_133' title='bbox 1772 1956 1931 2014; x_wconf 90' lang='lat' dir='ltr'><strong>enim</strong></span> 
     </span>
     <span class='ocr_line' id='line_1_22' title="bbox 655 2042 1928 2117; baseline 0.002 -18"><span class='ocrx_word' id='word_1_134' title='bbox 655 2043 784 2117; x_wconf 87' lang='lat' dir='ltr'><strong>ejus</strong></span> <span class='ocrx_word' id='word_1_135' title='bbox 805 2042 969 2102; x_wconf 70' lang='lat' dir='ltr'><strong>ruere</strong></span> <span class='ocrx_word' id='word_1_136' title='bbox 990 2044 1199 2103; x_wconf 87' lang='lat' dir='ltr'><strong>merita</strong></span> <span class='ocrx_word' id='word_1_137' title='bbox 1217 2044 1288 2103; x_wconf 92' lang='lat' dir='ltr'><strong>de</strong></span> <span class='ocrx_word' id='word_1_138' title='bbox 1309 2044 1559 2103; x_wconf 91' lang='lat' dir='ltr'><strong>concilio</strong></span> <span class='ocrx_word' id='word_1_139' title='bbox 1579 2044 1928 2114; x_wconf 83' lang='lat' dir='ltr'><strong>tridentinO,</strong></span> 
     </span>
     <span class='ocr_line' id='line_1_23' title="bbox 652 2132 1933 2210; baseline 0.002 -20"><span class='ocrx_word' id='word_1_140' title='bbox 652 2132 823 2207; x_wconf 82' lang='lat' dir='ltr'><strong>cujus</strong></span> <span class='ocrx_word' id='word_1_141' title='bbox 856 2132 1103 2204; x_wconf 76' lang='lat' dir='ltr'><strong>laboreS,</strong></span> <span class='ocrx_word' id='word_1_142' title='bbox 1136 2133 1278 2192; x_wconf 85' lang='lat' dir='ltr'><strong>licet</strong></span> <span class='ocrx_word' id='word_1_143' title='bbox 1307 2134 1524 2191; x_wconf 84' lang='lat' dir='ltr'><strong>Romae</strong></span> <span class='ocrx_word' id='word_1_144' title='bbox 1554 2133 1812 2210; x_wconf 86' lang='lat' dir='ltr'><strong>degeret,</strong></span> <span class='ocrx_word' id='word_1_145' title='bbox 1847 2134 1933 2192; x_wconf 88' lang='lat' dir='ltr'><strong>ita</strong></span> 
     </span>
     <span class='ocr_line' id='line_1_24' title="bbox 650 2221 1930 2298; baseline 0.003 -21"><span class='ocrx_word' id='word_1_146' title='bbox 650 2221 963 2295; x_wconf 88' lang='lat' dir='ltr'><strong>promovit,</strong></span> <span class='ocrx_word' id='word_1_147' title='bbox 996 2226 1068 2281; x_wconf 87' lang='lat' dir='ltr'><strong>ut</strong></span> <span class='ocrx_word' id='word_1_148' title='bbox 1100 2222 1462 2297; x_wconf 87' lang='lat' dir='ltr'><strong>Seripandus</strong></span> <span class='ocrx_word' id='word_1_149' title='bbox 1501 2223 1930 2298; x_wconf 86' lang='lat' dir='ltr'><strong>conciliiprae-</strong></span> 
     </span>
     <span class='ocr_line' id='line_1_25' title="bbox 652 2310 1928 2388; baseline 0.002 -22"><span class='ocrx_word' id='word_1_150' title='bbox 652 2327 744 2367; x_wconf 86' lang='lat' dir='ltr'><strong>ses</strong></span> <span class='ocrx_word' id='word_1_151' title='bbox 793 2310 1099 2382; x_wconf 84' lang='lat' dir='ltr'><strong>fateretur,</strong></span> <span class='ocrx_word' id='word_1_152' title='bbox 1153 2311 1433 2369; x_wconf 86' lang='lat' dir='ltr'><strong>Sirletum</strong></span> <span class='ocrx_word' id='word_1_153' title='bbox 1477 2312 1614 2387; x_wconf 89' lang='lat' dir='ltr'><strong>plus</strong></span> <span class='ocrx_word' id='word_1_154' title='bbox 1668 2313 1928 2388; x_wconf 84' lang='lat' dir='ltr'><strong>juvasse,</strong></span> 
     </span>
     <span class='ocr_line' id='line_1_26' title="bbox 650 2398 1929 2476; baseline 0.001 -20"><span class='ocrx_word' id='word_1_155' title='bbox 650 2417 828 2473; x_wconf 89' lang='lat' dir='ltr'><strong>quam</strong></span> <span class='ocrx_word' id='word_1_156' title='bbox 858 2398 919 2457; x_wconf 90' lang='lat' dir='ltr'><strong>id</strong></span> <span class='ocrx_word' id='word_1_157' title='bbox 952 2400 1252 2476; x_wconf 85' lang='lat' dir='ltr'><strong>praesules</strong></span> <span class='ocrx_word' id='word_1_158' title='bbox 1290 2410 1366 2462; x_wconf 89' lang='lat'><strong>50</strong></span> <span class='ocrx_word' id='word_1_159' title='bbox 1402 2401 1742 2476; x_wconf 83' lang='lat' dir='ltr'><strong>potuissent</strong></span> <span class='ocrx_word' id='word_1_160' title='bbox 1759 2418 1929 2475; x_wconf 91' lang='lat' dir='ltr'><strong>prae·</strong></span> 
     </span>
     <span class='ocr_line' id='line_1_27' title="bbox 650 2487 1930 2548; baseline 0.001 -3"><span class='ocrx_word' id='word_1_161' title='bbox 650 2490 823 2545; x_wconf 89' lang='lat' dir='ltr'><strong>stare.</strong></span> <span class='ocrx_word' id='word_1_162' title='bbox 869 2489 1015 2548; x_wconf 86' lang='lat' dir='ltr'><strong>Post</strong></span> <span class='ocrx_word' id='word_1_163' title='bbox 1045 2488 1135 2546; x_wconf 88' lang='lat' dir='ltr'><strong>Pii</strong></span> <span class='ocrx_word' id='word_1_164' title='bbox 1168 2488 1264 2547; x_wconf 90' lang='lat' dir='ltr'><strong>IV.</strong></span> <span class='ocrx_word' id='word_1_165' title='bbox 1297 2492 1550 2548; x_wconf 89' lang='lat' dir='ltr'><strong>mortem</strong></span> <span class='ocrx_word' id='word_1_166' title='bbox 1593 2491 1718 2546; x_wconf 86' lang='lat' dir='ltr'><strong>tam</strong></span> <span class='ocrx_word' id='word_1_167' title='bbox 1750 2506 1792 2546; x_wconf 88' lang='lat' dir='ltr'><strong>s.</strong></span> <span class='ocrx_word' id='word_1_168' title='bbox 1828 2487 1930 2546; x_wconf 86' lang='lat' dir='ltr'><strong>Ca-</strong></span> 
     </span>
     <span class='ocr_line' id='line_1_28' title="bbox 649 2572 1930 2658; baseline 0.001 -24"><span class='ocrx_word' id='word_1_169' title='bbox 649 2576 815 2635; x_wconf 86' lang='lat' dir='ltr'><strong>rolus</strong></span> <span class='ocrx_word' id='word_1_170' title='bbox 859 2595 1040 2652; x_wconf 89' lang='lat' dir='ltr'><strong>quam</strong></span> <span class='ocrx_word' id='word_1_171' title='bbox 1085 2577 1333 2635; x_wconf 87' lang='lat' dir='ltr'><strong>Michael</strong></span> <span class='ocrx_word' id='word_1_172' title='bbox 1379 2576 1704 2637; x_wconf 86' lang='lat' dir='ltr'><strong>Ghislerius</strong></span> <span class='ocrx_word' id='word_1_173' title='bbox 1739 2572 1930 2658; x_wconf 86' lang='lat' dir='ltr'><strong>(post-</strong></span> 
     </span>
     <span class='ocr_line' id='line_1_29' title="bbox 651 2660 1930 2747; baseline 0.002 -25"><span class='ocrx_word' id='word_1_174' title='bbox 651 2666 895 2723; x_wconf 91' lang='lat' dir='ltr'><strong>modum</strong></span> <span class='ocrx_word' id='word_1_175' title='bbox 930 2685 972 2724; x_wconf 91' lang='lat' dir='ltr'><strong>s.</strong></span> <span class='ocrx_word' id='word_1_176' title='bbox 1008 2667 1149 2724; x_wconf 90' lang='lat' dir='ltr'><strong>Pius</strong></span> <span class='ocrx_word' id='word_1_177' title='bbox 1180 2660 1276 2747; x_wconf 89' lang='lat' dir='ltr'><strong>V.)</strong></span> <span class='ocrx_word' id='word_1_178' title='bbox 1309 2665 1380 2724; x_wconf 91' lang='lat' dir='ltr'><strong>de</strong></span> <span class='ocrx_word' id='word_1_179' title='bbox 1412 2685 1480 2725; x_wconf 90' lang='lat' dir='ltr'><strong>eo</strong></span> <span class='ocrx_word' id='word_1_180' title='bbox 1509 2667 1574 2724; x_wconf 91' lang='lat' dir='ltr'><strong>in</strong></span> <span class='ocrx_word' id='word_1_181' title='bbox 1590 2666 1930 2741; x_wconf 89' lang='lat' dir='ltr'><strong>pontificem</strong></span> 
     </span>
     <span class='ocr_line' id='line_1_30' title="bbox 651 2752 1930 2830; baseline 0.003 -21"><span class='ocrx_word' id='word_1_182' title='bbox 651 2752 923 2830; x_wconf 83' lang='lat' dir='ltr'><strong>eligendo</strong></span> <span class='ocrx_word' id='word_1_183' title='bbox 969 2754 1121 2812; x_wconf 88' lang='lat' dir='ltr'><strong>serio</strong></span> <span class='ocrx_word' id='word_1_184' title='bbox 1165 2756 1434 2830; x_wconf 85' lang='lat' dir='ltr'><strong>egerunt,</strong></span> <span class='ocrx_word' id='word_1_185' title='bbox 1483 2773 1668 2829; x_wconf 89' lang='lat' dir='ltr'><strong>eaque</strong></span> <span class='ocrx_word' id='word_1_186' title='bbox 1703 2755 1828 2814; x_wconf 89' lang='lat' dir='ltr'><strong>sola</strong></span> <span class='ocrx_word' id='word_1_187' title='bbox 1859 2755 1930 2813; x_wconf 91' lang='lat' dir='ltr'><strong>de</strong></span> 
     </span>
     <span class='ocr_line' id='line_1_31' title="bbox 652 2842 1929 2919; baseline 0.002 -19"><span class='ocrx_word' id='word_1_188' title='bbox 652 2859 828 2900; x_wconf 88' lang='lat' dir='ltr'><strong>causa</strong></span> <span class='ocrx_word' id='word_1_189' title='bbox 847 2843 1198 2917; x_wconf 89' lang='lat' dir='ltr'><strong>pontificatu</strong></span> <span class='ocrx_word' id='word_1_190' title='bbox 1218 2842 1505 2901; x_wconf 85' lang='lat' dir='ltr'><strong>excidisse</strong></span> <span class='ocrx_word' id='word_1_191' title='bbox 1514 2843 1750 2910; x_wconf 89' lang='lat' dir='ltr'><strong>dicitur,</strong></span> <span class='ocrx_word' id='word_1_192' title='bbox 1770 2843 1929 2919; x_wconf 90' lang='lat' dir='ltr'><strong>quod</strong></span> 
     </span>
     <span class='ocr_line' id='line_1_32' title="bbox 650 2931 1929 3002; baseline 0 -14"><span class='ocrx_word' id='word_1_193' title='bbox 650 2931 926 2988; x_wconf 90' lang='lat' dir='ltr'><strong>nonnulli</strong></span> <span class='ocrx_word' id='word_1_194' title='bbox 957 2931 1316 3002; x_wconf 86' lang='lat' dir='ltr'><strong>dubitarent,</strong></span> <span class='ocrx_word' id='word_1_195' title='bbox 1350 2951 1425 2990; x_wconf 89' lang='lat' dir='ltr'><strong>an</strong></span> <span class='ocrx_word' id='word_1_196' title='bbox 1457 2932 1629 2990; x_wconf 89' lang='lat' dir='ltr'><strong>homo</strong></span> <span class='ocrx_word' id='word_1_197' title='bbox 1663 2934 1827 2990; x_wconf 83' lang='lat' dir='ltr'><strong>totus</strong></span> <span class='ocrx_word' id='word_1_198' title='bbox 1860 2932 1929 2989; x_wconf 90' lang='lat' dir='ltr'><strong>li-</strong></span> 
     </span>
     <span class='ocr_line' id='line_1_33' title="bbox 649 3019 1930 3097; baseline 0.002 -20"><span class='ocrx_word' id='word_1_199' title='bbox 649 3019 775 3077; x_wconf 84' lang='lat' dir='ltr'><strong>bris</strong></span> <span class='ocrx_word' id='word_1_200' title='bbox 807 3023 869 3078; x_wconf 90' lang='lat' dir='ltr'><strong>et</strong></span> <span class='ocrx_word' id='word_1_201' title='bbox 898 3020 1206 3078; x_wconf 87' lang='lat' dir='ltr'><strong>literarum</strong></span> <span class='ocrx_word' id='word_1_202' title='bbox 1239 3020 1454 3079; x_wconf 89' lang='lat' dir='ltr'><strong>studiis</strong></span> <span class='ocrx_word' id='word_1_203' title='bbox 1486 3021 1795 3080; x_wconf 85' lang='lat' dir='ltr'><strong>immersus</strong></span> <span class='ocrx_word' id='word_1_204' title='bbox 1827 3041 1930 3097; x_wconf 89' lang='lat' dir='ltr'><strong>pa-</strong></span> 
     </span>
     <span class='ocr_line' id='line_1_34' title="bbox 651 3109 1928 3186; baseline 0.003 -22"><span class='ocrx_word' id='word_1_205' title='bbox 651 3127 905 3182; x_wconf 90' lang='lat' dir='ltr'><strong>rumque</strong></span> <span class='ocrx_word' id='word_1_206' title='bbox 925 3109 1103 3167; x_wconf 90' lang='lat' dir='ltr'><strong>rebus</strong></span> <span class='ocrx_word' id='word_1_207' title='bbox 1123 3109 1395 3186; x_wconf 87' lang='lat' dir='ltr'><strong>regendis</strong></span> <span class='ocrx_word' id='word_1_208' title='bbox 1414 3110 1769 3169; x_wconf 81' lang='lat' dir='ltr'><strong>exercitatus</strong></span> <span class='ocrx_word' id='word_1_209' title='bbox 1793 3113 1928 3168; x_wconf 87' lang='lat' dir='ltr'><strong>tan·</strong></span> 
     </span>
     <span class='ocr_line' id='line_1_35' title="bbox 650 3198 1927 3274; baseline 0.003 -21"><span class='ocrx_word' id='word_1_210' title='bbox 650 3199 772 3253; x_wconf 89' lang='lat' dir='ltr'><strong>tam</strong></span> <span class='ocrx_word' id='word_1_211' title='bbox 810 3198 1185 3274; x_wconf 85' lang='lat' dir='ltr'><strong>negotiorum</strong></span> <span class='ocrx_word' id='word_1_212' title='bbox 1230 3198 1437 3257; x_wconf 91' lang='lat' dir='ltr'><strong>molem</strong></span> <span class='ocrx_word' id='word_1_213' title='bbox 1483 3199 1814 3274; x_wconf 91' lang='lat' dir='ltr'><strong>periculoso</strong></span> <span class='ocrx_word' id='word_1_214' title='bbox 1860 3217 1927 3257; x_wconf 93' lang='lat' dir='ltr'><strong>eo</strong></span> 
     </span>
     <span class='ocr_line' id='line_1_36' title="bbox 650 3285 1927 3363; baseline 0.002 -21"><span class='ocrx_word' id='word_1_215' title='bbox 650 3287 915 3361; x_wconf 89' lang='lat' dir='ltr'><strong>tempore</strong></span> <span class='ocrx_word' id='word_1_216' title='bbox 929 3285 1222 3346; x_wconf 86' lang='lat' dir='ltr'><strong>sustinere</strong></span> <span class='ocrx_word' id='word_1_217' title='bbox 1233 3290 1452 3362; x_wconf 88' lang='lat' dir='ltr'><strong>posset.</strong></span> <span class='ocrx_word' id='word_1_218' title='bbox 1465 3287 1791 3363; x_wconf 89' lang='lat' dir='ltr'><strong>Episcopus</strong></span> <span class='ocrx_word' id='word_1_219' title='bbox 1806 3288 1927 3362; x_wconf 88' lang='lat' dir='ltr'><strong>pri·</strong></span> 
     </span>
     <span class='ocr_line' id='line_1_37' title="bbox 650 3371 1929 3457; baseline 0.002 -26"><span class='ocrx_word' id='word_1_220' title='bbox 650 3393 745 3432; x_wconf 91' lang='lat' dir='ltr'><strong>mo</strong></span> <span class='ocrx_word' id='word_1_221' title='bbox 778 3394 820 3432; x_wconf 81' lang='lat' dir='ltr'><strong>S.</strong></span> <span class='ocrx_word' id='word_1_222' title='bbox 854 3376 1032 3434; x_wconf 83' lang='lat' dir='ltr'><strong>Marci</strong></span> <span class='ocrx_word' id='word_1_223' title='bbox 1065 3371 1311 3457; x_wconf 84' lang='lat'><strong>(1556),</strong></span> <span class='ocrx_word' id='word_1_224' title='bbox 1351 3376 1489 3435; x_wconf 88' lang='lat' dir='ltr'><strong>dein</strong></span> <span class='ocrx_word' id='word_1_225' title='bbox 1521 3376 1929 3453; x_wconf 83' lang='lat' dir='ltr'><strong>squillacensis</strong></span> 
     </span>
     <span class='ocr_line' id='line_1_38' title="bbox 651 3459 1930 3544; baseline -0.003 -19"><span class='ocrx_word' id='word_1_226' title='bbox 651 3459 877 3544; x_wconf 86' lang='lat'>(1559)</span> <span class='ocrx_word' id='word_1_227' title='bbox 909 3465 1333 3536; x_wconf 80' lang='lat' dir='ltr'><strong>renunciatur3</strong></span> <span class='ocrx_word' id='word_1_228' title='bbox 1381 3485 1416 3524; x_wconf 90' lang='lat' dir='ltr'><strong>a</strong></span> <span class='ocrx_word' id='word_1_229' title='bbox 1446 3465 1552 3524; x_wconf 91' lang='lat' dir='ltr'><strong>Pio</strong></span> <span class='ocrx_word' id='word_1_230' title='bbox 1584 3465 1650 3524; x_wconf 91' lang='lat' dir='ltr'><strong>V.</strong></span> <span class='ocrx_word' id='word_1_231' title='bbox 1683 3466 1930 3524; x_wconf 86' lang='lat' dir='ltr'><strong>Romam</strong></span> 
     </span>
     <span class='ocr_line' id='line_1_39' title="bbox 648 3554 1927 3630; baseline 0.001 -19"><span class='ocrx_word' id='word_1_232' title='bbox 648 3555 894 3612; x_wconf 87' lang='lat' dir='ltr'><strong>vocatur</strong></span> <span class='ocrx_word' id='word_1_233' title='bbox 924 3554 999 3614; x_wconf 93' lang='lat' dir='ltr'><strong>ob</strong></span> <span class='ocrx_word' id='word_1_234' title='bbox 1030 3556 1347 3613; x_wconf 81' lang='lat' dir='ltr'><strong>maximam</strong></span> <span class='ocrx_word' id='word_1_235' title='bbox 1367 3574 1486 3630; x_wconf 91' lang='lat' dir='ltr'><strong>qua</strong></span> <span class='ocrx_word' id='word_1_236' title='bbox 1503 3554 1772 3629; x_wconf 85' lang='lat' dir='ltr'><strong>pollebat</strong></span> <span class='ocrx_word' id='word_1_237' title='bbox 1792 3573 1927 3612; x_wconf 90' lang='lat' dir='ltr'><strong>eru-</strong></span> 
     </span>
     <span class='ocr_line' id='line_1_40' title="bbox 649 3641 1929 3717; baseline 0 -17"><span class='ocrx_word' id='word_1_238' title='bbox 649 3641 937 3702; x_wconf 88' lang='lat' dir='ltr'><strong>ditionem</strong></span> <span class='ocrx_word' id='word_1_239' title='bbox 983 3662 1404 3717; x_wconf 81' lang='lat' dir='ltr'><strong>sacrarumque</strong></span> <span class='ocrx_word' id='word_1_240' title='bbox 1455 3643 1762 3702; x_wconf 88' lang='lat' dir='ltr'><strong>literarum</strong></span> <span class='ocrx_word' id='word_1_241' title='bbox 1807 3643 1929 3701; x_wconf 81' lang='lat' dir='ltr'><strong>exi-</strong></span> 
     </span>
    </p>
   </div>
   <div class='ocr_carea' id='block_1_6' title="bbox 648 3781 970 3791">
    <p class='ocr_par' dir='ltr' id='par_1_6' title="bbox 648 3781 970 3791">
     <span class='ocr_line' id='line_1_41' title="bbox 648 3781 970 3791; baseline 0 1402"><span class='ocrx_word' id='word_1_242' title='bbox 648 3781 970 3791; x_wconf 95' lang='lat' dir='ltr'><strong> </strong></span> 
     </span>
    </p>
   </div>
   <div class='ocr_carea' id='block_1_7' title="bbox 1982 796 3271 3448">
    <p class='ocr_par' dir='ltr' id='par_1_7' title="bbox 1982 796 3271 3448">
     <span class='ocr_line' id='line_1_42' title="bbox 1988 796 3271 872; baseline 0.001 -16"><span class='ocrx_word' id='word_1_243' title='bbox 1988 815 2055 856; x_wconf 89' lang='lat' dir='ltr'><strong>ac</strong></span> <span class='ocrx_word' id='word_1_244' title='bbox 2067 797 2303 857; x_wconf 89' lang='lat' dir='ltr'><strong>demum</strong></span> <span class='ocrx_word' id='word_1_245' title='bbox 2324 796 2510 855; x_wconf 87' lang='lat' dir='ltr'><strong>indici</strong></span> <span class='ocrx_word' id='word_1_246' title='bbox 2529 797 2821 856; x_wconf 88' lang='lat' dir='ltr'><strong>librorum</strong></span> <span class='ocrx_word' id='word_1_247' title='bbox 2835 797 3271 872; x_wconf 88' lang='lat' dir='ltr'><strong>prohibitorum</strong></span> 
     </span>
     <span class='ocr_line' id='line_1_43' title="bbox 1987 883 3266 967; baseline 0.001 -22"><span class='ocrx_word' id='word_1_248' title='bbox 1987 905 2310 962; x_wconf 87' lang='lat' dir='ltr'><strong>eorumque</strong></span> <span class='ocrx_word' id='word_1_249' title='bbox 2348 885 2764 963; x_wconf 83' lang='lat' dir='ltr'><strong>expurgationi</strong></span> <span class='ocrx_word' id='word_1_250' title='bbox 2812 883 3266 967; x_wconf 68' lang='lat' dir='ltr'><strong>incumberet2),</strong></span> 
     </span>
     <span class='ocr_line' id='line_1_44' title="bbox 1987 975 3271 1051; baseline 0 -17"><span class='ocrx_word' id='word_1_251' title='bbox 1987 994 2053 1035; x_wconf 91' lang='lat' dir='ltr'><strong>ac</strong></span> <span class='ocrx_word' id='word_1_252' title='bbox 2072 975 2436 1035; x_wconf 88' lang='lat' dir='ltr'><strong>bibliohecae</strong></span> <span class='ocrx_word' id='word_1_253' title='bbox 2447 978 2743 1051; x_wconf 86' lang='lat' dir='ltr'><strong>praeesset</strong></span> <span class='ocrx_word' id='word_1_254' title='bbox 2759 975 3079 1045; x_wconf 85' lang='lat' dir='ltr'><strong>vaticanae,</strong></span> <span class='ocrx_word' id='word_1_255' title='bbox 3095 995 3271 1051; x_wconf 91' lang='lat' dir='ltr'><strong>quam</strong></span> 
     </span>
     <span class='ocr_line' id='line_1_45' title="bbox 1986 1063 3268 1141; baseline 0 -18"><span class='ocrx_word' id='word_1_256' title='bbox 1986 1067 2115 1124; x_wconf 89' lang='lat' dir='ltr'><strong>toto</strong></span> <span class='ocrx_word' id='word_1_257' title='bbox 2126 1065 2266 1124; x_wconf 92' lang='lat' dir='ltr'><strong>orbe</strong></span> <span class='ocrx_word' id='word_1_258' title='bbox 2286 1063 2638 1139; x_wconf 87' lang='lat' dir='ltr'><strong>conquisitis</strong></span> <span class='ocrx_word' id='word_1_259' title='bbox 2648 1064 3081 1140; x_wconf 86' lang='lat' dir='ltr'><strong>exemplaribus</strong></span> <span class='ocrx_word' id='word_1_260' title='bbox 3100 1084 3268 1141; x_wconf 88' lang='lat' dir='ltr'><strong>prae·</strong></span> 
     </span>
     <span class='ocr_line' id='line_1_46' title="bbox 1988 1152 3266 1230; baseline 0.002 -19"><span class='ocrx_word' id='word_1_261' title='bbox 1988 1153 2390 1223; x_wconf 81' lang='lat' dir='ltr'><strong>stantissimis,</strong></span> <span class='ocrx_word' id='word_1_262' title='bbox 2423 1153 2663 1230; x_wconf 88' lang='lat' dir='ltr'><strong>graecis,</strong></span> <span class='ocrx_word' id='word_1_263' title='bbox 2697 1152 2922 1222; x_wconf 89' lang='lat' dir='ltr'><strong>latinis,</strong></span> <span class='ocrx_word' id='word_1_264' title='bbox 2957 1153 3266 1224; x_wconf 87' lang='lat' dir='ltr'><strong>hebraicis,</strong></span> 
     </span>
     <span class='ocr_line' id='line_1_47' title="bbox 1988 1241 3268 1319; baseline 0 -18"><span class='ocrx_word' id='word_1_265' title='bbox 1988 1241 2237 1301; x_wconf 90' lang='lat' dir='ltr'><strong>arabicis</strong></span> <span class='ocrx_word' id='word_1_266' title='bbox 2268 1242 2489 1319; x_wconf 87' lang='lat' dir='ltr'><strong>partim</strong></span> <span class='ocrx_word' id='word_1_267' title='bbox 2520 1241 2715 1311; x_wconf 90' lang='lat' dir='ltr'><strong>editis,</strong></span> <span class='ocrx_word' id='word_1_268' title='bbox 2746 1242 2968 1317; x_wconf 87' lang='lat' dir='ltr'><strong>partim</strong></span> <span class='ocrx_word' id='word_1_269' title='bbox 3012 1262 3119 1301; x_wconf 78' lang='lat' dir='ltr'><strong>ms,</strong></span> <span class='ocrx_word' id='word_1_270' title='bbox 3164 1243 3268 1301; x_wconf 87' lang='lat' dir='ltr'><strong>ad-</strong></span> 
     </span>
     <span class='ocr_line' id='line_1_48' title="bbox 1985 1330 3268 1407; baseline 0.002 -18"><span class='ocrx_word' id='word_1_271' title='bbox 1985 1330 2227 1390; x_wconf 91' lang='lat' dir='ltr'><strong>modum</strong></span> <span class='ocrx_word' id='word_1_272' title='bbox 2258 1330 2440 1394; x_wconf 84' lang='lat' dir='ltr'><strong>auxit.</strong></span> <span class='ocrx_word' id='word_1_273' title='bbox 2472 1331 2756 1407; x_wconf 85' lang='lat' dir='ltr'><strong>Amplum</strong></span> <span class='ocrx_word' id='word_1_274' title='bbox 2787 1330 2937 1389; x_wconf 91' lang='lat' dir='ltr'><strong>fovit</strong></span> <span class='ocrx_word' id='word_1_275' title='bbox 2982 1349 3268 1391; x_wconf 90' lang='lat' dir='ltr'><strong>commer-</strong></span> 
     </span>
     <span class='ocr_line' id='line_1_49' title="bbox 1987 1419 3267 1495; baseline 0.001 -16"><span class='ocrx_word' id='word_1_276' title='bbox 1987 1420 2144 1479; x_wconf 90' lang='lat' dir='ltr'><strong>cium</strong></span> <span class='ocrx_word' id='word_1_277' title='bbox 2205 1420 2526 1495; x_wconf 86' lang='lat' dir='ltr'><strong>epistolare</strong></span> <span class='ocrx_word' id='word_1_278' title='bbox 2586 1438 2721 1477; x_wconf 93' lang='lat' dir='ltr'><strong>cum</strong></span> <span class='ocrx_word' id='word_1_279' title='bbox 2770 1419 3070 1495; x_wconf 86' lang='lat' dir='ltr'><strong>plurimus</strong></span> <span class='ocrx_word' id='word_1_280' title='bbox 3121 1420 3267 1480; x_wconf 86' lang='lat' dir='ltr'><strong>viris</strong></span> 
     </span>
     <span class='ocr_line' id='line_1_50' title="bbox 1985 1508 3269 1586; baseline 0.001 -19"><span class='ocrx_word' id='word_1_281' title='bbox 1985 1508 2173 1568; x_wconf 89' lang='lat' dir='ltr'><strong>doctis</strong></span> <span class='ocrx_word' id='word_1_282' title='bbox 2205 1508 2301 1567; x_wconf 86' lang='lat' dir='ltr'><strong>sui</strong></span> <span class='ocrx_word' id='word_1_283' title='bbox 2330 1509 2474 1568; x_wconf 89' lang='lat' dir='ltr'><strong>aevi.</strong></span> <span class='ocrx_word' id='word_1_284' title='bbox 2507 1508 2654 1566; x_wconf 85' lang='lat' dir='ltr'><strong>Mira</strong></span> <span class='ocrx_word' id='word_1_285' title='bbox 2684 1511 2810 1567; x_wconf 90' lang='lat' dir='ltr'><strong>erat</strong></span> <span class='ocrx_word' id='word_1_286' title='bbox 2840 1509 2972 1584; x_wconf 92' lang='lat' dir='ltr'><strong>ejus</strong></span> <span class='ocrx_word' id='word_1_287' title='bbox 3018 1509 3080 1568; x_wconf 91' lang='lat' dir='ltr'><strong>in</strong></span> <span class='ocrx_word' id='word_1_288' title='bbox 3132 1528 3269 1586; x_wconf 86' lang='lat' dir='ltr'><strong>ege·</strong></span> 
     </span>
     <span class='ocr_line' id='line_1_51' title="bbox 1985 1596 3265 1672; baseline 0.001 -16"><span class='ocrx_word' id='word_1_289' title='bbox 1985 1615 2095 1656; x_wconf 92' lang='lat' dir='ltr'><strong>nos</strong></span> <span class='ocrx_word' id='word_1_290' title='bbox 2128 1596 2531 1666; x_wconf 85' lang='lat' dir='ltr'><strong>beneficentia,</strong></span> <span class='ocrx_word' id='word_1_291' title='bbox 2567 1597 2915 1672; x_wconf 85' lang='lat' dir='ltr'><strong>praesertim</strong></span> <span class='ocrx_word' id='word_1_292' title='bbox 2948 1598 3010 1657; x_wconf 90' lang='lat' dir='ltr'><strong>in</strong></span> <span class='ocrx_word' id='word_1_293' title='bbox 3039 1598 3265 1657; x_wconf 90' lang='lat' dir='ltr'><strong>adoles-</strong></span> 
     </span>
     <span class='ocr_line' id='line_1_52' title="bbox 1985 1685 3268 1762; baseline 0 -17"><span class='ocrx_word' id='word_1_294' title='bbox 1985 1689 2183 1745; x_wconf 86' lang='lat' dir='ltr'><strong>centes</strong></span> <span class='ocrx_word' id='word_1_295' title='bbox 2215 1686 2438 1762; x_wconf 89' lang='lat' dir='ltr'><strong>inopes,</strong></span> <span class='ocrx_word' id='word_1_296' title='bbox 2474 1705 2623 1761; x_wconf 89' lang='lat' dir='ltr'><strong>quos</strong></span> <span class='ocrx_word' id='word_1_297' title='bbox 2658 1685 2933 1744; x_wconf 89' lang='lat' dir='ltr'><strong>omnibus</strong></span> <span class='ocrx_word' id='word_1_298' title='bbox 2966 1686 3174 1757; x_wconf 88' lang='lat' dir='ltr'><strong>modis,</strong></span> <span class='ocrx_word' id='word_1_299' title='bbox 3196 1691 3268 1746; x_wconf 89' lang='lat' dir='ltr'><strong>ut</strong></span> 
     </span>
     <span class='ocr_line' id='line_1_53' title="bbox 1985 1775 3265 1851; baseline 0.002 -18"><span class='ocrx_word' id='word_1_300' title='bbox 1985 1775 2197 1834; x_wconf 88' lang='lat' dir='ltr'><strong>studiis</strong></span> <span class='ocrx_word' id='word_1_301' title='bbox 2219 1794 2429 1834; x_wconf 88' lang='lat' dir='ltr'><strong>vacare</strong></span> <span class='ocrx_word' id='word_1_302' title='bbox 2447 1778 2708 1851; x_wconf 88' lang='lat' dir='ltr'><strong>possent,</strong></span> <span class='ocrx_word' id='word_1_303' title='bbox 2722 1775 2901 1850; x_wconf 87' lang='lat' dir='ltr'><strong>juvit.</strong></span> <span class='ocrx_word' id='word_1_304' title='bbox 2918 1775 3119 1835; x_wconf 89' lang='lat' dir='ltr'><strong>Vitam</strong></span> <span class='ocrx_word' id='word_1_305' title='bbox 3141 1794 3265 1835; x_wconf 90' lang='lat' dir='ltr'><strong>om-</strong></span> 
     </span>
     <span class='ocr_line' id='line_1_54' title="bbox 1984 1864 3266 1940; baseline 0.001 -18"><span class='ocrx_word' id='word_1_306' title='bbox 1984 1865 2164 1923; x_wconf 89' lang='lat' dir='ltr'><strong>nibus</strong></span> <span class='ocrx_word' id='word_1_307' title='bbox 2196 1864 2526 1923; x_wconf 88' lang='lat' dir='ltr'><strong>virtutibus</strong></span> <span class='ocrx_word' id='word_1_308' title='bbox 2559 1866 2825 1922; x_wconf 86' lang='lat' dir='ltr'><strong>ornatam</strong></span> <span class='ocrx_word' id='word_1_309' title='bbox 2869 1864 3102 1940; x_wconf 88' lang='lat' dir='ltr'><strong>placido</strong></span> <span class='ocrx_word' id='word_1_310' title='bbox 3152 1864 3266 1923; x_wconf 88' lang='lat' dir='ltr'><strong>fine</strong></span> 
     </span>
     <span class='ocr_line' id='line_1_55' title="bbox 1986 1951 3266 2029; baseline 0.001 -18"><span class='ocrx_word' id='word_1_311' title='bbox 1986 1953 2295 2023; x_wconf 89' lang='lat' dir='ltr'><strong>conclusit,</strong></span> <span class='ocrx_word' id='word_1_312' title='bbox 2356 1953 2669 2011; x_wconf 87' lang='lat' dir='ltr'><strong>assistente</strong></span> <span class='ocrx_word' id='word_1_313' title='bbox 2731 1951 2844 2011; x_wconf 90' lang='lat' dir='ltr'><strong>sibi</strong></span> <span class='ocrx_word' id='word_1_314' title='bbox 2895 1970 2938 2013; x_wconf 91' lang='lat' dir='ltr'><strong>s.</strong></span> <span class='ocrx_word' id='word_1_315' title='bbox 2994 1953 3266 2029; x_wconf 89' lang='lat' dir='ltr'><strong>Philippo</strong></span> 
     </span>
     <span class='ocr_line' id='line_1_56' title="bbox 1985 2042 3263 2110; baseline -0.001 -10"><span class='ocrx_word' id='word_1_316' title='bbox 1985 2042 2179 2110; x_wconf 82' lang='lat' dir='ltr'><strong>NeriO,</strong></span> <span class='ocrx_word' id='word_1_317' title='bbox 2230 2051 2284 2103; x_wconf 89' lang='lat'><strong>6.</strong></span> <span class='ocrx_word' id='word_1_318' title='bbox 2333 2042 2456 2099; x_wconf 86' lang='lat' dir='ltr'><strong>Oct.</strong></span> <span class='ocrx_word' id='word_1_319' title='bbox 2511 2049 2673 2104; x_wconf 88' lang='lat'>1585</span> <span class='ocrx_word' id='word_1_320' title='bbox 2719 2060 2872 2100; x_wconf 91' lang='lat' dir='ltr'><strong>anno</strong></span> <span class='ocrx_word' id='word_1_321' title='bbox 2919 2043 3131 2101; x_wconf 86' lang='lat' dir='ltr'><strong>aetatis</strong></span> <span class='ocrx_word' id='word_1_322' title='bbox 3168 2050 3263 2105; x_wconf 84' lang='lat'><strong>71.</strong></span> 
     </span>
     <span class='ocr_line' id='line_1_57' title="bbox 1985 2129 3265 2207; baseline 0.001 -19"><span class='ocrx_word' id='word_1_323' title='bbox 1985 2130 2218 2207; x_wconf 82' lang='lat' dir='ltr'><strong>Magnis</strong></span> <span class='ocrx_word' id='word_1_324' title='bbox 2262 2130 2544 2188; x_wconf 90' lang='lat' dir='ltr'><strong>encomiis</strong></span> <span class='ocrx_word' id='word_1_325' title='bbox 2597 2129 2670 2188; x_wconf 90' lang='lat' dir='ltr'><strong>ab</strong></span> <span class='ocrx_word' id='word_1_326' title='bbox 2719 2130 3067 2204; x_wconf 86' lang='lat' dir='ltr'><strong>aequalibus</strong></span> <span class='ocrx_word' id='word_1_327' title='bbox 3116 2132 3265 2189; x_wconf 89' lang='lat' dir='ltr'><strong>cele-</strong></span> 
     </span>
     <span class='ocr_line' id='line_1_58' title="bbox 1983 2218 3262 2296; baseline 0 -18"><span class='ocrx_word' id='word_1_328' title='bbox 1983 2220 2210 2278; x_wconf 89' lang='lat' dir='ltr'><strong>bratur.</strong></span> <span class='ocrx_word' id='word_1_329' title='bbox 2226 2218 2458 2277; x_wconf 88' lang='lat' dir='ltr'><strong>Marcus</strong></span> <span class='ocrx_word' id='word_1_330' title='bbox 2478 2219 2775 2277; x_wconf 85' lang='lat' dir='ltr'><strong>Antonius</strong></span> <span class='ocrx_word' id='word_1_331' title='bbox 2797 2219 3065 2278; x_wconf 87' lang='lat' dir='ltr'><strong>Muretus</strong></span> <span class='ocrx_word' id='word_1_332' title='bbox 3086 2238 3262 2296; x_wconf 89' lang='lat' dir='ltr'><strong>prop-</strong></span> 
     </span>
     <span class='ocr_line' id='line_1_59' title="bbox 1984 2307 3265 2384; baseline 0.002 -19"><span class='ocrx_word' id='word_1_333' title='bbox 1984 2313 2078 2366; x_wconf 89' lang='lat' dir='ltr'><strong>ter</strong></span> <span class='ocrx_word' id='word_1_334' title='bbox 2094 2307 2524 2367; x_wconf 86' lang='lat' dir='ltr'><strong>exactissimam</strong></span> <span class='ocrx_word' id='word_1_335' title='bbox 2535 2307 2823 2365; x_wconf 87' lang='lat' dir='ltr'><strong>librorum</strong></span> <span class='ocrx_word' id='word_1_336' title='bbox 2843 2308 3110 2367; x_wconf 88' lang='lat' dir='ltr'><strong>omnium</strong></span> <span class='ocrx_word' id='word_1_337' title='bbox 3132 2327 3265 2384; x_wconf 86' lang='lat' dir='ltr'><strong>cog-</strong></span> 
     </span>
     <span class='ocr_line' id='line_1_60' title="bbox 1984 2396 3262 2473; baseline -0.002 -18"><span class='ocrx_word' id='word_1_338' title='bbox 1984 2397 2269 2456; x_wconf 89' lang='lat' dir='ltr'><strong>nitionem</strong></span> <span class='ocrx_word' id='word_1_339' title='bbox 2302 2415 2440 2454; x_wconf 90' lang='lat' dir='ltr'><strong>eum</strong></span> <span class='ocrx_word' id='word_1_340' title='bbox 2471 2396 2719 2470; x_wconf 88' lang='lat' dir='ltr'><strong>,spirans</strong></span> <span class='ocrx_word' id='word_1_341' title='bbox 2751 2403 3042 2455; x_wconf 88' lang='lat' dir='ltr'><strong>museum‘</strong></span> <span class='ocrx_word' id='word_1_342' title='bbox 3063 2397 3262 2473; x_wconf 89' lang='lat' dir='ltr'><strong>appel-</strong></span> 
     </span>
     <span class='ocr_line' id='line_1_61' title="bbox 1984 2483 3264 2557; baseline -0.003 -13"><span class='ocrx_word' id='word_1_343' title='bbox 1984 2486 2087 2557; x_wconf 88' lang='lat' dir='ltr'><strong>lat,</strong></span> <span class='ocrx_word' id='word_1_344' title='bbox 2125 2485 2458 2543; x_wconf 88' lang='lat' dir='ltr'><strong>Stanislaus</strong></span> <span class='ocrx_word' id='word_1_345' title='bbox 2502 2483 2741 2543; x_wconf 85' lang='lat' dir='ltr'><strong>Rescius</strong></span> <span class='ocrx_word' id='word_1_346' title='bbox 2788 2485 3003 2556; x_wconf 88' lang='lat' dir='ltr'><strong>,vivam</strong></span> <span class='ocrx_word' id='word_1_347' title='bbox 3049 2485 3264 2544; x_wconf 87' lang='lat' dir='ltr'><strong>Christi</strong></span> 
     </span>
     <span class='ocr_line' id='line_1_62' title="bbox 1983 2572 3262 2636; baseline -0.001 -3"><span class='ocrx_word' id='word_1_348' title='bbox 1983 2573 2532 2636; x_wconf 73' lang='lat' dir='ltr'><strong>bibliothecam‘Ita</strong></span> <span class='ocrx_word' id='word_1_349' title='bbox 2550 2592 2688 2633; x_wconf 90' lang='lat' dir='ltr'><strong>vero</strong></span> <span class='ocrx_word' id='word_1_350' title='bbox 2715 2572 2921 2632; x_wconf 87' lang='lat' dir='ltr'><strong>scribit</strong></span> <span class='ocrx_word' id='word_1_351' title='bbox 2933 2573 3262 2633; x_wconf 87' lang='lat' dir='ltr'><strong>Stanislaus</strong></span> 
     </span>
     <span class='ocr_line' id='line_1_63' title="bbox 1984 2663 3263 2739; baseline -0.001 -17"><span class='ocrx_word' id='word_1_352' title='bbox 1984 2664 2232 2722; x_wconf 88' lang='lat' dir='ltr'><strong>Hosius:</strong></span> <span class='ocrx_word' id='word_1_353' title='bbox 2281 2663 2545 2734; x_wconf 89' lang='lat' dir='ltr'><strong>„Vellem</strong></span> <span class='ocrx_word' id='word_1_354' title='bbox 2590 2663 2819 2721; x_wconf 91' lang='lat' dir='ltr'><strong>ostendi</strong></span> <span class='ocrx_word' id='word_1_355' title='bbox 2865 2663 3012 2721; x_wconf 89' lang='lat' dir='ltr'><strong>mihi</strong></span> <span class='ocrx_word' id='word_1_356' title='bbox 3058 2682 3263 2739; x_wconf 89' lang='lat' dir='ltr'><strong>quem-</strong></span> 
     </span>
     <span class='ocr_line' id='line_1_64' title="bbox 1982 2750 3260 2827; baseline 0.001 -18"><span class='ocrx_word' id='word_1_357' title='bbox 1982 2753 2160 2827; x_wconf 89' lang='lat' dir='ltr'><strong>piam,</strong></span> <span class='ocrx_word' id='word_1_358' title='bbox 2195 2752 2301 2827; x_wconf 88' lang='lat' dir='ltr'><strong>qui</strong></span> <span class='ocrx_word' id='word_1_359' title='bbox 2334 2752 2412 2809; x_wconf 89' lang='lat' dir='ltr'><strong>sit</strong></span> <span class='ocrx_word' id='word_1_360' title='bbox 2443 2753 2565 2809; x_wconf 87' lang='lat' dir='ltr'><strong>tam</strong></span> <span class='ocrx_word' id='word_1_361' title='bbox 2612 2750 2949 2810; x_wconf 89' lang='lat' dir='ltr'><strong>reconditae</strong></span> <span class='ocrx_word' id='word_1_362' title='bbox 2974 2751 3260 2820; x_wconf 84' lang='lat' dir='ltr'><strong>lectionis,</strong></span> 
     </span>
     <span class='ocr_line' id='line_1_65' title="bbox 1984 2839 3263 2916; baseline -0.002 -17"><span class='ocrx_word' id='word_1_363' title='bbox 1984 2841 2089 2916; x_wconf 92' lang='lat' dir='ltr'><strong>qui</strong></span> <span class='ocrx_word' id='word_1_364' title='bbox 2119 2844 2239 2899; x_wconf 87' lang='lat' dir='ltr'><strong>tam</strong></span> <span class='ocrx_word' id='word_1_365' title='bbox 2271 2840 2463 2898; x_wconf 86' lang='lat' dir='ltr'><strong>multa</strong></span> <span class='ocrx_word' id='word_1_366' title='bbox 2493 2839 2711 2899; x_wconf 87' lang='lat' dir='ltr'><strong>viderit</strong></span> <span class='ocrx_word' id='word_1_367' title='bbox 2742 2842 3032 2916; x_wconf 86' lang='lat' dir='ltr'><strong>tantoque</strong></span> <span class='ocrx_word' id='word_1_368' title='bbox 3066 2841 3263 2899; x_wconf 88' lang='lat' dir='ltr'><strong>labore</strong></span> 
     </span>
     <span class='ocr_line' id='line_1_66' title="bbox 1983 2923 3263 3011; baseline -0.003 -22"><span class='ocrx_word' id='word_1_369' title='bbox 1983 2929 2214 3006; x_wconf 85' lang='lat' dir='ltr'><strong>legerit,</strong></span> <span class='ocrx_word' id='word_1_370' title='bbox 2249 2947 2425 3003; x_wconf 87' lang='lat' dir='ltr'><strong>quam</strong></span> <span class='ocrx_word' id='word_1_371' title='bbox 2459 2929 2767 2987; x_wconf 80' lang='lat' dir='ltr'><strong>Torrensis</strong></span> <span class='ocrx_word' id='word_1_372' title='bbox 2800 2923 2901 3011; x_wconf 90' lang='lat' dir='ltr'><strong>(de</strong></span> <span class='ocrx_word' id='word_1_373' title='bbox 2924 2948 3041 3004; x_wconf 90' lang='lat' dir='ltr'><strong>quo</strong></span> <span class='ocrx_word' id='word_1_374' title='bbox 3067 2925 3263 3008; x_wconf 84' lang='lat' dir='ltr'><strong>infra).</strong></span> 
     </span>
     <span class='ocr_line' id='line_1_67' title="bbox 1983 3017 3264 3095; baseline -0.002 -18"><span class='ocrx_word' id='word_1_375' title='bbox 1983 3019 2107 3095; x_wconf 86' lang='lat' dir='ltr'><strong>Ego</strong></span> <span class='ocrx_word' id='word_1_376' title='bbox 2129 3021 2289 3077; x_wconf 89' lang='lat' dir='ltr'><strong>certo</strong></span> <span class='ocrx_word' id='word_1_377' title='bbox 2308 3020 2543 3092; x_wconf 84' lang='lat' dir='ltr'><strong>praeter</strong></span> <span class='ocrx_word' id='word_1_378' title='bbox 2562 3036 2749 3075; x_wconf 86' lang='lat' dir='ltr'><strong>unum</strong></span> <span class='ocrx_word' id='word_1_379' title='bbox 2767 3017 3127 3077; x_wconf 88' lang='lat' dir='ltr'><strong>cardinalem</strong></span> <span class='ocrx_word' id='word_1_380' title='bbox 3146 3019 3264 3076; x_wconf 90' lang='lat' dir='ltr'><strong>Sir·</strong></span> 
     </span>
     <span class='ocr_line' id='line_1_68' title="bbox 1983 3105 3265 3182; baseline -0.001 -17"><span class='ocrx_word' id='word_1_381' title='bbox 1983 3109 2173 3166; x_wconf 89' lang='lat' dir='ltr'><strong>letum</strong></span> <span class='ocrx_word' id='word_1_382' title='bbox 2205 3106 2324 3165; x_wconf 90' lang='lat' dir='ltr'><strong>scio</strong></span> <span class='ocrx_word' id='word_1_383' title='bbox 2357 3107 2668 3177; x_wconf 88' lang='lat' dir='ltr'><strong>neminem,</strong></span> <span class='ocrx_word' id='word_1_384' title='bbox 2703 3105 2776 3164; x_wconf 88' lang='lat' dir='ltr'><strong>ad</strong></span> <span class='ocrx_word' id='word_1_385' title='bbox 2810 3125 2987 3182; x_wconf 90' lang='lat' dir='ltr'><strong>quem</strong></span> <span class='ocrx_word' id='word_1_386' title='bbox 3009 3107 3176 3166; x_wconf 90' lang='lat' dir='ltr'><strong>velut</strong></span> <span class='ocrx_word' id='word_1_387' title='bbox 3194 3106 3265 3165; x_wconf 90' lang='lat' dir='ltr'><strong>ad</strong></span> 
     </span>
     <span class='ocr_line' id='line_1_69' title="bbox 1984 3195 3264 3254; baseline 0 0"><span class='ocrx_word' id='word_1_388' title='bbox 1984 3197 2293 3254; x_wconf 87' lang='lat' dir='ltr'><strong>oraculum</strong></span> <span class='ocrx_word' id='word_1_389' title='bbox 2327 3195 2707 3253; x_wconf 88' lang='lat' dir='ltr'><strong>scientiarum</strong></span> <span class='ocrx_word' id='word_1_390' title='bbox 2735 3195 3122 3254; x_wconf 85' lang='lat' dir='ltr'><strong>recurrebant</strong></span> <span class='ocrx_word' id='word_1_391' title='bbox 3141 3213 3264 3254; x_wconf 89' lang='lat' dir='ltr'><strong>om-</strong></span> 
     </span>
     <span class='ocr_line' id='line_1_70' title="bbox 1983 3283 3265 3359; baseline -0.001 -17"><span class='ocrx_word' id='word_1_392' title='bbox 1983 3303 2106 3354; x_wconf 77' lang='lat' dir='ltr'><strong>neS,</strong></span> <span class='ocrx_word' id='word_1_393' title='bbox 2159 3284 2501 3359; x_wconf 88' lang='lat' dir='ltr'><strong>quicunque</strong></span> <span class='ocrx_word' id='word_1_394' title='bbox 2545 3284 2745 3359; x_wconf 88' lang='lat' dir='ltr'><strong>aliqua</strong></span> <span class='ocrx_word' id='word_1_395' title='bbox 2794 3283 3152 3343; x_wconf 83' lang='lat' dir='ltr'><strong>difficultate</strong></span> <span class='ocrx_word' id='word_1_396' title='bbox 3204 3284 3265 3341; x_wconf 91' lang='lat' dir='ltr'><strong>in</strong></span> 
     </span>
     <span class='ocr_line' id='line_1_71' title="bbox 1983 3372 3262 3448; baseline -0.002 -17"><span class='ocrx_word' id='word_1_397' title='bbox 1983 3373 2174 3431; x_wconf 83' lang='lat' dir='ltr'><strong>literis</strong></span> <span class='ocrx_word' id='word_1_398' title='bbox 2208 3372 2664 3448; x_wconf 89' lang='lat' dir='ltr'><strong>quibuscunque</strong></span> <span class='ocrx_word' id='word_1_399' title='bbox 2705 3373 3069 3431; x_wconf 84' lang='lat' dir='ltr'><strong>tenebantur</strong></span> <span class='ocrx_word' id='word_1_400' title='bbox 3114 3375 3262 3431; x_wconf 83' lang='lat' dir='ltr'><strong>etc.‘</strong></span> 
     </span>
    </p>
   </div>
   <div class='ocr_carea' id='block_1_8' title="bbox 1986 3511 2305 3524">
    <p class='ocr_par' dir='ltr' id='par_1_8' title="bbox 1986 3511 2305 3524">
     <span class='ocr_line' id='line_1_72' title="bbox 1986 3511 2305 3524; baseline 0 0"><span class='ocrx_word' id='word_1_401' title='bbox 1986 3511 2305 3524; x_wconf 95' lang='lat' dir='ltr'><strong> </strong></span> 
     </span>
    </p>
   </div>
   <div class='ocr_carea' id='block_1_9' title="bbox 1981 3595 3270 3880">
    <p class='ocr_par' dir='ltr' id='par_1_9' title="bbox 1981 3595 3270 3880">
     <span class='ocr_line' id='line_1_73' title="bbox 2059 3595 3270 3667; baseline 0 -18"><span class='ocrx_word' id='word_1_402' title='bbox 2059 3600 2098 3667; x_wconf 88' lang='lat'><strong>¹)</strong></span> <span class='ocrx_word' id='word_1_403' title='bbox 2126 3595 2207 3650; x_wconf 82' lang='lat' dir='ltr'><strong>cf.</strong></span> <span class='ocrx_word' id='word_1_404' title='bbox 2226 3595 2517 3658; x_wconf 85' lang='lat' dir='ltr'><strong>Baeumer,</strong></span> <span class='ocrx_word' id='word_1_405' title='bbox 2536 3595 3109 3664; x_wconf 86' lang='lat' dir='ltr'><strong>Breviergeschichte,</strong></span> <span class='ocrx_word' id='word_1_406' title='bbox 3124 3595 3270 3649; x_wconf 82' lang='lat' dir='ltr'><strong>Frei-</strong></span> 
     </span>
     <span class='ocr_line' id='line_1_74' title="bbox 1981 3667 3267 3736; baseline -0.002 -15"><span class='ocrx_word' id='word_1_407' title='bbox 1981 3668 2130 3735; x_wconf 83' lang='lat' dir='ltr'><strong>burg</strong></span> <span class='ocrx_word' id='word_1_408' title='bbox 2150 3685 2203 3736; x_wconf 91' lang='lat' dir='ltr'><strong>p.</strong></span> <span class='ocrx_word' id='word_1_409' title='bbox 2219 3671 2326 3723; x_wconf 80' lang='lat'><strong>423</strong></span> <span class='ocrx_word' id='word_1_410' title='bbox 2341 3684 2410 3720; x_wconf 68' lang='lat' dir='ltr'><strong>sa.</strong></span> <span class='ocrx_word' id='word_1_411' title='bbox 2429 3686 2441 3735; x_wconf 80' lang='lat'>3</span> <span class='ocrx_word' id='word_1_412' title='bbox 2468 3668 2759 3720; x_wconf 87' lang='lat' dir='ltr'><strong>Laemmer</strong></span> <span class='ocrx_word' id='word_1_413' title='bbox 2775 3667 2845 3720; x_wconf 90' lang='lat' dir='ltr'><strong>de</strong></span> <span class='ocrx_word' id='word_1_414' title='bbox 2862 3668 3173 3734; x_wconf 69' lang='lat' dir='ltr'><strong>martyr-olo</strong></span> <span class='ocrx_word' id='word_1_415' title='bbox 3218 3667 3267 3719; x_wconf 87' lang='lat' dir='ltr'><strong>io</strong></span> 
     </span>
     <span class='ocr_line' id='line_1_75' title="bbox 1982 3684 3268 3802; baseline -0.002 -10"><span class='ocrx_word' id='word_1_416' title='bbox 1982 3756 2141 3802; x_wconf 88' lang='lat' dir='ltr'><strong>rom.,</strong></span> <span class='ocrx_word' id='word_1_417' title='bbox 2169 3737 2510 3792; x_wconf 80' lang='lat' dir='ltr'><strong>Ratisbonae</strong></span> <span class='ocrx_word' id='word_1_418' title='bbox 2546 3740 2715 3796; x_wconf 82' lang='grc'>1878;</span> <span class='ocrx_word' id='word_1_419' title='bbox 2768 3737 2873 3793; x_wconf 89' lang='lat' dir='ltr'><strong>Ild.</strong></span> <span class='ocrx_word' id='word_1_420' title='bbox 2916 3736 3090 3791; x_wconf 86' lang='lat' dir='ltr'><strong>Veith</strong></span> <span class='ocrx_word' id='word_1_421' title='bbox 3120 3684 3268 3791; x_wconf 49' lang='lat'><strong>033.</strong></span> 
     </span>
     <span class='ocr_line' id='line_1_76' title="bbox 1982 3808 3265 3880; baseline -0.002 -18"><span class='ocrx_word' id='word_1_422' title='bbox 1982 3810 2045 3862; x_wconf 90' lang='lat' dir='ltr'><strong>in</strong></span> <span class='ocrx_word' id='word_1_423' title='bbox 2095 3808 2363 3877; x_wconf 56' lang='lat' dir='ltr'><strong>hist-pol.</strong></span> <span class='ocrx_word' id='word_1_424' title='bbox 2408 3808 2493 3869; x_wconf 81' lang='lat'><strong>131,</strong></span> <span class='ocrx_word' id='word_1_425' title='bbox 2541 3808 2742 3862; x_wconf 85' lang='lat' dir='ltr'>CXVII</span> <span class='ocrx_word' id='word_1_426' title='bbox 2792 3811 2993 3880; x_wconf 84' lang='lat'><strong>(1896),</strong></span> <span class='ocrx_word' id='word_1_427' title='bbox 3045 3813 3153 3866; x_wconf 79' lang='lat'><strong>469</strong></span> <span class='ocrx_word' id='word_1_428' title='bbox 3197 3825 3265 3861; x_wconf 85' lang='lat' dir='ltr'><strong>sa.</strong></span> 
     </span>
    </p>
   </div>
   <div class='ocr_carea' id='block_1_10' title="bbox 648 3879 3269 3954">
    <p class='ocr_par' dir='ltr' id='par_1_10' title="bbox 648 3879 3269 3954">
     <span class='ocr_line' id='line_1_77' title="bbox 648 3879 3269 3954; baseline 0.001 -21"><span class='ocrx_word' id='word_1_429' title='bbox 648 3880 737 3934; x_wconf 89' lang='lat' dir='ltr'><strong>dit</strong></span> <span class='ocrx_word' id='word_1_430' title='bbox 761 3880 935 3936; x_wconf 86' lang='lat' dir='ltr'><strong>Ehses</strong></span> <span class='ocrx_word' id='word_1_431' title='bbox 961 3882 1119 3936; x_wconf 66' lang='lat' dir='ltr'><strong>Rom.</strong></span> <span class='ocrx_word' id='word_1_432' title='bbox 1148 3881 1388 3946; x_wconf 83' lang='lat' dir='ltr'><strong>Qtlschr.</strong></span> <span class='ocrx_word' id='word_1_433' title='bbox 1425 3882 1498 3934; x_wconf 82' lang='lat' dir='ltr'><strong>Xl</strong></span> <span class='ocrx_word' id='word_1_434' title='bbox 1526 3884 1724 3954; x_wconf 85' lang='lat'><strong>(1897),</strong></span> <span class='ocrx_word' id='word_1_435' title='bbox 1753 3886 1927 3939; x_wconf 82' lang='grc'>595-</span> <span class='ocrx_word' id='word_1_436' title='bbox 1985 3880 2200 3934; x_wconf 89' lang='lat' dir='ltr'><strong>Prodiit</strong></span> <span class='ocrx_word' id='word_1_437' title='bbox 2222 3879 2691 3950; x_wconf 83' lang='lat' dir='ltr'><strong>Martyrologium</strong></span> <span class='ocrx_word' id='word_1_438' title='bbox 2731 3880 3102 3933; x_wconf 77' lang='lat' dir='ltr'><strong>reformatum</strong></span> <span class='ocrx_word' id='word_1_439' title='bbox 3131 3883 3269 3938; x_wconf 81' lang='lat'>1583</span> 
     </span>
    </p>
   </div>
   <div class='ocr_carea' id='block_1_11' title="bbox 651 3956 757 4008">
    <p class='ocr_par' dir='ltr' id='par_1_11' title="bbox 651 3956 757 4008">
     <span class='ocr_line' id='line_1_78' title="bbox 651 3956 757 4008; baseline 0 0"><span class='ocrx_word' id='word_1_440' title='bbox 651 3956 757 4008; x_wconf 80' lang='lat'><strong>604</strong></span> 
     </span>
    </p>
   </div>
   <div class='ocr_carea' id='block_1_12' title="bbox 1985 3950 3267 4022">
    <p class='ocr_par' dir='ltr' id='par_1_12' title="bbox 1985 3950 3267 4022">
     <span class='ocr_line' id='line_1_79' title="bbox 1985 3950 3267 4022; baseline -0.001 -17"><span class='ocrx_word' id='word_1_441' title='bbox 1985 3951 2127 4022; x_wconf 78' lang='lat' dir='ltr'><strong>(bis),</strong></span> <span class='ocrx_word' id='word_1_442' title='bbox 2160 3951 2409 4004; x_wconf 84' lang='lat' dir='ltr'><strong>Venetiis</strong></span> <span class='ocrx_word' id='word_1_443' title='bbox 2436 3955 2590 4016; x_wconf 72' lang='lat'><strong>1583,</strong></span> <span class='ocrx_word' id='word_1_444' title='bbox 2620 3950 2894 4004; x_wconf 87' lang='lat' dir='ltr'><strong>editiones</strong></span> <span class='ocrx_word' id='word_1_445' title='bbox 2934 3951 3267 4018; x_wconf 83' lang='lat' dir='ltr'><strong>mendosae;</strong></span> 
     </span>
    </p>
   </div>
   <div class='ocr_carea' id='block_1_13' title="bbox 649 3999 3269 4218">
    <p class='ocr_par' dir='ltr' id='par_1_13' title="bbox 649 3999 3269 4218">
     <span class='ocr_line' id='line_1_80' title="bbox 729 3999 3269 4092; baseline 0.002 -18"><span class='ocrx_word' id='word_1_446' title='bbox 729 3999 773 4092; x_wconf 46' lang='lat'><strong>¹).</strong></span> <span class='ocrx_word' id='word_1_447' title='bbox 795 4022 981 4090; x_wconf 85' lang='lat' dir='ltr'><strong>Hujus</strong></span> <span class='ocrx_word' id='word_1_448' title='bbox 1020 4023 1252 4091; x_wconf 87' lang='lat' dir='ltr'><strong>pietatis</strong></span> <span class='ocrx_word' id='word_1_449' title='bbox 1290 4039 1420 4076; x_wconf 89' lang='lat' dir='ltr'><strong>cum</strong></span> <span class='ocrx_word' id='word_1_450' title='bbox 1461 4023 1632 4077; x_wconf 87' lang='lat' dir='ltr'><strong>laude</strong></span> <span class='ocrx_word' id='word_1_451' title='bbox 1671 4023 1934 4078; x_wconf 88' lang='lat' dir='ltr'><strong>meminit</strong></span> <span class='ocrx_word' id='word_1_452' title='bbox 1985 4023 2118 4076; x_wconf 88' lang='lat' dir='ltr'><strong>hinc</strong></span> <span class='ocrx_word' id='word_1_453' title='bbox 2170 4022 2520 4075; x_wconf 76' lang='lat' dir='ltr'><strong>emendatius</strong></span> <span class='ocrx_word' id='word_1_454' title='bbox 2572 4021 2785 4092; x_wconf 84' lang='lat' dir='ltr'><strong>prodiit</strong></span> <span class='ocrx_word' id='word_1_455' title='bbox 2837 4021 3050 4076; x_wconf 85' lang='lat' dir='ltr'><strong>Romae</strong></span> <span class='ocrx_word' id='word_1_456' title='bbox 3103 4025 3269 4080; x_wconf 78' lang='lat'>1584;</span> 
     </span>
     <span class='ocr_line' id='line_1_81' title="bbox 649 4091 3269 4218; baseline 0 -74"><span class='ocrx_word' id='word_1_457' title='bbox 649 4091 785 4145; x_wconf 87' lang='lat' dir='ltr'><strong>Pius</strong></span> <span class='ocrx_word' id='word_1_458' title='bbox 813 4093 926 4157; x_wconf 92' lang='lat' dir='ltr'><strong>IV.,</strong></span> <span class='ocrx_word' id='word_1_459' title='bbox 945 4110 1214 4147; x_wconf 86' lang='lat' dir='ltr'><strong>cumeum</strong></span> <span class='ocrx_word' id='word_1_460' title='bbox 1240 4109 1396 4146; x_wconf 86' lang='lat' dir='ltr'><strong>sacra</strong></span> <span class='ocrx_word' id='word_1_461' title='bbox 1423 4111 1679 4218; x_wconf 52' lang='lat' dir='ltr'><strong>pufripura</strong></span> <span class='ocrx_word' id='word_1_462' title='bbox 1706 4110 1932 4149; x_wconf 84' lang='lat' dir='ltr'><strong>exorna·</strong></span> <span class='ocrx_word' id='word_1_463' title='bbox 1990 4093 2242 4146; x_wconf 87' lang='lat' dir='ltr'><strong>Venetiis</strong></span> <span class='ocrx_word' id='word_1_464' title='bbox 2270 4097 2424 4150; x_wconf 81' lang='lat'><strong>1585.</strong></span> <span class='ocrx_word' id='word_1_465' title='bbox 2455 4095 2560 4146; x_wconf 81' lang='lat' dir='ltr'><strong>Sed</strong></span> <span class='ocrx_word' id='word_1_466' title='bbox 2589 4110 2717 4146; x_wconf 84' lang='lat' dir='ltr'><strong>cum</strong></span> <span class='ocrx_word' id='word_1_467' title='bbox 2744 4110 2846 4147; x_wconf 88' lang='lat' dir='ltr'><strong>nec</strong></span> <span class='ocrx_word' id='word_1_468' title='bbox 2866 4094 3008 4145; x_wconf 82' lang='lat' dir='ltr'><strong>haec</strong></span> <span class='ocrx_word' id='word_1_469' title='bbox 3028 4094 3116 4146; x_wconf 89' lang='lat' dir='ltr'><strong>ed.</strong></span> <span class='ocrx_word' id='word_1_470' title='bbox 3135 4093 3269 4147; x_wconf 88' lang='lat' dir='ltr'><strong>satis</strong></span> 
     </span>
    </p>
   </div>
   <div class='ocr_carea' id='block_1_14' title="bbox 648 4163 1432 4243">
    <p class='ocr_par' dir='ltr' id='par_1_14' title="bbox 648 4163 1432 4243">
     <span class='ocr_line' id='line_1_82' title="bbox 648 4163 1432 4243; baseline 0.003 -29"><span class='ocrx_word' id='word_1_471' title='bbox 648 4164 751 4243; x_wconf 69' lang='lat' dir='ltr'><strong>ret,</strong></span> <span class='ocrx_word' id='word_1_472' title='bbox 779 4163 863 4216; x_wconf 86' lang='lat' dir='ltr'><strong>ita</strong></span> <span class='ocrx_word' id='word_1_473' title='bbox 930 4167 1078 4217; x_wconf 88' lang='lat' dir='ltr'><strong>atres</strong></span> <span class='ocrx_word' id='word_1_474' title='bbox 1103 4164 1432 4232; x_wconf 84' lang='lat' dir='ltr'><strong>alloquens:</strong></span> 
     </span>
    </p>
   </div>
   <div class='ocr_carea' id='block_1_15' title="bbox 1551 4162 3269 4233">
    <p class='ocr_par' dir='ltr' id='par_1_15' title="bbox 1551 4162 3269 4233">
     <span class='ocr_line' id='line_1_83' title="bbox 1551 4162 3269 4233; baseline -0.001 -15"><span class='ocrx_word' id='word_1_475' title='bbox 1551 4183 1660 4218; x_wconf 87' lang='lat' dir='ltr'><strong>unc</strong></span> <span class='ocrx_word' id='word_1_476' title='bbox 1682 4166 1743 4220; x_wconf 91' lang='lat' dir='ltr'><strong>in</strong></span> <span class='ocrx_word' id='word_1_477' title='bbox 1772 4166 1931 4221; x_wconf 90' lang='lat' dir='ltr'><strong>colle·</strong></span> <span class='ocrx_word' id='word_1_478' title='bbox 1986 4167 2251 4218; x_wconf 83' lang='lat' dir='ltr'><strong>accurata</strong></span> <span class='ocrx_word' id='word_1_479' title='bbox 2277 4167 2434 4228; x_wconf 77' lang='lat' dir='ltr'><strong>esset,</strong></span> <span class='ocrx_word' id='word_1_480' title='bbox 2462 4163 2756 4233; x_wconf 83' lang='lat' dir='ltr'><strong>negotium</strong></span> <span class='ocrx_word' id='word_1_481' title='bbox 2776 4162 2881 4216; x_wconf 88' lang='lat' dir='ltr'><strong>hoc</strong></span> <span class='ocrx_word' id='word_1_482' title='bbox 2908 4164 3269 4219; x_wconf 86' lang='lat' dir='ltr'><strong>commissum</strong></span> 
     </span>
    </p>
   </div>
   <div class='ocr_carea' id='block_1_16' title="bbox 647 4235 2923 4304">
    <p class='ocr_par' dir='ltr' id='par_1_16' title="bbox 647 4235 2923 4304">
     <span class='ocr_line' id='line_1_84' title="bbox 647 4235 2923 4304; baseline 0 -18"><span class='ocrx_word' id='word_1_483' title='bbox 647 4251 809 4303; x_wconf 74' lang='lat' dir='ltr'><strong>glum</strong></span> <span class='ocrx_word' id='word_1_484' title='bbox 828 4251 861 4287; x_wconf 86' lang='lat' dir='ltr'><strong>a</strong></span> <span class='ocrx_word' id='word_1_485' title='bbox 924 4235 1160 4304; x_wconf 83' lang='lat' dir='ltr'><strong>egimus,</strong></span> <span class='ocrx_word' id='word_1_486' title='bbox 1179 4238 1244 4288; x_wconf 88' lang='lat' dir='ltr'><strong>ut</strong></span> <span class='ocrx_word' id='word_1_487' title='bbox 1260 4235 1739 4303; x_wconf 83' lang='lat' dir='ltr'><strong>quemadmodum</strong></span> <span class='ocrx_word' id='word_1_488' title='bbox 1751 4236 1932 4291; x_wconf 87' lang='lat' dir='ltr'><strong>Paulo</strong></span> <span class='ocrx_word' id='word_1_489' title='bbox 1987 4237 2075 4289; x_wconf 86' lang='lat' dir='ltr'><strong>est</strong></span> <span class='ocrx_word' id='word_1_490' title='bbox 2098 4235 2361 4299; x_wconf 86' lang='lat' dir='ltr'><strong>BaroniO,</strong></span> <span class='ocrx_word' id='word_1_491' title='bbox 2393 4237 2457 4288; x_wconf 88' lang='lat' dir='ltr'><strong>ut</strong></span> <span class='ocrx_word' id='word_1_492' title='bbox 2480 4235 2631 4288; x_wconf 84' lang='lat' dir='ltr'><strong>infra</strong></span> <span class='ocrx_word' id='word_1_493' title='bbox 2657 4235 2923 4287; x_wconf 86' lang='lat' dir='ltr'><strong>dicemus.</strong></span> 
     </span>
    </p>
   </div>
   <div class='ocr_carea' id='block_1_17' title="bbox 650 4305 1933 4372">
    <p class='ocr_par' dir='ltr' id='par_1_17' title="bbox 650 4305 1933 4372">
     <span class='ocr_line' id='line_1_85' title="bbox 650 4305 1933 4372; baseline 0.003 -14"><span class='ocrx_word' id='word_1_494' title='bbox 650 4305 1065 4372; x_wconf 83' lang='lat' dir='ltr'><strong>praedecessori</strong></span> <span class='ocrx_word' id='word_1_495' title='bbox 1107 4309 1298 4360; x_wconf 88' lang='lat' dir='ltr'><strong>nostro</strong></span> <span class='ocrx_word' id='word_1_496' title='bbox 1339 4306 1601 4361; x_wconf 88' lang='lat' dir='ltr'><strong>morienti</strong></span> <span class='ocrx_word' id='word_1_497' title='bbox 1648 4307 1933 4362; x_wconf 86' lang='lat' dir='ltr'><strong>officiosis·</strong></span> 
     </span>
    </p>
   </div>
   <div class='ocr_carea' id='block_1_18' title="bbox 2061 4304 3267 4375">
    <p class='ocr_par' dir='ltr' id='par_1_18' title="bbox 2061 4304 3267 4375">
     <span class='ocr_line' id='line_1_86' title="bbox 2061 4304 3267 4375; baseline -0.002 -15"><span class='ocrx_word' id='word_1_498' title='bbox 2061 4309 2101 4374; x_wconf 71' lang='lat'><strong>²)</strong></span> <span class='ocrx_word' id='word_1_499' title='bbox 2129 4304 2371 4375; x_wconf 84' lang='lat' dir='ltr'><strong>Operam</strong></span> <span class='ocrx_word' id='word_1_500' title='bbox 2401 4321 2628 4373; x_wconf 90' lang='lat' dir='ltr'><strong>quoque</strong></span> <span class='ocrx_word' id='word_1_501' title='bbox 2655 4305 2903 4360; x_wconf 84' lang='lat' dir='ltr'><strong>contulit</strong></span> <span class='ocrx_word' id='word_1_502' title='bbox 2937 4305 3012 4359; x_wconf 88' lang='lat' dir='ltr'><strong>ad</strong></span> <span class='ocrx_word' id='word_1_503' title='bbox 3037 4322 3267 4375; x_wconf 82' lang='lat' dir='ltr'><strong>operum</strong></span> 
     </span>
    </p>
   </div>
   <div class='ocr_carea' id='block_1_19' title="bbox 648 4376 3268 4802">
    <p class='ocr_par' dir='ltr' id='par_1_19' title="bbox 648 4376 3268 4796">
     <span class='ocr_line' id='line_1_87' title="bbox 650 4376 3268 4448; baseline -0 -20"><span class='ocrx_word' id='word_1_504' title='bbox 650 4376 786 4430; x_wconf 88' lang='lat' dir='ltr'><strong>sime</strong></span> <span class='ocrx_word' id='word_1_505' title='bbox 813 4376 1051 4440; x_wconf 81' lang='lat' dir='ltr'><strong>adstitit,</strong></span> <span class='ocrx_word' id='word_1_506' title='bbox 1078 4377 1162 4431; x_wconf 82' lang='lat' dir='ltr'><strong>ita</strong></span> <span class='ocrx_word' id='word_1_507' title='bbox 1188 4377 1361 4431; x_wconf 83' lang='lat' dir='ltr'><strong>etiam</strong></span> <span class='ocrx_word' id='word_1_508' title='bbox 1402 4377 1520 4432; x_wconf 90' lang='lat' dir='ltr'><strong>suis</strong></span> <span class='ocrx_word' id='word_1_509' title='bbox 1544 4379 1810 4448; x_wconf 85' lang='lat' dir='ltr'><strong>precibus</strong></span> <span class='ocrx_word' id='word_1_510' title='bbox 1838 4397 1932 4433; x_wconf 89' lang='lat' dir='ltr'><strong>no·</strong></span> <span class='ocrx_word' id='word_1_511' title='bbox 1987 4395 2027 4431; x_wconf 88' lang='lat' dir='ltr'><strong>s.</strong></span> <span class='ocrx_word' id='word_1_512' title='bbox 2041 4377 2339 4442; x_wconf 90' lang='lat' dir='ltr'><strong>Ambrosii,</strong></span> <span class='ocrx_word' id='word_1_513' title='bbox 2361 4394 2401 4429; x_wconf 89' lang='lat' dir='ltr'><strong>s.</strong></span> <span class='ocrx_word' id='word_1_514' title='bbox 2421 4376 2770 4444; x_wconf 86' lang='lat' dir='ltr'><strong>Hieronymi,</strong></span> <span class='ocrx_word' id='word_1_515' title='bbox 2797 4378 2856 4429; x_wconf 89' lang='lat' dir='ltr'><strong>et</strong></span> <span class='ocrx_word' id='word_1_516' title='bbox 2868 4380 3127 4430; x_wconf 83' lang='lat' dir='ltr'><strong>actorum</strong></span> <span class='ocrx_word' id='word_1_517' title='bbox 3142 4393 3268 4430; x_wconf 84' lang='lat' dir='ltr'><strong>con-</strong></span> 
     </span>
     <span class='ocr_line' id='line_1_88' title="bbox 649 4446 3267 4518; baseline 0 -20"><span class='ocrx_word' id='word_1_518' title='bbox 649 4450 825 4500; x_wconf 87' lang='lat' dir='ltr'><strong>stram</strong></span> <span class='ocrx_word' id='word_1_519' title='bbox 852 4448 1089 4515; x_wconf 84' lang='lat' dir='ltr'><strong>adjuvet</strong></span> <span class='ocrx_word' id='word_1_520' title='bbox 1107 4450 1261 4518; x_wconf 89' lang='lat' dir='ltr'><strong>apud</strong></span> <span class='ocrx_word' id='word_1_521' title='bbox 1284 4448 1465 4503; x_wconf 86' lang='lat' dir='ltr'><strong>Deum</strong></span> <span class='ocrx_word' id='word_1_522' title='bbox 1487 4467 1553 4503; x_wconf 86' lang='lat' dir='ltr'><strong>ex</strong></span> <span class='ocrx_word' id='word_1_523' title='bbox 1576 4451 1679 4504; x_wconf 79' lang='lat' dir='ltr'><strong>hac</strong></span> <span class='ocrx_word' id='word_1_524' title='bbox 1699 4450 1820 4505; x_wconf 85' lang='lat' dir='ltr'><strong>vita</strong></span> <span class='ocrx_word' id='word_1_525' title='bbox 1832 4450 1931 4504; x_wconf 90' lang='lat' dir='ltr'><strong>mi·</strong></span> <span class='ocrx_word' id='word_1_526' title='bbox 1986 4448 2250 4503; x_wconf 83' lang='lat' dir='ltr'><strong>ciliorum</strong></span> <span class='ocrx_word' id='word_1_527' title='bbox 2296 4447 2783 4502; x_wconf 86' lang='lat' dir='ltr'><strong>oecumenicorum</strong></span> <span class='ocrx_word' id='word_1_528' title='bbox 2812 4447 3139 4502; x_wconf 82' lang='lat' dir='ltr'><strong>editionem.</strong></span> <span class='ocrx_word' id='word_1_529' title='bbox 3189 4446 3267 4500; x_wconf 83' lang='lat' dir='ltr'><strong>Cf.</strong></span> 
     </span>
     <span class='ocr_line' id='line_1_89' title="bbox 650 4516 3267 4592; baseline 0 -22"><span class='ocrx_word' id='word_1_530' title='bbox 650 4517 1017 4586; x_wconf 79' lang='lat' dir='ltr'><strong>gratiouem.“</strong></span> <span class='ocrx_word' id='word_1_531' title='bbox 1036 4518 1197 4584; x_wconf 88' lang='lat' dir='ltr'><strong>Quod</strong></span> <span class='ocrx_word' id='word_1_532' title='bbox 1210 4522 1567 4592; x_wconf 82' lang='lat' dir='ltr'><strong>praesagium</strong></span> <span class='ocrx_word' id='word_1_533' title='bbox 1583 4522 1708 4591; x_wconf 84' lang='lat' dir='ltr'><strong>ipso</strong></span> <span class='ocrx_word' id='word_1_534' title='bbox 1722 4524 1931 4576; x_wconf 88' lang='lat' dir='ltr'><strong>eventu</strong></span> <span class='ocrx_word' id='word_1_535' title='bbox 1988 4518 2336 4582; x_wconf 86' lang='lat' dir='ltr'><strong>Tiraboschi,</strong></span> <span class='ocrx_word' id='word_1_536' title='bbox 2367 4518 2553 4571; x_wconf 86' lang='lat' dir='ltr'><strong>Storia</strong></span> <span class='ocrx_word' id='word_1_537' title='bbox 2591 4516 2744 4570; x_wconf 85' lang='lat' dir='ltr'><strong>della</strong></span> <span class='ocrx_word' id='word_1_538' title='bbox 2783 4517 3126 4572; x_wconf 87' lang='lat' dir='ltr'><strong>letteratura</strong></span> <span class='ocrx_word' id='word_1_539' title='bbox 3149 4517 3267 4571; x_wconf 90' lang='lat' dir='ltr'><strong>ital.</strong></span> 
     </span>
     <span class='ocr_line' id='line_1_90' title="bbox 649 4587 3266 4664; baseline -0.001 -23"><span class='ocrx_word' id='word_1_540' title='bbox 649 4591 1081 4660; x_wconf 85' lang='lat' dir='ltr'><strong>comprobatum</strong></span> <span class='ocrx_word' id='word_1_541' title='bbox 1143 4594 1228 4646; x_wconf 89' lang='lat' dir='ltr'><strong>est</strong></span> <span class='ocrx_word' id='word_1_542' title='bbox 1290 4593 1508 4646; x_wconf 89' lang='lat' dir='ltr'><strong>decimo</strong></span> <span class='ocrx_word' id='word_1_543' title='bbox 1562 4597 1692 4664; x_wconf 87' lang='lat' dir='ltr'><strong>post</strong></span> <span class='ocrx_word' id='word_1_544' title='bbox 1741 4592 1932 4664; x_wconf 87' lang='lat' dir='ltr'><strong>elapso</strong></span> <span class='ocrx_word' id='word_1_545' title='bbox 1989 4591 2049 4646; x_wconf 90' lang='lat' dir='ltr'><strong>P.</strong></span> <span class='ocrx_word' id='word_1_546' title='bbox 2079 4591 2200 4647; x_wconf 84' lang='lat' dir='ltr'><strong>Vll.</strong></span> <span class='ocrx_word' id='word_1_547' title='bbox 2227 4590 2263 4643; x_wconf 91' lang='lat' dir='ltr'><strong>l.</strong></span> <span class='ocrx_word' id='word_1_548' title='bbox 2289 4594 2339 4645; x_wconf 83' lang='lat'><strong>2.</strong></span> <span class='ocrx_word' id='word_1_549' title='bbox 2368 4606 2417 4646; x_wconf 88' lang='lat' dir='ltr'><strong>c.</strong></span> <span class='ocrx_word' id='word_1_550' title='bbox 2443 4594 2491 4644; x_wconf 91' lang='lat'><strong>1.</strong></span> <span class='ocrx_word' id='word_1_551' title='bbox 2518 4606 2575 4644; x_wconf 87' lang='lat' dir='ltr'><strong>n.</strong></span> <span class='ocrx_word' id='word_1_552' title='bbox 2600 4593 2687 4646; x_wconf 83' lang='lat'><strong>46.</strong></span> <span class='ocrx_word' id='word_1_553' title='bbox 2728 4587 2809 4642; x_wconf 90' lang='lat' dir='ltr'><strong>De</strong></span> <span class='ocrx_word' id='word_1_554' title='bbox 2836 4588 2954 4657; x_wconf 84' lang='lat' dir='ltr'><strong>ejus</strong></span> <span class='ocrx_word' id='word_1_555' title='bbox 2982 4588 3266 4644; x_wconf 76' lang='lat' dir='ltr'><strong>laboribus</strong></span> 
     </span>
     <span class='ocr_line' id='line_1_91' title="bbox 648 4658 3265 4796; baseline -0.002 -79"><span class='ocrx_word' id='word_1_556' title='bbox 648 4676 856 4787; x_wconf 48' lang='grc' dir='ltr'><strong>ἓξὲξ,</strong></span> <span class='ocrx_word' id='word_1_557' title='bbox 885 4680 1000 4745; x_wconf 78' lang='lat' dir='ltr'><strong>quo</strong></span> <span class='ocrx_word' id='word_1_558' title='bbox 1026 4661 1162 4717; x_wconf 90' lang='lat' dir='ltr'><strong>Pius</strong></span> <span class='ocrx_word' id='word_1_559' title='bbox 1189 4663 1283 4724; x_wconf 82' lang='lat' dir='ltr'><strong>IV,</strong></span> <span class='ocrx_word' id='word_1_560' title='bbox 1306 4665 1581 4789; x_wconf 36' lang='lat' dir='ltr'><strong>reciitainte</strong></span> <span class='ocrx_word' id='word_1_561' title='bbox 1598 4665 1802 4719; x_wconf 87' lang='lat' dir='ltr'><strong>Sirleto</strong></span> <span class='ocrx_word' id='word_1_562' title='bbox 1820 4681 1934 4789; x_wconf 48' lang='lat' dir='ltr'><strong>{ar—</strong></span> <span class='ocrx_word' id='word_1_563' title='bbox 1986 4659 2471 4796; x_wconf 41' lang='lat' dir='ltr'><strong>{li&#39;ffralrigtlethin</strong></span> <span class='ocrx_word' id='word_1_564' title='bbox 2495 4659 2794 4784; x_wconf 51' lang='grc' dir='ltr'><strong>Ἰξαέιοὲθείἓθ</strong></span> <span class='ocrx_word' id='word_1_565' title='bbox 2821 4660 3162 4788; x_wconf 51' lang='lat' dir='ltr'><strong>sgffistaffl</strong></span> <span class='ocrx_word' id='word_1_566' title='bbox 3199 4658 3265 4712; x_wconf 87' lang='lat' dir='ltr'><strong>cf.</strong></span> 
     </span>
    </p>

    <p class='ocr_par' dir='ltr' id='par_1_20' title="bbox 871 4747 3267 4802">
     <span class='ocr_line' id='line_1_92' title="bbox 871 4747 3267 4802; baseline -0.003 -15"><span class='ocrx_word' id='word_1_567' title='bbox 871 4750 1094 4789; x_wconf 86' lang='lat' dir='ltr'><strong>ammae</strong></span> <span class='ocrx_word' id='word_1_568' title='bbox 1135 4752 1391 4790; x_wconf 88' lang='lat' dir='ltr'><strong>commen</strong></span> <span class='ocrx_word' id='word_1_569' title='bbox 1435 4752 1469 4789; x_wconf 83' lang='lat' dir='ltr'><strong>a</strong></span> <span class='ocrx_word' id='word_1_570' title='bbox 1497 4752 1705 4802; x_wconf 79' lang='lat' dir='ltr'><strong>ionem,</strong></span> <span class='ocrx_word' id='word_1_571' title='bbox 1733 4752 1799 4790; x_wconf 86' lang='lat' dir='ltr'><strong>ex</strong></span> <span class='ocrx_word' id='word_1_572' title='bbox 1870 4752 1934 4789; x_wconf 85' lang='lat' dir='ltr'><strong>ac</strong></span> <span class='ocrx_word' id='word_1_573' title='bbox 2078 4749 2183 4786; x_wconf 89' lang='lat' dir='ltr'><strong>eo.</strong></span> <span class='ocrx_word' id='word_1_574' title='bbox 2309 4747 2365 4784; x_wconf 87' lang='lat' dir='ltr'><strong>sc</strong></span> <span class='ocrx_word' id='word_1_575' title='bbox 2407 4749 2469 4794; x_wconf 88' lang='lat' dir='ltr'><strong>r.,</strong></span> <span class='ocrx_word' id='word_1_576' title='bbox 2619 4747 2720 4799; x_wconf 85' lang='lat' dir='ltr'><strong>mg</strong></span> <span class='ocrx_word' id='word_1_577' title='bbox 2756 4747 2791 4782; x_wconf 88' lang='lat' dir='ltr'><strong>u</strong></span> <span class='ocrx_word' id='word_1_578' title='bbox 2989 4748 3045 4799; x_wconf 87' lang='lat' dir='ltr'><strong>p.</strong></span> <span class='ocrx_word' id='word_1_579' title='bbox 3186 4748 3267 4794; x_wconf 79' lang='lat' dir='ltr'><strong>as.;</strong></span> 
     </span>
    </p>
   </div>
   <div class='ocr_carea' id='block_1_20' title="bbox 651 4801 2862 4876">
    <p class='ocr_par' dir='ltr' id='par_1_21' title="bbox 651 4801 2862 4876">
     <span class='ocr_line' id='line_1_93' title="bbox 651 4801 2862 4876; baseline -0 -18"><span class='ocrx_word' id='word_1_580' title='bbox 651 4801 770 4858; x_wconf 78' lang='lat' dir='ltr'><strong>vita</strong></span> <span class='ocrx_word' id='word_1_581' title='bbox 793 4805 1077 4876; x_wconf 84' lang='lat' dir='ltr'><strong>migravit.</strong></span> <span class='ocrx_word' id='word_1_582' title='bbox 1990 4808 2090 4860; x_wconf 82' lang='lat'><strong>621</strong></span> <span class='ocrx_word' id='word_1_583' title='bbox 2113 4824 2125 4874; x_wconf 80' lang='lat'><em>3</em></span> <span class='ocrx_word' id='word_1_584' title='bbox 2155 4805 2293 4860; x_wconf 82' lang='lat'>1885</span> <span class='ocrx_word' id='word_1_585' title='bbox 2321 4819 2375 4870; x_wconf 89' lang='lat' dir='ltr'><strong>p.</strong></span> <span class='ocrx_word' id='word_1_586' title='bbox 2402 4805 2507 4858; x_wconf 79' lang='lat'><strong>468</strong></span> <span class='ocrx_word' id='word_1_587' title='bbox 2535 4819 2635 4860; x_wconf 72' lang='lat' dir='ltr'><strong>ss,z</strong></span> <span class='ocrx_word' id='word_1_588' title='bbox 2661 4805 2766 4857; x_wconf 73' lang='lat'><strong>624</strong></span> <span class='ocrx_word' id='word_1_589' title='bbox 2791 4818 2862 4857; x_wconf 81' lang='lat' dir='ltr'><strong>ss.</strong></span> 
     </span>
    </p>
   </div>
  </div>
 </body>
</html>
