3625 5193
640 247 753 300 511

1020 235 1388 288 1601-1620.
1418 229 1684 284 Studium
1710 248 1752 283 s.
1780 229 2110 299 Scripturae
2137 230 2199 283 in
2227 229 2411 282 Italia.
2442 228 2515 282 M.
2543 244 2577 281 a
2604 227 2873 294 Calassi0‚

3136 246 3257 300 512

633 414 1285 491 stitueritdoctorisque
1305 417 1617 493 privilegio
1638 418 1697 474 et
1716 416 1913 486 titulo,
1972 415 2200 474 tissime
2216 417 2367 475 rexit
2383 415 2532 473 hanc
2553 415 2877 483 ecclesiam,
2902 417 3112 490 sponte
3124 416 3260 474 dein

633 505 727 562 sui
758 505 1017 563 sodalitii
1049 505 1193 563 viris
1227 506 1402 580 plane
1424 505 1667 564 insolito
1687 510 1748 563 et
1767 523 1917 580 pene
1973 505 2317 580 episcopatu
2348 524 2409 563 se
2443 502 2754 574 abdicavit,
2789 502 3066 577 diemque
3100 506 3261 562 clau-

632 592 967 662 interdict0‚
1002 594 1382 653 decoraverit.
1432 595 1516 652 Eo
1557 598 1752 652 totum
1786 595 1915 668 ejus

631 682 912 741 tendebat
942 683 1316 752 desiderium,
1349 688 1419 741 ut
1452 684 1688 742 uberior
1718 685 1779 741 et
1797 683 1916 740 fre-

633 771 912 845 quentior
973 773 1137 830 fieret
1183 772 1362 848 hujus
1407 773 1648 848 linguae
1681 770 1914 830 notitia.

633 859 889 936 Tempus
921 861 1176 928 nullum,
1225 879 1332 919 nec
1374 861 1533 935 quod
1566 862 1629 919 in
1660 860 1917 919 fratrum

632 949 892 1008 triclinio
924 951 1285 1008 necessariae
1335 950 1645 1009 refectioni
1677 968 1915 1025 supere·

632 1041 742 1107 rat,
795 1040 1019 1113 absque
1069 1039 1319 1098 lectione
1379 1039 1916 1114 praetermittebat,

633 1145 736 1185 nec
769 1129 992 1201 absque
1028 1127 1298 1187 codiculo
1329 1146 1631 1203 quoquam
1662 1128 1916 1186 hebraeo

1974 594 2051 652 sit
2083 612 2425 669 supremum
2468 603 2630 655 1608
2681 613 2729 650 a.
2763 592 2976 650 aetatis
3014 603 3115 655 76.
3182 595 3263 652 De

1973 701 2041 740 eo
2073 683 2155 740 ita
2188 684 2395 741 scribit
2427 682 2671 740 Latinus
2694 681 2962 740 Latinius
2981 678 3059 760 ¹):
3098 685 3260 751 ,An-

1972 772 2173 830 tonius
2191 774 2236 830 A
2242 773 2459 848 gellius
2476 770 2895 845 neapolitanus
2908 771 3180 829 sacerdos
3192 790 3259 829 ex

1972 879 2175 918 eorum
2209 861 2499 930 sodaliti0‚
2551 877 2700 933 quos
2751 859 2990 918 clericos
3023 861 3262 936 regula-

1974 968 2066 1008 res
2116 955 2326 1009 vocant
2376 949 2686 1022 sanctique
2720 949 2989 1007 Silvestri
3037 967 3261 1007 sacram

1973 1039 2175 1096 aedem
2206 1040 2480 1098 incolunt
2511 1087 2524 1101 .
2560 1081 2572 1093 .
2606 1082 2618 1094 .
2652 1056 2812 1095 unus
2862 1056 2928 1095 ex
2964 1038 3259 1107 omnibus,

1975 1146 2123 1202 quos
2156 1146 2450 1198 noveram,
2493 1127 2558 1185 in
2591 1145 2667 1184 ss.
2700 1126 3007 1185 literarum
3044 1127 3265 1186 studiis

634 1215 696 1273 in
746 1216 1053 1290 publicum
1104 1217 1196 1275 vel
1241 1216 1306 1275 in
1355 1234 1588 1292 campos
1620 1215 1914 1292 prodibat,
1974 1217 2191 1291 triplici
2242 1218 2585 1294 linguarum
2646 1216 2893 1274 scientia
2954 1215 3267 1290 praeditus

635 1305 883 1379 ipsaque
944 1305 1144 1364 obitus
1206 1306 1298 1364 die
1350 1302 1479 1387 (24.
1530 1305 1660 1363 Jan.
1723 1299 1914 1384 1620)
1973 1306 2058 1363 ita
2089 1313 2360 1365 versatus
2394 1310 2502 1375 est,
2535 1309 2608 1363 ut
2637 1304 2795 1363 inter
2826 1323 2943 1373 e08‚
2968 1305 3070 1379 qui
3092 1305 3166 1363 ad
3188 1324 3259 1363 ss».

635 1394 893 1467 psalmos
956 1393 1226 1453 hebraice
1303 1394 1596 1455 recitavit.
1675 1394 1919 1452 Praeter
1975 1395 2159 1454 biblia
2206 1414 2414 1472 graeca
2475 1393 2846 1452 restituenda
2891 1399 3070 1467 atque
3121 1394 3260 1452 illu-

629 1485 1101 1559 yrammaticam,
1120 1502 1361 1542 canones
1375 1485 1671 1561 ymen-ales
1690 1484 1919 1557 linquae
1974 1485 2216 1543 stranda
2238 1486 2365 1560 jam
2395 1486 2531 1542 aute
2577 1483 3059 1556 quinquennium
3092 1482 3261 1541 electi

634 1579 861 1628 sanctae
894 1573 952 1629 et
983 1569 1398 1631 dictionarium
1416 1573 1745 1630 hebraicum
1759 1589 1916 1630 com·
1976 1578 2136 1642 sunt,
2171 1574 2427 1651 primum
2464 1573 2657 1632 locum
2703 1572 2989 1630 obtineat.
3053 1571 3263 1648 Neque

635 1659 833 1733 posuit
880 1660 1441 1718 Concordcmtiarum
1489 1680 1563 1718 ss.
1615 1662 1919 1719 bibliorum
1975 1661 2037 1719 in
2069 1681 2139 1721 ea
2170 1667 2407 1721 tantum
2428 1661 2782 1738 gravissima
2808 1661 3109 1719 curatione
3130 1679 3259 1718 mu-

633 1749 1028 1807 hebraicorum
1058 1757 1094 1806 t.
1134 1752 1172 1806 4
1204 1750 1268 1807 in
1300 1750 1355 1819 f„
1408 1750 1471 1807 in
1502 1750 1721 1824 quibus
1754 1749 1914 1808 chal·
1972 1770 2084 1810 nus
2120 1771 2294 1810 suum
2327 1751 2554 1826 implet,
2606 1749 2707 1808 sed
2740 1754 2801 1808 et
2832 1749 3037 1825 Cyrilli
3083 1760 3150 1811 17
3189 1749 3264 1807 de

633 1836 827 1895 daicae
858 1838 1033 1896 etiam
1067 1837 1840 1898 concordantiaell.Esdrae
1860 1840 1920 1894 et
1975 1840 2318 1899 adoratione
2364 1841 2425 1898 in
2472 1839 2692 1914 spiritu
2748 1839 2804 1896 ll.
2853 1839 3067 1897 latinos
3101 1839 3257 1907 fecit,

633 1925 892 1984 Danielis
944 1945 1052 1985 suo
1101 1927 1228 1986 loco
1280 1927 1649 1997 inseruntur,
1701 1928 1919 1986 Romae
1975 1936 2035 1988 et
2078 1930 2142 1987 in
2189 1930 2452 1988 Psalmos
2496 1929 2689 1986 multa
2737 1928 3104 2002 comparavit
3148 1928 3262 1985 ali-

643 2024 822 2076 1622.
888 2016 1030 2074 Post
1091 2017 1425 2074 thematum
1490 2035 1595 2075 seu
1648 2016 1917 2075 radicum
1977 2020 2211 2094 quando
2232 2021 2303 2076 ad
2340 2036 2710 2076 communem
2747 2016 3071 2075 utilitatem
3106 2016 3258 2091 pub·

630 2104 829 2162 omnia
861 2104 1127 2163 derivata
1171 2110 1232 2164 et
1265 2124 1380 2163 usu
1431 2106 1613 2163 latius
1664 2105 1920 2163 deducta
1977 2109 2265 2166 licanda.‘
2300 2108 2445 2182 Ejus
2480 2107 2540 2163 in
2573 2106 2935 2164 correctione
2975 2106 3259 2163 versionis

633 2210 697 2250 ac
749 2193 1090 2269 linguarum
1145 2194 1493 2263 chaldaicae,
1547 2195 1805 2269 syriacae
1859 2197 1920 2251 et
1975 2216 2217 2273 graecae
2249 2195 2660 2255 alexandrinae
2706 2196 2935 2254 labores
2983 2194 3258 2269 pluribus

633 2282 895 2341 arabicae
940 2283 1479 2358 vocabulorumque
1519 2283 1919 2341 rabinicorum
1976 2286 2158 2344 refert
2208 2286 2379 2346 Mich.
2412 2284 2777 2352 Ghisleri,
2831 2285 2988 2341 inter
3040 2283 3158 2341 alia
3189 2285 3259 2341 de

634 2389 768 2429 cum
800 2371 1088 2430 hebraicis
1123 2373 1593 2432 convenientiam
1624 2373 1815 2430 latina
1846 2371 1920 2428 ad
1976 2394 2043 2435 eo
2073 2375 2159 2433 ita
2190 2375 2449 2433 scribens
2462 2369 2544 2453 2);
2599 2374 2707 2440 ,In
2738 2392 2859 2447 qua
2890 2372 3127 2446 quidem
3163 2392 3259 2430 ex-

634 2460 881 2519 verbum
942 2461 1135 2519 versio
1198 2462 1564 2536 adjungitur,
1614 2462 1685 2518 ad
1738 2479 1919 2535 quam
1976 2464 2442 2539 ploratissimum
2468 2462 2613 2520 mihi
2633 2465 2741 2528 est,
2763 2462 3100 2519 laboratum
3125 2479 3260 2535 prae

635 2550 911 2625 vulgatae
943 2553 1003 2608 et
1036 2549 1420 2627 septuaginta
1450 2549 1782 2609 editionum
1805 2548 1919 2606 dif-

634 2636 888 2696 ferentia
936 2639 1190 2696 fideliter
1238 2640 1606 2713 expenditur.
1669 2640 1921 2697 Demum

637 2726 709 2782 ad
741 2727 939 2783 ultimi
971 2728 1118 2784 tomi
1151 2728 1367 2785 calcem
1399 2728 1639 2785 nomina
1683 2727 1921 2803 propria

638 2831 711 2872 ss.
744 2815 1009 2872 codicum
1055 2831 1208 2874 novo
1247 2816 1453 2874 ordine
1484 2816 1841 2892 digeruntur
1856 2812 1920 2895 ²).

638 2902 838 2980 Magni
882 2905 951 2961 fit
994 2904 1067 2961 ab
1117 2904 1367 2962 eruditis
1417 2904 1522 2963 hoc
1552 2924 1717 2980 opus,
1749 2924 1918 2980 prae·

637 2994 850 3051 sertim
873 2993 1056 3052 editio
1089 2993 1455 3051 londinensis
1488 3014 1537 3056 a.
1582 3003 1764 3056 1747.

731 3234 871 3288 219.
907 3228 1050 3286 Prae
1083 3229 1294 3287 ceteris
1327 3232 1526 3286 tamen
1558 3228 1776 3285 eminet
1797 3229 1919 3285 An-

637 3316 836 3374 tonius
886 3317 1246 3393 Agellius
1293 3318 1696 3387 Surrentinus,
1745 3316 1917 3374 cleri-

636 3423 737 3462 cus
771 3406 1078 3481 regulariS,
1113 3407 1204 3465 vir
1236 3407 1310 3464 ab
1343 3407 1557 3464 eximia
1574 3424 1808 3463 morum
1825 3406 1918 3463 in-

634 3496 904 3553 nocentia
934 3500 995 3554 et
1013 3518 1046 3554 a
1066 3495 1470 3555 doctrinarum
1502 3495 1676 3553 laude
1709 3494 1918 3552 sacris-

634 3602 749 3657 que
781 3586 1130 3658 praesertim
1174 3586 1366 3643 literis
1414 3583 1916 3643 commendatissi-

634 3692 784 3733 mus,
832 3674 1168 3731 Praefectus
1201 3678 1327 3732 erat
1357 3673 1783 3749 typographiae
1816 3691 1915 3729 va-

634 3762 878 3821 ticanae.
917 3762 1053 3819 hinc
1085 3762 1296 3819 habuit
1326 3766 1556 3838 partem
1575 3761 1640 3819 in
1659 3761 1918 3819 editione

636 3868 880 3923 operum
917 3851 1112 3925 magni
1145 3850 1447 3924 momenti,
1494 3854 1565 3908 ut
1595 3850 1660 3906 in
1690 3849 1917 3907 edendo

636 3942 805 3994 textu
837 3957 1044 4013 graeco
1079 3938 1148 3996 N.
1183 3938 1263 4007 Τ.,
1297 3939 1358 3997 in
1390 3938 1619 3997 edenda
1653 3938 1919 3996 versione

634 4026 1015 4084 alexandrina
1073 4026 1396 4097 emendata,
1463 4028 1524 4084 in
1572 4026 1918 4102 colligendis

634 4114 982 4191 fragmentis
1015 4116 1306 4174 versionis
1357 4116 1549 4185 italae,
1598 4116 1662 4173 in
1692 4133 1918 4175 correc-

635 4204 794 4261 tione
830 4200 1175 4284 Vulgatae²)
1210 4210 1318 4262 etc.
1350 4206 1402 4262 A
1435 4205 1731 4263 Clemente
1765 4203 1915 4262 VIII.

635 4294 936 4352 sublectus
1016 4299 1108 4352 est
1185 4294 1493 4369 episcopus
1588 4294 1918 4352 acci-nensis

640 4391 737 4442 24.
773 4383 917 4441 Nov.
963 4393 1142 4444 1593.
1207 4383 1453 4457 Aliquot
1497 4402 1678 4440 annos
1713 4381 1915 4441 lauda-

717 4650 750 4715 ¹)
780 4645 860 4699 Cf.
889 4644 1135 4699 Joannes
1162 4663 1194 4699 a.
1222 4666 1262 4701 s.
1292 4649 1425 4701 Ant.
1454 4647 1518 4711 11,
1548 4652 1653 4703 330
1680 4666 1719 4700 s.

1978 2553 2250 2613 omnibus
2282 2572 2316 2611 a
2346 2554 2408 2611 P.
2443 2555 2650 2611 nostro
2702 2551 2948 2628 Agelfio,
3002 2551 3106 2625 qui
3159 2569 3257 2609 va-

1977 2644 2198 2701 riorum
2263 2643 2526 2701 codicum
2588 2659 2933 2717 graecorum
3003 2641 3262 2698 contulit

1977 2736 2306 2797 contextus,
2342 2730 2542 2789 habita
2585 2730 2811 2787 ratione
2857 2729 3128 2787 lectionis
3163 2729 3258 2787 he-

1980 2821 2207 2879 braicae
2240 2824 2683 2894 ceterarumque
2716 2819 3056 2877 versionum
3089 2824 3256 2876 vetu-

1978 2912 2206 2968 starum
2240 2913 2302 2967 et
2331 2910 2549 2967 iterum
2589 2909 2851 2982 ipsorum
2885 2906 3050 2973 LXX,
3086 2910 3265 2981 prout

1977 2998 2368 3057 diversimode
2419 3018 2453 3056 a
2501 2997 2801 3055 veteribus
2849 2996 3126 3071 patribus
3170 3014 3258 3053 re·

1975 3088 2289 3157 ferrentur,
2340 3089 2399 3144 et
2447 3086 2687 3161 singula
2732 3083 3112 3160 postmodum
3162 3103 3261 3142 ex·

1976 3195 2161 3250 pensa
2208 3178 2271 3234 in
2322 3174 2789 3251 congregatione,
2854 3192 3006 3249 quae
3068 3191 3260 3230 coram

1975 3266 2274 3339 praedicto
2308 3263 2601 3323 cardinale
2623 3263 2849 3322 Caraffa
2881 3265 2941 3321 et
2973 3262 3263 3337 magistro

1977 3373 2019 3415 s,
2054 3354 2261 3429 palatii
2294 3374 2327 3411 a
2358 3352 2821 3428 praenominatis
2857 3350 3056 3419 fiebat,
3091 3368 3260 3408 exac-

1973 3444 2096 3501 tius
2110 3442 2473 3518 proponebat
2497 3440 2896 3509 examinanda,
2928 3458 2994 3497 ac
3006 3458 3256 3515 perpen-

1976 3532 2056 3589 sis
2090 3531 2268 3589 variis
2302 3529 2661 3589 lectionibus
2698 3528 3091 3603 adductisque
3126 3529 3265 3586 hinc

1974 3620 2112 3678 inde
2174 3620 2508 3678 rationibus
2572 3618 2790 3676 ibidem
2851 3617 3257 3684 definiebatur,

1975 3728 2124 3784 quae
2155 3728 2395 3783 quoquo
2427 3708 2491 3766 in
2524 3708 2650 3765 loco
2672 3710 2741 3763 ut
2761 3707 2968 3764 melior
2989 3705 3265 3781 ponenda

1976 3802 2134 3856 esset
2163 3804 2223 3856 et
2256 3798 2444 3856 verior
2478 3841 2488 3852 .
2525 3840 2535 3851 .
2572 3840 2583 3852 .
2631 3795 2798 3864 Quod
2853 3796 2903 3853 si
2946 3796 3013 3853 D.
3047 3796 3258 3853 Petrus

1976 3888 2238 3945 Morinus
2256 3886 2319 3944 in
2338 3885 2684 3962 colligendis
2716 3884 3088 3953 lectionibuS,
3112 3901 3260 3958 quae

1976 3982 2108 4051 post
2140 3977 2378 4052 singula
2410 3994 2486 4032 cc.
2524 3975 2752 4048 positae
2786 3974 3167 4049 reperiuntur
3198 3971 3260 4029 in

1975 4065 2255 4123 correctis
2318 4063 2634 4133 codicibus,
2685 4062 3019 4131 desudavit,
3070 4062 3257 4119 scien-

1974 4153 2116 4210 dum
2148 4159 2351 4212 tamen
2381 4165 2501 4219 est,
2540 4152 2603 4208 in
2648 4151 2765 4209 illis
2808 4169 3045 4226 quoque
3078 4148 3259 4207 maxi·

1974 4262 2095 4301 mas
2128 4246 2189 4301 et
2240 4244 2490 4301 fortasse
2539 4240 2884 4315 praecipuas
2930 4244 3129 4315 partes
3164 4257 3260 4296 ex-

2053 4434 2089 4499 ι)
2118 4429 2294 4499 Epist.
2348 4429 2419 4482 ad
2459 4426 2672 4484 cardin.
2718 4429 2852 4482 Ant.
2881 4429 3183 4483 Perenotto
3207 4441 3259 4477 a.

1977 4506 2113 4558 1586
2140 4502 2300 4572 epist,
2332 4502 2395 4566 ΙΙ,
2424 4506 2543 4557 191.

2048 4577 2088 4642 ²)
2116 4573 2283 4642 Apud
2331 4571 2551 4627 Vezzosi
2600 4574 2635 4625 I.
2694 4569 2950 4624 Scrittori
2995 4568 3087 4623 dei
3114 4568 3258 4621 chie-

1973 4645 2075 4698 rici
2117 4643 2357 4715 regolari
2386 4649 2433 4709 1,
2464 4648 2545 4701 10.
2590 4642 2670 4696 Cf.
2700 4645 2760 4697 et
2783 4642 2893 4701 .Jos,
2924 4640 3087 4705 Silos,
3116 4639 3262 4693 Hist.

711 4724 749 4787 ²)
778 4717 858 4770 Cf.
888 4716 1107 4770 Kaulen
1149 4720 1344 4773 Gesch.
1374 4719 1471 4771 der
1504 4719 1683 4787 Vulg.,
1728 4717 1915 4772 Mainz
1974 4716 2300 4770 clericorum
2343 4732 2457 4783 reg.
2513 4714 2607 4777 111,
2659 4718 2762 4770 337
2814 4715 2871 4766 et
2909 4716 3014 4768 533
3060 4729 3133 4767 s.:
3186 4710 3258 4763 Le

638 4794 775 4849 1868
802 4808 854 4860 p.
882 4794 986 4846 442
1014 4805 1083 4842 ss.

1972 4790 2148 4858 Long,
2176 4786 2429 4839 Biblioth
2455 4804 2496 4846 s,
2526 4804 2567 4839 c.
2598 4789 2648 4841 3.
2677 4803 2731 4853 p.
2759 4788 2865 4841 189
2891 4801 2932 4836 s.
2958 4787 3018 4837 et
3042 4787 3164 4840 268.
