3625 5193
644 281 768 336 263

976 268 1345 323 1581—1600.
1375 263 1633 334 Exegesis
1660 262 1720 317 in
1745 264 1930 318 Italia.
1959 262 2240 329 Nobilius,
2266 262 2486 329 Bosius,
2510 262 2779 317 Marinari
2803 265 2909 319 etc.

3134 280 3271 334 264·

642 469 854 509 saurus
875 450 1237 509 aruderibus
1248 449 1629 526 antiquitatis
1643 444 1920 532 effossus)
1977 450 2034 508 N
2035 449 2300 509 obiliana
2328 448 2535 509 italam
2565 468 2746 525 quam
2783 448 2961 507 aliam
3005 448 3277 523 quamn·-

633 540 756 615 jam
791 539 1088 598 habentur
1118 539 1320 599 excusi
1337 534 1399 622 ¹).
1412 548 1440 580 ‘

738 673 876 728 113.
910 664 1145 722 Tertius
1176 663 1528 723 eruditionis
1549 664 1702 722 fama
1722 664 1920 722 clarus

639 752 758 812 fuit
805 752 1136 811 Flaminius
1197 754 1252 811 N
1268 771 1302 811 o
1319 753 1356 811 b
1371 753 1392 812 i
1407 752 1460 811 li
1479 771 1521 811 u
1539 772 1566 811 s
1617 753 1917 821 Lucensis,

639 843 822 900 latine
855 845 916 900 et
947 861 1153 919 graece
1190 841 1570 901 doctissimus
1601 835 1665 923 (†
1706 837 1917 922 1590),

1977 540 2080 597 bet
2109 538 2357 615 reperiri
2386 556 2576 614 posse.
2594 546 2622 578 ‘
2644 538 2781 597 Non
2800 537 3083 597 dissimile
3095 537 3261 613 judi-

1977 628 2148 793 333⁷
2158 628 2470 798 p)roferunt
2490 627 2648 687 Rich.
2671 627 2874 687 Simon
2887 622 2933 708 ¹)
2952 630 3013 685 et
3029 626 3276 685 Humfr..

2073 850 2211 904 114.
2247 841 2488 900 Praeter
2518 841 2624 900 hos
2657 841 2875 899 cursim
2908 841 3118 899 saltem
3151 860 3259 900 no-

640 931 743 1007 qui
787 931 1108 990 latinorum
1153 934 1282 989 tum
1329 949 1674 1007 graecorum
1705 930 1920 989 biblio·
1976 929 2242 988 minandi
2276 931 2447 988 sunt:
2484 929 3053 1007 EvangelistaBosi
3074 948 3159 989 us
3192 930 3258 989 Ο.

637 1039 772 1078 rum
803 1019 1052 1079 editioni
1084 1038 1361 1079 romanae
1400 1019 1723 1090 insudavit,
1765 1038 1919 1095 quae
1975 1018 2030 1076 S.
2064 1020 2215 1095 Aug.
2264 1014 2324 1100 (†
2373 1014 2585 1100 1593),
2634 1020 2803 1094 cujus
2852 1022 2996 1078 sunt
3039 1019 3275 1078 vicore-

638 1107 859 1184 prodiit
903 1108 1221 1183 inscripta:
1285 1108 1449 1167 Vetus
1499 1108 1560 1167 T.
1609 1110 1920 1167 secundum
1974 1115 2136 1166 mata
2169 1109 2491 1185 theoloqica,
2526 1108 2740 1166 Romae
2779 1117 2965 1178 1571,
3013 1108 3077 1166 in
3123 1109 3259 1184 qui-

639 1197 827 1256 LXX
848 1198 1024 1255 latine
1055 1198 1343 1256 redditum
1376 1199 1436 1256 et
1467 1217 1534 1255 ex
1565 1198 1918 1257 auctoritate
1975 1196 2089 1255 bus
2142 1195 2439 1255 diserendi
2490 1197 2661 1268 ratio,
2722 1197 2964 1274 regulae
3023 1196 3257 1256 modus-

639 1286 787 1344 Sixti
821 1286 884 1345 V.
917 1287 980 1343 P.
1015 1288 1087 1345 M.
1127 1286 1356 1345 editum
1402 1305 1534 1345 cum
1582 1287 1917 1346 annotatio-
1973 1305 2091 1361 que
2126 1285 2480 1360 assequendi
2511 1285 2846 1362 Scripturas
2879 1304 3118 1345 sensum
3157 1305 3258 1344 ex-

636 1374 814 1434 nibus
860 1378 920 1433 et
965 1375 1202 1434 scholiis
1249 1370 1609 1456 (eruditione
1654 1370 1915 1456 refertis)
1974 1370 2354 1455 plicantur3).
2384 1408 2465 1418 ——
2514 1375 2605 1433 De
2653 1375 2819 1433 libris
2866 1377 3158 1434 canonicis
3206 1383 3260 1432 et

639 1464 838 1523 studio
871 1467 932 1521 et
962 1482 1105 1523 cura
1135 1464 1407 1523 Flaminii
1427 1464 1650 1523 Nobilii
1671 1482 1804 1523 cum
1824 1464 1917 1540 ip·
1972 1464 2041 1521 de
2058 1464 2314 1522 sensibus
2332 1482 2379 1525 s.
2395 1464 2735 1539 Scripturae
2750 1462 3026 1540 disputat
3039 1463 3079 1522 J
3080 1466 3257 1523 ustus

640 1553 765 1611 sius
816 1551 1194 1629 praefatione,
1250 1554 1604 1628 juvantibus
1654 1552 1917 1612 Antonio
1973 1553 2377 1629 RugeriuS‚
2419 1553 2864 1628 protonotarius
2904 1556 2966 1611 et
2997 1557 3253 1612 secret-a·

635 1643 687 1700 A
710 1642 1018 1718 gellio,
1065 1642 1382 1711 Laelio,
1430 1643 1695 1701 Barthol.
1746 1642 1916 1701 Val·
1973 1642 2096 1699 rius
2141 1642 2518 1717 apostolicuS,
2567 1641 2832 1701 Venetiis
2886 1650 3044 1705 1581
3086 1643 3151 1702 in
3183 1652 3219 1704 4
3241 1663 3271 1711 3.

635 1750 673 1788 v
693 1750 724 1788 e
744 1750 774 1789 r
793 1730 830 1787 d
854 1751 888 1788 a
918 1733 978 1789 et
994 1731 1168 1789 Petro
1188 1732 1247 1789 M
1264 1750 1296 1788 o
1313 1731 1728 1801 rino‚Romae
1747 1741 1912 1795 1588
1972 1731 2040 1788 de
2069 1749 2113 1788 s.
2148 1731 2486 1806 Scripturae
2516 1732 2858 1789 obscuritate
2888 1738 3055 1807 atque
3101 1731 3255 1806 ejus-

636 1820 694 1876 in
726 1818 765 1879 f.
802 1816 902 1899 (m.
942 1817 1110 1896 100),
1144 1821 1217 1878 de
1239 1839 1357 1894 qua
1376 1820 1645 1879 versione
1665 1820 1750 1878 ita
1770 1821 1914 1879 scri·
1971 1821 2099 1877 dem
2130 1822 2613 1894 interpretatione,
2648 1820 2862 1878 Romae
2902 1829 3068 1883 1583
3098 1820 3165 1878 in
3200 1829 3254 1881 4.

634 1908 727 1966 bit
759 1905 1111 1991 Huetius2);
1160 1907 1572 1984 ,Quamquam
1604 1909 1805 1968 italam
1841 1910 1917 1967 il-

635 1997 754 2055 lam
786 1999 973 2055 totam
1007 2017 1074 2055 ex
1106 1997 1426 2056 latinorum
1459 2001 1697 2073 patrum
1725 1999 1913 2073 scrip-

634 2086 714 2144 tis
727 2086 977 2145 maximo
989 2086 1181 2145 labore
1198 2087 1500 2145 collect-am
1513 2087 1916 2146 consarcinare

635 2179 695 2232 et
725 2193 1004 2233 renovare
1046 2176 1345 2234 studuerit
1377 2176 1461 2233 Fl.
1495 2176 1773 2234 Nobilius
1820 2177 1915 2234 lu-

635 2264 841 2333 censis,
861 2264 1016 2322 unde
1038 2282 1337 2323 sacrorum
1355 2265 1727 2323 voluminum
1747 2284 1912 2339 pure,

631 2371 851 2427 presse,
889 2353 1166 2429 religiose
1183 2354 1765 2428 interpretandorum
1781 2355 1914 2429 qui-

633 2442 722 2498 vis
743 2441 1168 2500 documentum
1187 2461 1392 2516 capere
1415 2442 1630 2517 possit3
1653 2447 1914 2500 attamen

633 2547 766 2588 cum
799 2549 1025 2606 pannos
1055 2531 1192 2589 illos
1226 2549 1257 2588 e
1292 2531 1569 2606 patribus
1603 2531 1912 2607 undequa-

634 2639 748 2693 que
799 2620 1114 2678 corraserit
1175 2620 1469 2690 Nobilius,
1522 2623 1581 2678 et
1629 2639 1751 2679 non
1799 2621 1913 2678 ita-

633 2708 748 2764 lam
780 2727 961 2765 unam
995 2707 1097 2765 sed
1131 2707 1459 2783 complures
1502 2709 1645 2766 alias
1692 2709 1912 2784 passim

1973 1941 2056 1952 -—
2076 1908 2373 1967 Antonius
2406 1908 2464 1965 M
2480 1927 2514 1966 a
2528 1910 2645 1967 rin
2665 1929 2700 1967 a
2714 1908 2779 1965 ri
2801 1908 2862 1966 Ο.
2884 1908 3068 1967 carm.
3091 1910 3267 1984 Apu·

1972 1998 2067 2055 lus
2119 1992 2183 2079 (†
2224 2006 2337 2061 157
2352 1993 2414 2076 O)
2465 1997 2655 2056 edidit
2699 1998 3065 2056 concordiam
3110 1998 3172 2054 V.
3206 2005 3257 2056 et

1972 2087 2047 2145 N.
2094 2087 2172 2157 Τ.,
2207 2086 2444 2145 Parisiis
2485 2094 2669 2156 1586,
2694 2106 2876 2162 quam
2896 2086 3252 2146 Possevinus

1972 2176 2118 2233 dicit
2147 2175 2406 2244 uberem,
2459 2175 2753 2233 eruditam
2794 2179 2854 2234 et
2886 2180 3043 2234 certe
3076 2195 3253 2250 peru-

1970 2262 2219 2344 tilem4).
2253 2265 2544 2322 Intererat
2563 2263 2802 2323 concilio
2822 2264 3169 2332 tridentin0‚
3191 2265 3258 2323 in

1971 2372 2088 2429 quo
2105 2353 2314 2411 habuit
2329 2353 2626 2411 orationes
2648 2372 2795 2428 quas
2815 2353 3074 2428 reperies
3094 2354 3250 2429 apud

1970 2443 2049 2500 Le
2083 2442 2218 2500 Plat
2248 2443 2293 2511 1,
2332 2445 3249 2513 23—323134—143.——As-

1971 2531 2176 2589 canius
2208 2532 2265 2588 M
2283 2551 2317 2589 a
2331 2551 2362 2588 r
2378 2532 2404 2586 t
2419 2531 2438 2587 i
2455 2549 2493 2587 n
2509 2549 2541 2588 e
2556 2550 2595 2588 n
2609 2551 2649 2609 g
2665 2551 2706 2589 u
2723 2549 2749 2588 s
2782 2531 3100 2589 canonicus
3132 2550 3251 2608 reg.

1971 2621 2091 2686 lat„
2125 2621 2449 2679 Brixiensis
2483 2617 2543 2702 (†
2572 2618 2761 2697 1600)
2782 2621 3020 2697 collegit
3036 2622 3253 2697 ylossas

1970 2728 2213 2787 -maynas
2243 2710 2306 2766 in
2354 2729 2398 2771 s,
2432 2709 2702 2768 Genesim
2756 2705 2885 2791 (seu
2937 2711 3139 2785 potius
3188 2710 3249 2768 in

630 2800 778 2854 tunc
822 2796 1105 2870 temporis
1150 2799 1517 2873 emergentes
1564 2794 1912 2880 (versiones)
1971 2793 2418 2879 Hexaemeron),
2450 2797 2513 2856 in
2545 2797 2762 2874 quibus
2808 2802 2941 2874 post
2987 2799 3249 2857 diversas

630 2887 691 2941 et
720 2884 984 2941 omnium
1029 2885 1170 2942 usui
1213 2886 1530 2960 permissas
1577 2887 1911 2960 promiscue
1969 2886 2274 2956 editiones,
2318 2905 2487 2945 voces
2532 2887 2899 2963 phrasesque
2944 2888 3249 2946 hebraicas

629 2974 827 3047 patres
860 2977 1238 3048 usurparent,
1273 2974 1391 3033 imo
1422 2993 1532 3049 pro
1582 2979 1758 3050 captu
1803 2995 1910 3035 suo
1966 2976 2306 3044 calculatas,
2352 2975 2879 3050 interpretationes
2931 2995 2997 3034 ac
3048 2977 3248 3035 obser·

626 3061 753 3119 loca
784 3080 850 3117 ex
884 3064 1147 3137 tempore
1181 3081 1352 3138 saepe
1373 3066 1784 3122 converterent
1816 3066 1909 3123 vel
1964 3065 2231 3123 vationes
2277 3064 2540 3123 literales
2586 3066 2647 3122 et
2692 3065 2974 3141 mysticas
3014 3084 3083 3124 ex
3121 3074 3243 3127 200

628 3149 701 3206 ab
735 3149 863 3207 aliis
911 3168 1188 3209 conversa
1233 3152 1569 3210 memoriter
1611 3153 1906 3222 recitaret,
1965 3153 2084 3212 fere
2118 3153 2388 3228 patribus
2420 3152 2715 3228 depromit
2745 3154 2976 3212 Patavii
3014 3164 3178 3218 1597
3203 3157 3244 3212 t.

629 3255 880 3312 cumque
914 3259 944 3296 e
976 3239 1128 3297 Lxx
1173 3258 1383 3298 senum
1429 3241 1686 3300 editione
1731 3251 1906 3324 κοινῇ
1968 3251 2000 3304 2
2038 3242 2100 3299 in
2132 3242 2189 3311 f„
2225 3241 2384 3316 quod
2416 3260 2564 3317 opus
2597 3242 2820 3301 Calmet
2838 3243 3249 3320 prodigiosum,

624 3326 1204 3401 profectasititalica,
1224 3329 1468 3389 sixtinae
1489 3334 1705 3398 autem,
1729 3351 1908 3406 quam
1963 3326 2211 3411 vocat-¹³).
2274 3331 2407 3388 Alia
2466 3334 2818 3390 manserunt
2866 3332 3105 3390 inedita.
3158 3365 3244 3374 -—

626 3435 836 3491 puram
885 3417 1050 3475 illam
1101 3437 1227 3476 esse
1282 3419 1558 3493 Hexaplis
1619 3420 1905 3477 intextam
1962 3419 2180 3477 Paulus
2214 3419 2570 3479 Sacratus
2604 3419 2848 3479 celebris
2872 3420 3241 3479 Sadoletiso-

623 3505 842 3563 eruditi
876 3511 1272 3584 propugnant,
1309 3508 1626 3566 Nobiliana
1663 3527 1904 3566 consen·
1960 3508 2110 3566 roris
2143 3509 2302 3566 filius
2333 3508 2577 3583 reliquit
2608 3511 2667 3566 in
2677 3511 3041 3584 principium
3065 3510 3254 3568 Gene-

623 3594 750 3662 tint,
803 3596 1196 3654 certissimum
1249 3599 1340 3654 est
1388 3615 1507 3655 non
1553 3597 1784 3655 facilius
1841 3597 1903 3655 in
1959 3616 2079 3655 scos
2123 3598 2628 3666 commentarium,
2679 3598 2980 3657 Ferrariae
3040 3607 3237 3666 1589;

650 3745 660 3754 .
748 3745 758 3755 .
940 3748 960 3760 ,
1158 3748 1167 3757 ,
1629 3753 1632 3756 ,
1959 3704 2187 3745 necnon
2218 3689 2281 3743 in
2292 3688 2552 3760 psalmos
2575 3696 2653 3749 33
2677 3687 2921 3761 priores,
2945 3687 3020 3745 ib.
3049 3699 3076 3750 1
3094 3697 3235 3750 588.

621 3745 962 3883 sliplxgiglliialgx
999 3747 1202 3801 habuit
1227 3747 1428 3801 Petrus
1453 3749 1507 3800 M
1530 3766 1561 3800 o
1578 3767 1638 3801 ri
1655 3767 1691 3800 n
1709 3766 1746 3801 u
1765 3767 1805 3813 a,
1837 3749 1904 3802 de
1964 3808 2040 3817 —
2090 3776 2357 3850 Angelus
2407 3775 2479 3833 de
2520 3775 2754 3851 Faggi
2774 3794 2820 3847 S,
2868 3783 3253 3834 communius·

683 3888 1053 3954 ¹)Editione1n
1067 3887 1315 3942 absolvit
1329 3888 1610 3942 Antonius
1622 3889 1691 3942 de
1703 3892 1749 3942 A
1763 3909 1798 3958 q
1812 3909 1848 3943 u
1862 3891 1900 3942 i-
1960 3865 2047 3963 8-3
2060 3883 2102 3920 Π
2118 3883 2156 3939 g
2172 3883 2201 3921 Γ
2216 3864 2235 3921 i
2249 3883 2289 3920 Π
2306 3884 2346 3922 ¹²
2363 3882 2389 3921 S
2422 3864 2494 3922 ab
2526 3865 2741 3939 oppido
2780 3865 2978 3939 Patrio
3027 3865 3238 3941 sangri

621 3976 657 4011 n
674 3976 723 4022 0,
750 3976 928 4026 eaque
956 3959 1168 4027 prodiit
1189 3958 1396 4012 Romae
1415 3963 1548 4016 1591
1573 3963 1743 4028 atque
1759 3980 1901 4014 eom-
1956 3952 2151 4009 dictus
2200 3952 2263 4013 Ο.
2300 3952 2353 4013 S.
2400 3955 2540 4011 Ben.
2591 3953 2725 4021 ‚vir
2769 3953 3131 4012 reverendus
3180 3956 3240 4011 et

619 4030 891 4097 plectitur
916 4030 1186 4097 epistolas
1212 4046 1245 4082 a
1262 4029 1547 4083 Clemente
1564 4032 1604 4083 I.
1628 4050 1807 4101 usque
1830 4034 1901 4085 ad

620 4100 954 4166 Gregorium
985 4101 1106 4152 Vll.
1134 4100 1301 4154 Porro
1329 4104 1394 4156 A.
1433 4101 1501 4154 de
1526 4103 1770 4170 Aquin0‚
1798 4105 1897 4172 qui

2033 4110 2069 4172 Ι)
2097 4103 2351 4170 Critique
2378 4105 2455 4157 du
2486 4105 2550 4162 V.
2580 4105 2639 4164 Τ.
2670 4106 2706 4157 l.
2733 4110 2784 4161 2.
2811 4122 2856 4159 c.
2886 4110 2983 4171 11;
3023 4106 3239 4160 Lettres

618 4186 652 4223 a
677 4170 918 4224 Baronio
958 4171 1169 4224 dicitur
1213 4172 1447 4232 „nobilis
1486 4172 1689 4242 planta
1715 4176 1898 4229 clarae
1957 4174 2130 4228 chois.
2161 4177 2201 4228 t.
2228 4179 2260 4229 2
2289 4194 2343 4243 p.
2370 4181 2456 4231 51.

619 4241 885 4304 familiae,
902 4242 1171 4295 memoria
1190 4260 1232 4295 s.
1254 4242 1499 4297 Thomae
1521 4245 1784 4311 clarioris,
1801 4263 1898 4299 no-

2027 4248 2067 4316 2)
2093 4245 2173 4298 De
2220 4246 2355 4300 bibl.
2401 4246 2645 4300 textibus
2690 4248 2826 4318 orig.
2872 4266 2927 4316 p.
2974 4252 3110 4319 343;
3161 4247 3235 4300 Le

617 4312 729 4367 bile
745 4328 973 4382 germen
989 4312 1214 4367 eosdem
1242 4330 1310 4367 ex
1329 4315 1514 4367 radice
1534 4315 1816 4370 deducens
1840 4320 1897 4371 et
1952 4316 2109 4386 Long
2137 4334 2181 4371 c.
2206 4322 2257 4373 4.
2284 4335 2340 4386 p.
2368 4322 2473 4374 230
2496 4337 2537 4372 e.

595 4384 934 4452 producens
985 4384 1201 4437 fructus
1243 4386 1573 4453 probitatis⁶⁶
1623 4388 1897 4456 cogitavit

2025 4396 2065 4453 ⁸)
2095 4387 2383 4453 Quaedam
2427 4406 2491 4442 ex
2534 4389 2606 4442 iis
2649 4389 2879 4443 exhibet
2904 4389 2946 4441 P
2963 4406 2995 4444 o
3013 4405 3038 4441 s
3056 4406 3082 4441 s
3098 4405 3127 4442 e
3144 4407 3176 4441 v
3193 4388 3232 4440 i-

617 4454 685 4508 de
737 4455 1052 4523 adjiciondo
1103 4455 1375 4526 auctario,
1417 4460 1702 4526 repererat
1744 4460 1895 4512 enim
1951 4477 1987 4510 n
2006 4476 2084 4512 us
2115 4459 2248 4514 bibl.
2279 4460 2518 4514 selectae
2543 4459 2580 4519 1.
2609 4465 2660 4516 2.
2688 4479 2731 4514 c.
2762 4465 2850 4517 15.

616 4542 766 4577 nova
791 4529 1174 4592 monumenta,
1202 4545 1442 4595 quorum
1470 4529 1668 4595 aliqua
1692 4529 1895 4584 libera-

616 4596 826 4651 lissime
853 4598 1091 4651 Baronio
1117 4599 1420 4653 annalibus
1447 4599 1741 4653 inserenda
1768 4619 1892 4654 con-

2022 4534 2065 4600 ⁴)
2094 4531 2169 4584 lb.
2198 4530 2235 4586 l.
2264 4537 2313 4584 ⁶³.
2342 4548 2387 4585 c.
2422 4536 2499 4588 17.
2530 4531 2611 4585 cf.
2647 4530 2871 4585 Villiers
2896 4532 2939 4595 I,
2968 4533 3234 4587 176—80.

2023 4609 2065 4666 ὁ)
2095 4603 2160 4655 In
2206 4602 2463 4657 biblioth.
2509 4619 2681 4656 sacra.
2734 4603 2815 4657 Cf.
2844 4603 3013 4672 plura
3058 4602 3125 4654 de
3151 4616 3231 4654 -eo

614 4667 796 4730 cessit«,
826 4669 920 4722 sed
949 4669 1066 4723 fato
1092 4673 1536 4739 praeoccupatus
1563 4689 1677 4725 rem
1723 4673 1893 4727 infec·
1949 4667 2107 4742 apud
2152 4673 2375 4727 Celsum
2420 4674 2489 4728 de
2535 4673 2759 4728 Rosinis
2804 4675 2863 4726 in
2908 4674 3068 4742 lyceo
3096 4671 3232 4725 late-

614 4742 730 4792 tam
758 4739 1005 4808 reliquit.

686 4814 730 4880 ²)
757 4809 836 4864 De
864 4812 1028 4866 claris
1054 4813 1348 4882 interpret.
1375 4832 1428 4882 p.
1461 4818 1578 4870 110.

1947 4745 2166 4797 ranensi
2194 4744 2504 4798 illustrium
2520 4746 2857 4814 scriptorum
2875 4763 2917 4798 s.
2934 4741 3231 4814 apostolici

1948 4816 2063 4868 ord.
2091 4815 2217 4871 cler.
2246 4833 2366 4870 can.
2393 4833 2504 4884 reg.
2534 4816 2682 4876 Salv,
2708 4817 2943 4871 lateran.
