3625 5193
574 210 697 264 623
1178 195 1551 250 1621—1640.
1577 190 1886 260 Theologia
1913 191 2247 246 scholastica
2272 193 2330 245 in
2363 192 2569 264 Belgio.
3055 213 3180 267 524

570 379 758 436 tentia
790 379 1066 437 retulisse
1096 382 1276 454 atque
1307 377 1551 436 minime
1580 379 1849 453 probare.
1906 381 2010 436 tur
2041 377 2280 447 ibidem,
2321 379 2424 454 qui
2456 379 2834 439 doctissimus
2864 385 3008 448 erat,
3043 399 3184 440 con-

569 468 859 526 Censurae
888 467 1154 543 exempla
1211 466 1287 524 ad
1332 465 1525 544 Belgii
1555 467 1851 526 antistites
1904 470 2112 527 vocato
2145 470 2320 525 coetu
2352 467 2739 527 cardinalium
2779 475 2915 544 post
2946 470 3185 547 longam

568 559 630 614 et
659 555 732 613 ad
763 556 1080 615 facultates
1129 556 1514 632 parisiensem
1547 560 1607 613 et
1637 555 1849 615 duace-
1906 560 1968 615 et
1993 556 2347 631 profundam
2367 556 2797 617 discussionem
2816 558 2949 617 illas
2980 578 3186 617 omnes

566 664 704 703 nam
725 646 1077 704 transmissa
1092 646 1258 704 fuere
1275 640 1339 724 ¹).
1360 644 1634 703 Facultas
1654 648 1852 704 tamen
1907 644 2352 720 propositiones
2384 646 2737 721 approbavit
2767 650 3073 722 tamquam
3093 668 3185 706 ar·

567 733 946 804 lovaniensis,
1004 737 1073 794 ut
1119 752 1369 809 semper,
1423 738 1717 807 quantum
1746 752 1851 810 pe·
1911 734 2121 792 ticulos
2153 752 2362 793 sanam
2392 735 2718 794 doctrinam
2747 737 3182 796 continentes.‘

567 840 672 881 nes
705 823 871 880 illam
905 827 1106 892 staret,
1158 823 1487 881 doctrinam
1518 822 1674 881 hisce
1706 824 1850 881 arti-
1908 822 2031 880 Nec
2062 822 2314 882 facultas
2348 823 2691 898 parisiensis
2716 826 2984 900 quamvis
3003 827 3186 885 socie·

566 911 717 970 culis
740 912 1068 986 oppositam
1083 915 1376 981 tueretur,
1393 911 1726 970 academiae
1741 911 1848 970 im-
1908 911 2019 969 tati
2050 911 2201 970 Jesu
2245 911 2403 970 haud
2450 913 2726 988 propitia,
2778 933 3041 988 unquam
3092 916 3187 973 in·

566 1001 768 1074 pensis
823 1001 1123 1076 publicam
1180 1000 1444 1059 instituit
1503 999 1853 1074 dotavitque
1909 999 2046 1058 duci
2078 1002 2293 1075 potuit,
2328 1001 2469 1059 licet
2500 1002 2835 1073 sollicitata,
2883 1008 2955 1061 ut
3000 1004 3185 1062 facul-

567 1088 905 1148 cathedram
938 1091 1011 1148 ad
1059 1087 1449 1149 confutandas
1495 1089 1678 1147 Lessii
1725 1090 1853 1165 opi·
1908 1091 2105 1146 tatum
2136 1088 2488 1149 lovaniensis
2520 1094 2580 1148 et
2611 1091 2903 1151 duacenae
2926 1092 3187 1151 imitare·

569 1178 794 1250 niones,
827 1197 1074 1255 eamque
1106 1177 1358 1237 credidit
1388 1177 1610 1236 Jacobo
1636 1177 1675 1235 J
1680 1196 1850 1236 anso·
1911 1180 2013 1236 tur
2042 1179 2375 1254 exemplum
2390 1174 2457 1259 ²).

569 1267 668 1325 nio
700 1268 949 1326 acerimo
981 1268 1296 1327 Lessianae
1320 1265 1619 1326 doctrinae
1643 1266 1850 1325 adver-

570 1356 741 1424 sario,
791 1356 1058 1416 Michaeli
1111 1360 1311 1415 autem
1359 1356 1504 1430 Bajo
1553 1355 1619 1413 in
1650 1359 1852 1431 paucis

569 1462 702 1502 caro
736 1449 798 1504 et
829 1445 1040 1504 famosi
1054 1444 1325 1504 Jansenii
1344 1444 1645 1520 magistro.
1666 1445 1852 1503 Lova-

570 1533 834 1592 niensem
866 1533 1210 1594 facultatem
1242 1535 1442 1592 secuta
1473 1536 1566 1591 est
1591 1533 1856 1592 duacena

573 1640 998 1697 censuramque
1063 1621 1603 1681 vehementioribus
1664 1622 1855 1681 adhuc

570 1711 765 1769 verbis
778 1716 1111 1788 conceptam
1126 1712 1189 1787 ²),
1203 1712 1374 1786 cujus
1388 1715 1593 1769 auctor
1605 1711 1649 1768 E
1662 1730 1689 1768 s
1701 1712 1759 1769 ti
1772 1731 1812 1769 u
1827 1730 1853 1770 s

565 1799 800 1868 dicitur,
847 1801 913 1859 in
962 1820 1058 1860 eas

566 1889 750 1963 gavit.
807 1889 949 1948 Cum
1003 1889 1244 1947 interim
1301 1888 1732 1948 controversiae
1794 1892 1856 1947 et
1910 1859 2091 1913 tmax·
2165 1853 2528 1930 S⁸P¹e¹¹t¹²³m

567 1975 1003 2052 disputationes
1034 1979 1349 2046 ferverent,
1395 1978 1573 2053 plura
1618 1996 1854 2052 quoque

568 2066 793 2140 scripta
828 2070 1146 2143 utramque
1191 2068 1254 2125 in
1305 2071 1535 2140 partem
1581 2066 1852 2142 divulga-

565 2159 794 2224 rentur,
845 2156 987 2215 adeo
1040 2159 1111 2214 ut
1159 2156 1221 2214 in
1282 2156 1406 2214 dies
1469 2154 1852 2213 dissidiorum

567 2244 836 2303 flammae
886 2246 1073 2322 magis
1121 2245 1358 2304 accendi
1408 2244 1770 2312 viderentur,
1822 2264 1854 2301 e

567 2351 630 2390 re
650 2335 883 2393 censuit
899 2336 1100 2393 Sixtus
1112 2335 1175 2393 V.
1193 2334 1265 2393 ad
1283 2334 1685 2408 componenda
1713 2332 1853 2390 haec

569 2420 814 2481 dissidia
865 2423 1194 2482 Lovanium
1254 2423 1494 2481 mittere
1546 2422 1853 2481 Octavium

567 2510 1011 2587 Frangipanum
1031 2513 1369 2587 episcopum
1395 2511 1727 2569 Calatinum
1751 2529 1852 2568 su-

2003 1330 2146 1384 273.
2181 1320 2479 1379 Indefessa
2512 1321 2823 1398 diligentia
2853 1323 3089 1382 Lessius
3116 1325 3191 1383 ad

1910 1410 2086 1468 finem
2120 1429 2310 1484 usque
2342 1410 2497 1468 vitae
2520 1411 2734 1469 studiis
2755 1412 3031 1471 incubuit
3052 1414 3192 1473 licet

1909 1499 2131 1573 fractus
2164 1499 2487 1568 doloribuS,
2523 1500 2759 1574 viribus,
2785 1500 3069 1560 diuturno
3102 1503 3189 1560 la·

1910 1589 2049 1646 bore
2080 1588 2165 1647 ita
2188 1589 2314 1663 jam
2349 1588 2664 1658 exhaustiS,
2698 1593 2770 1647 ut
2798 1590 2859 1646 in
2892 1608 3066 1649 carne
3099 1592 3187 1649 vi-

1910 1676 2152 1735 deretur
2200 1678 2325 1734 sine
2389 1695 2560 1735 carne
2622 1678 2854 1736 trahere
2915 1679 3189 1738 animam.

1117 1800 1545 1876 propositiones
1591 1801 1853 1874 promul·
1910 1765 2293 1824 Parcissimus
2327 1769 2454 1824 erat
2485 1766 2787 1842 temporis,
2812 1767 3033 1826 laboris
3055 1788 3188 1844 per-

2590 1856 2718 1930 ejus
2784 1855 3192 1915 admirandam

1911 1943 2161 2001 maxima
2217 1943 2511 2002 ornabant
2570 1945 2854 2003 modestia
2901 1948 2962 2003 et
3009 1945 3191 2004 animi

1911 2031 2204 2100 demissio,
2239 2035 2309 2090 ut
2339 2032 2501 2090 illam
2535 2051 2773 2108 quaqua
2804 2037 3038 2108 poterat
3083 2053 3192 2110 ope

1911 2121 2253 2191 occultaret,
2288 2140 2594 2195 nunquam
2627 2121 2698 2179 de
2732 2141 2792 2180 se
2825 2123 3065 2198 suisque
3097 2143 3192 2181 re-

1911 2210 2043 2271 bus,
2078 2210 2197 2267 nisi
2230 2211 2513 2286 gravibus
2546 2210 2886 2268 traheretur
2929 2212 3191 2281 motiviS,

1909 2303 2125 2373 ageret.
2145 2298 2415 2373 Undique
2432 2299 2876 2369 consulebatur;
2910 2301 3037 2376 ipse
3055 2321 3193 2359 vero

1909 2386 2108 2445 dubiis
2121 2387 2185 2445 in
2201 2389 2379 2445 rebus
2392 2392 2452 2446 et
2464 2389 2578 2462 maj
2587 2389 2706 2446 oris
2723 2390 3005 2448 momenti
3019 2408 3193 2466 nego·

1911 2476 2013 2534 tiis
2030 2476 2272 2534 brevem
2288 2475 2417 2533 dari
2451 2477 2807 2535 sibimoram
2833 2479 3193 2553 postulabat,

569 2619 671 2657 um
688 2601 848 2675 apud
867 2602 1230 2660 colonienses
1252 2601 1556 2669 nuncium,
1575 2600 1850 2674 quintri·
1910 2585 2027 2640 quo
2062 2565 2164 2623 illa
2208 2568 2365 2623 teste
2398 2565 2517 2624 Deo
2564 2585 2785 2643 suaque
2836 2568 3196 2626 conscientia

570 2707 686 2763 que
736 2690 896 2763 parti
945 2690 1252 2747 silentium
1305 2689 1607 2763 imposuit,
1673 2689 1856 2747 donec

569 2778 920 2835 auctoritate
932 2777 1254 2853 apostolica
1269 2777 1564 2836 sententia
1582 2778 1853 2843 ferretur,

569 2882 721 2939 quae
754 2869 955 2924 tamen
986 2885 1293 2942 nunquam
1321 2867 1440 2925 fuit
1462 2867 1708 2942 prolata.
1745 2868 1852 2925 Re·
1915 2922 1925 2933 ,

569 2954 686 3011 fert
734 2973 871 3012 vero
914 2955 954 3012 l.
1003 2974 1049 3014 c.
1097 2956 1340 3027 Habert,
1394 2956 1660 3014 Lessium
1715 2973 1855 3014 suos

567 3042 848 3101 articulos
881 3043 1120 3103 Romam
1151 3045 1381 3103 misisse
1403 3045 1477 3103 ad
1499 3045 1695 3104 sedem
1716 3063 1853 3119 apo-

569 3132 856 3191 stolicam.
913 3134 1223 3201 ‚Pontifex
1273 3140 1492 3203 autem,
1544 3134 1849 3210 prosequi·

644 3323 682 3389 ¹)
710 3319 892 3389 Hujus
935 3321 1291 3391 tempestatis
1330 3321 1618 3374 historiam
1666 3321 1737 3375 cf.
1763 3337 1854 3390 ap.

568 3389 965 3445 Eleutherium
993 3392 1280 3515 SLivinum
1306 3392 1519 3463 Meyer)
1547 3392 1692 3447 Hist.
1731 3410 1858 3446 con·

568 3464 713 3516 trov.
755 3462 823 3515 de
864 3464 997 3516 auxi
1021 3462 1092 3517 iis
1117 3464 1155 3519 1.
1184 3469 1230 3520 1.
1274 3466 1330 3517 et
1368 3464 1682 3517 continuat.
1725 3463 1855 3517 hist.

568 3533 754 3585 eccles
782 3533 991 3587 Fleurii
1019 3535 1054 3587 l.
1087 3539 1190 3591 178
1219 3544 1244 3599 ξ
1271 3541 1337 3591 15
1366 3552 1458 3603 ss‚;
1497 3535 1734 3588 Werner
1760 3534 1858 3589 der

561 3602 641 3657 hl.
668 3604 911 3658 Thomas
940 3605 1035 3658 111.
1061 3610 1162 3662 381
1194 3623 1262 3659 ss.
1288 3609 1391 3660 etc.

642 3682 682 3743 ²)
711 3674 897 3741 Hujus
938 3679 1128 3730 tamen
1170 3676 1459 3730 facultatis
1500 3694 1736 3732 censura
1761 3677 1855 3731 do·

564 3743 679 3797 lose
724 3746 972 3811 obtenta,
1028 3749 1086 3799 et
1120 3748 1442 3817 importune
1482 3752 1698 3803 extorta
1743 3748 1859 3803 fuit

566 3816 710 3865 teste
751 3815 1106 3885 Stapletonio
1147 3819 1185 3873 l.
1226 3837 1269 3872 e.
1316 3822 1374 3873 et
1416 3819 1541 3888 ipsa
1582 3820 1856 3874 facultate

566 3882 838 3949 duacena,
879 3903 1025 3953 quae
1065 3888 1123 3941 id
1162 3893 1290 3957 post
1315 3890 1538 3956 aliquot
1562 3906 1740 3943 annos
1766 3891 1856 3943 de-

565 3954 819 4009 claravit.
872 3958 954 4009 Cf.
994 3958 1287 4013 Duchesne
1330 3978 1382 4029 p.
1425 3965 1529 4016 279
1555 3978 1625 4014 ss.
1666 3960 1855 4016 Lessio

567 4024 839 4078 favebant
857 4029 1175 4084 academiae
1196 4031 1553 4100 moguntina,
1585 4032 1853 4085 treviren-

562 4093 640 4214 sifs
653 4095 782 4147 etin
826 4098 1198 4154 olstadiensis.
1216 4101 1431 4154 Harum
1446 4102 1852 4157 declarationes

566 4181 594 4215 c
623 4205 634 4217 .
664 4180 752 4233 ap.

1911 2655 2235 2713 discuteret
2268 2657 2328 2712 et
2372 2657 2609 2730 praevia
2657 2657 2922 2715 oratione
2955 2657 3194 2733 expedi-

1912 2749 2021 2804 ret.
2064 2744 2146 2801 De
2181 2763 2285 2800 sua
2319 2746 2613 2802 sententia
2645 2745 2837 2802 libens
2872 2747 3195 2821 volensque

1910 2833 2265 2901 discedebat,
2315 2835 2545 2907 quoties
2591 2835 2663 2891 ab
2708 2834 2842 2893 aliis
2876 2834 3067 2892 valida
3098 2837 3196 2894 vel

1911 2942 1975 2979 m
2026 2921 2273 2998 speciem
2327 2930 2677 2999 argumenta
2723 2923 3193 2999 proferebantur.

1912 3012 2149 3068 Solebat
2180 3010 2338 3068 hisce
2384 3014 2502 3069 fere
2551 3010 2835 3088 gradibus
2886 3014 3193 3071 scientiam

1913 3120 2079 3157 suam
2130 3099 2495 3176 deprimere:
2556 3101 2747 3175 primo
2796 3121 2970 3159 suum
3020 3122 3194 3160 omne

1913 3190 2061 3246 scire
2094 3208 2229 3246 cum
2260 3190 2526 3247 omnium
2558 3191 2903 3247 mortalium
2919 3192 2981 3249 in
3003 3211 3190 3249 unum

1913 3278 2158 3336 collecta
2191 3278 2437 3336 scientia
2459 3278 2717 3336 librabat
2736 3301 2749 3348 ;
2769 3279 2842 3336 ad
2863 3299 3041 3355 quam
3060 3285 3193 3338 tan-

1913 3367 2112 3425 tulum
2137 3367 2285 3424 illud
2308 3386 2448 3435 esse,
2482 3369 2845 3441 quantulum
2865 3368 2938 3425 ad
2957 3373 3191 3427 vastum

1911 3462 2176 3513 montem
2207 3457 2447 3513 arenula
2478 3460 2537 3514 et
2558 3457 2892 3531 guttula-ad
2911 3477 3193 3515 oceanum

1912 3544 2268 3603 inveniebat.
2331 3545 2552 3602 Exinde
2598 3545 2853 3604 immane
2897 3546 3049 3604 illud
3083 3546 3193 3604 hu-

1912 3653 2116 3691 manae
2133 3634 2412 3692 scientiae
2429 3634 2654 3709 angelis
2672 3636 3022 3710 opponebat,
3044 3654 3192 3709 quo-

1911 3743 2045 3781 rum
2078 3727 2247 3781 tanta
2297 3723 2621 3798 sapientiae
2672 3723 2762 3780 vis
2807 3728 2899 3781 est
2930 3729 2991 3782 et
3023 3745 3192 3801 prae·

1912 3812 2149 3876 stantia,
2214 3817 2283 3869 ut
2346 3811 2473 3887 pari
2552 3811 2993 3887 intercapedine
3069 3832 3195 3870 om-

1911 3920 2045 3959 nem
2077 3900 2343 3959 universi
2376 3900 2611 3976 generis
2662 3901 2908 3959 humani
2954 3902 3193 3960 scienti-

1909 4011 2001 4047 am
2053 3990 2349 4058 excedant,
2401 4008 2517 4063 qua
2565 3990 2873 4047 hominum
2923 3991 3190 4048 omnium

1911 4079 2203 4155 sapientia
2236 4078 2557 4154 singularis
2598 4078 2855 4136 hominis
2888 4079 3190 4137 scientiam

838 4169 1180 4225 leutherium
1221 4172 1257 4224 1.
1299 4177 1346 4227 1.
1388 4187 1431 4223 c.
1475 4176 1560 4226 11.
1609 4172 1852 4242 Respon-
1909 4167 2229 4229 antecellit.
2263 4168 2353 4225 Ab
2386 4167 2478 4224 his
2510 4167 2582 4224 ad
2614 4186 2711 4225 eos
2743 4168 3038 4226 transibat
3074 4169 3192 4244 spi-

568 4234 780 4289 sionem
809 4239 980 4294 Lssssflfi
1011 4241 1082 4294 ad
1109 4241 1536 4310 antaPOIOS'iam
1565 4244 1853 4299 facultatis
1909 4256 2084 4325 rime,
2120 4257 2223 4331 qui
2257 4256 2507 4314 necdum
2542 4257 2785 4330 quidem
2816 4258 3109 4332 procreati
3131 4259 3193 4316 in

567 4305 910 4363 lovaniensis
955 4328 1106 4365 nunc
1146 4311 1374 4365 demum
1416 4312 1594 4366 edidit
1619 4315 1851 4370 Schnee-

567 4393 742 4456 mann
766 4378 827 4432 in
855 4399 956 4435 suo
984 4398 1076 4462 op.
1105 4382 1622 4436 Controversiarum
1663 4386 1731 4438 de
1770 4388 1850 4441 di-

568 4463 734 4525 vinae
760 4451 978 4517 gratiae
998 4452 1274 4519 liberique
1296 4453 1516 4507 arbitrii
1534 4458 1848 4523 concordia,

567 4515 845 4583 Friburgi.
875 4524 1006 4576 1881
1046 4540 1101 4590 p.
1129 4526 1426 4580 371—462.
1479 4525 1665 4580 Habes
1691 4528 1765 4583 ib.
1791 4530 1851 4583 in

1909 4345 2110 4403 divina
2130 4351 2331 4403 tamen
2351 4346 2621 4421 potentia
2640 4345 3067 4405 reconduntur.
3103 4347 3192 4404 Ab

1984 4537 2021 4601 ¹)
2049 4533 2129 4586 Cf.
2159 4533 2366 4603 scripta
2390 4535 2463 4588 ad
2489 4536 2633 4589 hanc
2674 4554 2727 4603 q.
2754 4537 3067 4606 spectantia
3094 4554 3188 4606 ap.

569 4588 881 4665 appendice
909 4590 1190 4659 Kleutgen
1214 4595 1385 4647 Lessii
1415 4599 1477 4649 de
1507 4602 1849 4667 inspiratione
1909 4602 1951 4654 B
1970 4621 2001 4657 a
2020 4621 2047 4657 c
2068 4604 2106 4655 k
2123 4620 2152 4657 e
2169 4622 2197 4658 r
2222 4606 2291 4670 11,
2319 4610 2563 4662 720-29
2587 4628 2597 4660 :
2650 4606 3070 4677 Sommervogel
3096 4607 3191 4671 IV,

569 4654 841 4713 doctrina.
890 4660 970 4714 Cf.
1024 4658 1331 4718 Feldmann
1383 4666 1434 4721 S.
1473 4668 1521 4721 J.
1568 4669 1678 4725 KL.
1729 4672 1847 4737 vn,
1909 4679 2206 4740 1726-29,
2236 4694 2403 4744 quem
2449 4678 2517 4731 cf.
2560 4678 2628 4731 de
2664 4679 2917 4747 ejusdem
2944 4696 3073 4748 opp.
3101 4697 3192 4748 ge·

571 4728 866 4784 1844-51.

1907 4746 2147 4799 uerat-im
2173 4764 2302 4816 pag.
2333 4753 2628 4806 1726—51.
