3625 5193
874 222 1060 290 Giani,
1088 223 1373 294 Gonzaga,
1399 223 1621 290 Davila,
1646 224 1948 291 Zittardus,
1976 223 2175 295 Diag0‚
2201 225 2481 296 Moriggia
2504 228 2607 280 etc.

433 243 550 296 561
2927 243 3047 296 562

430 412 588 474 Serv.
623 411 673 473 b.
704 410 785 473 M.
812 409 877 471 V.
904 409 1202 468 centurias
1233 409 1311 468 IV
1345 410 1419 468 ab
1452 429 1502 468 a.
1543 419 1708 473 1233
1763 409 1872 469 der
1903 411 2150 470 Gener-al
2179 411 2451 470 Minister
2495 411 2778 488 Prediger
2825 411 3052 471 Ordens

431 510 714 568 -1609‚
748 499 1081 557 Florentiae
1121 507 1464 562 1618-22
1498 502 1541 557 t.
1579 508 1613 560 2
1647 499 1712 557 in
1764 501 1889 559 und
1922 518 2043 559 was
2074 520 2149 559 zu
2178 499 2342 558 einer
2364 499 2545 575 jeden
2578 499 2705 558 Zeit
2734 500 2832 559 fiir
2862 501 3053 559 Fabr-

427 591 469 647 f.
504 585 599 672 (fr.
637 583 767 669 80),
818 605 967 663 quos
1013 587 1384 648 continuavit
1431 587 1507 646 ad
1545 595 1707 652 1705
1765 590 1993 660 nehme,
2072 588 2507 665 hochgelehrte,
2599 589 2748 648 auch
2836 589 3053 667 heilige

427 678 710 753 notisque
723 677 1057 736 illustravit
1070 678 1144 734 M.
1163 676 1377 735 Garbi
1401 673 1461 758 (†
1487 673 1711 758 1722);
1767 680 1996 738 Briider
2043 677 2168 737 und
2216 677 2587 760 Schwestern
2643 677 2725 735 im
2774 678 3055 755 Prediger

426 767 504 826 ad
550 787 603 826 a.
655 775 818 830 1725
872 765 1477 836 BonfrizzeriuS,
1522 767 1714 826 Lucae
1768 767 1968 826 Orden
1998 766 2421 844 gelebthaben,
2455 766 3052 844 Dilingenl596.-·

440 864 782 920 1719-25
836 857 879 916 t.
933 863 968 917 3
1022 850 1121 935 (fr.
1159 859 1326 931 150).
1401 855 1553 913 Vera
1596 858 1713 914 ori·
1766 856 2112 918 Franciscus
2159 855 2387 933 Diago
2420 855 2486 914 Ο.
2518 855 2720 914 Praed.
2752 855 3052 932 Hispanus

424 947 559 1022 qino
586 943 681 1004 del
709 963 753 1003 s.
785 945 987 1002 ordine
1031 943 1100 1002 de
1127 946 1277 1003 servi
1306 945 1369 1002 di
1399 944 1459 1002 S.
1493 945 1712 1015 Mar-ia,
1766 948 1961 1005 totum
1983 963 2046 1004 se
2060 943 2349 1003 historiae
2378 943 2725 1004 scribendae
2745 944 3052 1021 gestisque

426 1033 844 1093 comminciato
875 1033 938 1091 in
969 1032 1212 1091 Firenze
1253 1041 1438 1103 1233,
1489 1051 1600 1093 con
1630 1053 1716 1092 un
1767 1033 2033 1109 antiquis
2065 1033 2379 1092 memoriae
2411 1033 2828 1110 consignandis
2859 1033 3050 1104 dedit3

426 1123 697 1199 catalogo
746 1121 841 1180 dei
887 1121 1161 1180 Gener-ali
1220 1122 1343 1181 dell
1401 1121 1522 1181 ord.
1585 1123 1715 1182 sino
1769 1142 1949 1198 quam
1964 1124 2039 1183 ob
2056 1140 2181 1182 rem
2211 1122 2698 1199 chronographus
2728 1140 3052 1199 regnorum

438 1211 1717 1281 1590,Firenze159l.—FranciscusGon-
1768 1212 2103 1289 Aragoniae
2163 1211 2369 1270 audire
2429 1211 2652 1270 meruit
2709 1208 2768 1290 (†
2840 1208 3050 1293 1615).

423 1319 612 1377 zaga
659 1300 726 1363 Ο.
771 1300 825 1358 S.
856 1299 1062 1357 Franc.
1103 1319 1136 1359 e
1179 1299 1555 1359 serenissima
1597 1300 1708 1359 du·
1771 1301 2097 1377 Descripsit
2126 1301 2287 1359 inter
2316 1300 2430 1358 alia
2461 1300 2731 1359 Historia
2747 1300 3049 1374 delapro·

429 1408 564 1448 cum
613 1389 891 1447 Mantuae
939 1389 1218 1464 progenie
1271 1389 1338 1446 in
1368 1389 1460 1447 sui
1490 1389 1715 1448 ordinis
1767 1392 1958 1448 vincia
1988 1392 2059 1449 de
2088 1390 2330 1467 Araqon
2360 1390 2431 1447 de
2460 1390 2520 1447 la
2550 1390 2729 1448 orden
2759 1391 2829 1447 de
2847 1389 3049 1449 Prodi-

425 1476 772 1536 ministrum
787 1477 1122 1553 generalem
1135 1478 1359 1537 electus
1369 1481 1718 1554 estpropter
1767 1480 2005 1538 cador-es
2065 1478 2241 1538 desde
2289 1496 2362 1537 su
2408 1477 2617 1555 origen
2659 1498 2699 1554 y
2758 1479 3050 1555 principio

428 1569 799 1642 praestantes
848 1565 1034 1624 animi
1084 1566 1253 1625 dotes
1302 1566 1715 1643 insignemque
1769 1569 1942 1628 hasta
1970 1569 2025 1626 el
2056 1570 2168 1628 aiio
2199 1567 2273 1627 de
2306 1578 2494 1638 1600,
2527 1567 2856 1626 Barcinone
2880 1577 3048 1631 1599

425 1649 1456 1736 virtutem(1579).Peroctennium
1473 1655 1716 1715 functus
1768 1657 1833 1716 in
1854 1657 1921 1727 ί,
1955 1675 2107 1733 opus
2149 1676 2371 1716 rarum.
2402 1691 2489 1699 -—
2521 1656 2743 1715 Paulus
2772 1656 2959 1715 Mori
2980 1677 3049 1734 g-

428 1745 538 1803 hoc
570 1744 900 1803 ministerio
918 1747 1259 1820 assumptus
1289 1748 1380 1803 est
1405 1743 1480 1802 ad
1504 1745 1715 1820 cepha-
1766 1746 1893 1823 gia
1973 1746 2035 1805 Ο.
2113 1746 2514 1815 Jesuatarum,
2592 1744 3051 1806 Mediolanensis

431 1832 737 1892 ludensem
751 1833 1462 1908 episcopatuminSicilia,
1484 1833 1623 1892 dein
1641 1834 1712 1892 ad
1768 1835 2026 1911 plurima
2087 1831 2226 1916 (61)
2288 1834 2528 1909 scripsit
2575 1830 2833 1914 operal),
2896 1835 3053 1894 inter

435 1922 791 1997 papiensem,
825 1941 959 1980 mox
991 1921 1065 1980 ad
1097 1926 1488 1981 mantuanum
1517 1926 1711 1981 trans-

430 2010 610 2077 latus,
643 2030 680 2068 a
697 2010 996 2069 Clemente
1018 2010 1174 2073 V111.
1207 2011 1460 2070 nuntius
1476 2015 1713 2087 aposto-

430 2099 579 2158 licus
611 2099 828 2158 missus
874 2102 966 2157 est
1013 2099 1085 2158 de
1118 2119 1257 2175 pace
1307 2100 1465 2158 inter
1495 2100 1712 2173 Hispa-

432 2207 578 2247 num
609 2191 670 2246 et
701 2188 934 2246 Gallum
968 2191 1211 2248 acturus
1244 2186 1304 2269 (†
1351 2188 1560 2268 1620).
1593 2189 1712 2247 Me·

431 2278 554 2336 ruit
565 2276 640 2334 de
654 2294 764 2335 suo
777 2276 984 2335 ordine
998 2296 1175 2352 opere
1204 2277 1519 2337 admodum
1549 2297 1679 2338 raro
1697 2298 1711 2335 z

430 2367 501 2424 de
530 2367 750 2442 oriyine
778 2367 1115 2439 seraphicus
1128 2366 1425 2443 reliyionis
1451 2367 1710 2439 francis-

429 2473 610 2514 canae
640 2461 691 2512 et
710 2455 1155 2530 proyressibus;
1185 2455 1257 2512 de
1288 2455 1581 2531 regularis
1606 2456 1710 2514 ob-

429 2544 765 2604 servantiae
794 2543 1190 2614 institutione,
1240 2543 1428 2603 forma
1460 2544 1712 2604 admini-

1768 1943 1920 1999 quae
1931 1923 2150 1982 Istoria
2162 1922 2292 1982 dell’
2305 1925 2524 1999 oriqine
2540 1921 2605 1981 di
2619 1929 2756 1981 tutte
2768 1924 3048 2001 religioni,

1767 2031 1878 2072 con
1937 2012 1977 2070 l‘
1996 2012 2224 2089 origine
2285 2029 2497 2069 ancora
2555 2011 2709 2070 delle
2767 2012 3050 2088 religioni

1765 2101 2013 2159 militari
2062 2100 2122 2158 ll.
2174 2111 2228 2172 3,
2285 2100 2543 2159 Venetiis
2606 2110 2770 2162 1569
2822 2100 2887 2159 in
2940 2112 3049 2171 163

1777 2200 1929 2253 1581
1959 2211 1972 2260 ;
2016 2198 2202 2260 1586,
2244 2206 2394 2264 opus
2427 2191 2521 2247 sat
2547 2206 2768 2258 rarum,
2802 2189 2900 2247 sed
2935 2190 3047 2247 mi-

1765 2297 1879 2337 nus
1940 2277 2243 2347 criticum3
2307 2276 2527 2335 Istoria
2592 2274 2680 2334 de’
2696 2277 3050 2354 Personayqi

1765 2369 1995 2438 illustri,
2012 2366 2117 2425 che
2133 2366 2344 2425 furono
2360 2365 2637 2441 Religiosi
2656 2366 2897 2424 Gesuati
2912 2366 2967 2423 ll.
2990 2376 3045 2436 5,

1764 2456 2040 2532 Bergomi
2091 2464 2257 2517 1593
2308 2454 2370 2512 in
2424 2463 2492 2524 43
2544 2454 2872 2512 Sommario
2918 2473 3046 2513 cro-

1764 2546 2013 2624 noloyico
2046 2544 2198 2603 delle
2229 2544 2352 2603 vite
2380 2542 2474 2603 dei
2496 2542 2780 2602 Pontefici
2798 2544 3044 2611 romani,

1766 2636 1846 2705 ib,
1879 2636 1943 2694 in
1978 2645 2036 2697 4.
2080 2636 2186 2693 etc.
2233 2667 2320 2676 —
2367 2632 2713 2692 Franciscus
2756 2634 3044 2691 Mauro·

1765 2724 1969 2783 licus
2036 2721 2446 2791 MessanensiS,
2511 2721 2617 2797 qui
2664 2722 2924 2798 Philippi
2971 2721 3045 2780 IL

429 2633 754 2705 strationis,
785 2632 1019 2708 legibus
1050 2635 1298 2708 ejusque
1331 2633 1555 2692 ordinis
1573 2653 1710 2710 pro-

431 2722 764 2799 pagatione,
798 2722 1013 2780 Romae
1052 2730 1214 2785 1587
1265 2741 1366 2797 pp.
1401 2732 1438 2785 4
1487 2723 1553 2781 in
1589 2732 1622 2784 2
1656 2743 1710 2785 V.

428 2811 493 2870 in
524 2810 562 2869 f.
616 2805 717 2892 (m.
763 2805 941 2892 175);
992 2810 1259 2870 Venetiis
1321 2821 1503 2874 1603.
1541 2822 1707 2875 1606
1757 2813 1939 2888 jussu
1969 2813 2233 2887 undique
2266 2811 2506 2887 collegit
2533 2810 2760 2870 codices
2790 2828 3049 2889 graecos,

428 2900 495 2958 in
527 2910 602 2968 4.,
635 2900 699 2957 in
730 2918 849 2975 quo
882 2901 1011 2975 agit
1038 2900 1213 2958 etiam
1246 2899 1317 2958 de
1348 2899 1492 2958 viris
1522 2899 1710 2959 doctis
1764 2902 2001 2970 latinos,
2051 2901 2335 2960 hebraeos
2384 2904 2445 2958 et
2488 2899 2767 2969 arabicos,
2815 2918 3049 2976 compo·

429 2989 526 3047 vel
555 2987 630 3046 ad
673 2988 1024 3064 dignitatem
1072 2987 1529 3047 ecclesiasticam
1575 3007 1711 3063 pro·
1765 2985 1951 3070 suit2)
2015 2989 2232 3048 Istoria
2293 3007 2474 3068 sayra
2534 2989 2835 3049 intitolata
2866 2987 3050 3048 'Mare

431 3077 606 3136 motis
667 3076 848 3152 hujus
910 3077 1148 3136 ordinis.
1201 3109 1290 3122 —-
1337 3077 1712 3152 Augustinus
1766 3078 1993 3137 Oceano
2025 3077 2085 3136 di
2115 3080 2277 3137 tutte
2310 3078 2367 3135 le
2385 3077 2678 3154 Religioni
2698 3078 2795 3136 del
2815 3077 3047 3148 Mondo,

433 3165 685 3225 Davila
714 3185 754 3241 y
786 3165 1092 3224 Padilla
1124 3167 1191 3225 Ο.
1226 3165 1430 3224 Praed.
1461 3166 1711 3225 Mexica-
1766 3167 2060 3226 Messinae
2097 3176 2284 3230 1613.

430 3272 563 3323 nus,
597 3253 696 3312 sed
731 3273 800 3312 ex
830 3254 1120 3330 Hispania
1164 3254 1470 3328 oriundus,
1505 3255 1709 3331 regius

434 3343 801 3402 ecclesiastes
821 3343 1151 3420 aPhilippo
1185 3347 1550 3419 assumptus,
1573 3344 1711 3402 dein
1858 3353 2002 3407 240.
2035 3345 2146 3403 Pro
2176 3343 2427 3401 historia
2457 3343 2680 3402 ordinis
2712 3342 3050 3402 Gai-melita·

430 3431 906 3508 archiepiscopus
952 3451 996 3491 s.
1048 3431 1338 3491 Dominici
1398 3432 1463 3490 in
1512 3432 1715 3491 insula
1763 3452 1902 3492 rum
1963 3433 2166 3507 aliqua
2223 3432 2524 3491 habentur
2570 3430 2730 3507 apud
2768 3430 3052 3490 Didacum

432 3520 773 3597 Hispaniola
802 3524 1210 3596 praesentatus
1257 3523 1318 3579 et
1348 3539 1383 3579 a
1414 3521 1711 3580 Clemente
1765 3522 2146 3581 Martinez
2206 3521 2279 3578 de
2340 3520 2508 3579 Coria
2568 3518 2916 3578 Maldonado
2986 3518 3050 3577 Ο.

432 3607 586 3667 VIII.
618 3610 1000 3669 confirmatus
1034 3606 1095 3691 (†
1125 3614 1315 3684 1604)
1344 3610 1583 3686 scripsit
1603 3609 1712 3668 Ηί-
1766 3610 1949 3669 Oarm.
1985 3605 2047 3689 (†
2076 3609 2241 3667 intra
2281 3603 2762 3688 1601—1607)‚
2813 3607 2886 3666 de
2932 3626 3051 3683 quo

431 3699 613 3756 storia
641 3700 711 3756 de
742 3699 1147 3778 lafundacion
1188 3718 1226 3774 y
1261 3698 1524 3757 discurso
1556 3699 1626 3757 de
1657 3698 1716 3756 la
1766 3699 1840 3758 cf.
1875 3698 2114 3758 Villiers
2163 3698 2208 3766 Ι,
2266 3707 2408 3760 393.
2461 3730 2548 3740 -
2596 3696 2922 3755 Historiam
2956 3697 3052 3756 sui

432 3786 732 3861 provincia
761 3786 833 3845 de
866 3788 1148 3863 Santjago
1197 3786 1271 3845 de
1303 3786 1521 3846 Mexico
1552 3787 1624 3846 de
1657 3787 1714 3844 la
1767 3787 1993 3847 ordinis
2022 3785 2373 3861 inscriptam
2403 3788 2456 3845 A
2486 3785 2769 3861 primeira
2788 3789 2955 3861 parte
2974 3787 3053 3845 da

431 3874 613 3934 orden
657 3875 730 3934 de
772 3875 1202 3952 predicadoreS‚
1249 3876 1474 3934 Matriti
1511 3886 1712 3946 15963
1772 3877 2056 3935 Chronica
2089 3877 2179 3934 del
2214 3875 2419 3950 Cister,
2470 3874 2620 3934 onde
2652 3894 2712 3933 se
2743 3877 2962 3933 contan
2992 3894 3054 3934 as

432 3963 726 4023 Bruxellis
763 3974 928 4028 1625
964 3965 1028 4023 in
1064 3976 1099 4027 4
1136 3960 1236 4046 (m.
1261 3960 1444 4045 200);
1479 3965 1716 4023 Pinciae
1767 3984 1973 4024 cousas
2033 3965 2353 4040 principais
2413 3964 2584 4023 desta
2630 3963 2893 4040 Religia‘o
2943 3982 3052 4023 con

441 4061 603 4116 1634
635 4053 726 4112 ed.
763 4063 817 4117 3.
848 4053 1162 4128 inscripta:
1240 4053 1417 4111 Varia
1450 4053 1717 4111 Historia
1767 4054 1990 4114 muitas
2023 4053 2423 4131 antiguitades
2472 4053 2591 4111 assi
2642 4052 2715 4111 do
2748 4052 2949 4129 Reyno
2981 4052 3053 4111 de

432 4139 504 4199 de
533 4142 596 4201 la
625 4142 833 4201 Naeva
850 4143 1082 4219 Espafia
1100 4161 1140 4218 y
1162 4141 1411 4200 Florida.
1450 4173 1535 4185 -·
1567 4143 1716 4201 Con-
1769 4144 2056 4220 Portugal
2116 4160 2279 4201 como
2341 4142 2620 4202 d'outros
2681 4141 2905 4200 muitos
2970 4140 3053 4199 du

431 4230 611 4290 radus
643 4230 1052 4291 Zittardus
1083 4232 1538 4307 cognominatus
1569 4250 1603 4288 a
1634 4232 1714 4289 ci·
1769 4230 2531 4306 Cristiandade,Olisiponel
2550 4239 2672 4293 602
2692 4230 2754 4287 in
2769 4224 3050 4309 f.(m.60)

433 4318 617 4378 vitate
650 4320 840 4395 patria
869 4320 934 4378 in
951 4319 1176 4378 ditione
1206 4319 1519 4394 juliacensi
1541 4320 1604 4379 Ο.
1623 4321 1714 4379 Pr.
1770 4320 2103 4396 composuit
2132 4319 2469 4379 Bernardus
2495 4319 2566 4377 de
2599 4316 2899 4376 BritoO.
2918 4318 3051 4375 Cist.

436 4408 604 4467 annis
646 4419 722 4470 19
757 4409 910 4467 rexit
941 4406 1286 4470 Germaniae
1329 4408 1712 4485 provinciam.
1768 4409 2112 4479 Lusitanus,
2147 4408 2251 4485 qui
2285 4409 2436 4467 forte
2452 4407 2637 4483 magis
2658 4406 2923 4464 innotuit
2941 4405 3053 4463 im-

433 4494 630 4556 'ritulo
662 4497 1079 4572 praedicatoris
1096 4498 1390 4574 generalis
1421 4497 1717 4574 gaudebat
1845 4567 1886 4633 ¹)
1914 4562 1985 4616 Cf
2022 4560 2405 4631 Argellati
2447 4564 2473 4613 t
2515 4560 2566 4613 Π
2609 4577 2646 4628 p
2694 4564 2720 4615 1
2771 4574 2886 4627 pag
2928 4561 3033 4615 966

436 4578 494 4664 (Ῠ
530 4594 629 4648 27·
679 4587 850 4644 Mffi't·
910 4581 1118 4669 1606)·
1182 4586 1447 4662 Reliqffit
1495 4586 1717 4644 Kurtze
1845 4636 1885 4705 2)
1911 4633 2043 4687 Alia,
2067 4632 2321 4701 ejusdem
2361 4646 2531 4700 opera
2570 4631 2660 4701 (ut
2684 4629 2914 4683 videtur
2938 4630 3053 4683 ine·

439 4672 719 4733 Chronica
751 4674 805 4732 d.
837 4674 872 4731 i.
905 4674 1254 4775 historische
1272 4674 1718 4752 Beschreibung
1770 4704 1912 4776 dita)
1939 4706 2192 4758 recenset
2230 4703 2562 4772 Momm-e,
2600 4700 2663 4754 in
2700 4700 2958 4754 biblioth,
2985 4699 3054 4754 gi.

435 4756 651 4841 (neben
700 4762 959 4822 anderen
1003 4763 1365 4823 merklichen
1411 4760 1714 4846 Punkten)
1768 4776 1899 4829 cula
1927 4776 1991 4840 ΙΙ,
2018 4779 2140 4831 226.
