3625 5193
646 292 805 345 1131
922 278 1293 333 1641—1663.
1321 273 1464 335 Hist,
1492 273 1775 329 ordinum.
1801 274 2137 345 Spinatiola,
2165 274 2234 328 de
2261 270 2612 341 Guadalupe‚
2639 270 2843 340 Alegre
2869 270 2975 324 etc.
3096 287 3120 336 1
3147 279 3286 335 132

638 459 725 537 gli
755 459 1026 518 huomini
1058 458 1282 518 illustri
1311 479 1419 536 per
1448 460 1648 531 bonta,
1681 459 1919 537 dignita
1972 460 2035 518 in
2066 478 2135 519 eo
2166 460 2473 519 historiam
2507 457 2598 516 sui
2630 455 2854 516 ordinis
2886 456 2960 513 ab
2980 473 3032 512 a.
3054 450 3286 511 mundi

637 567 669 607 e
699 548 977 618 dotti-ina,
1012 548 1116 607 che
1135 548 1179 606 s'
1200 551 1643 626 appartengono
1663 569 1697 608 a
1715 550 1917 625 questi
1974 558 2144 613 4048
2164 570 2179 619 ;
2211 549 2340 625 ejus
2373 545 2740 608 continuatio
2761 565 2795 603 a
2813 548 3078 618 tempore
3097 540 3280 600 Chri-

638 636 917 697 conventi
935 641 1062 706 etc„
1084 638 1383 696 Bononiae
1412 647 1574 700 1615
1597 639 1661 697 in
1680 638 1745 707 f.;
1779 640 1919 697 delle
1973 638 2050 697 sti
2081 657 2273 714 usque
2305 637 2380 697 ad
2413 657 2461 696 a.
2499 644 2622 698 415
2674 651 2794 693 non
2837 630 3080 709 prodiit.
3148 631 3272 688 De-

636 729 743 784 vite
772 727 920 802 deyli
938 727 1199 785 huomini
1219 727 1433 784 illustri
1449 726 1510 784 di
1534 746 1578 786 s.
1601 728 1917 787 Domenico
1973 727 2208 803 scripsit
2241 727 2376 786 dein
2408 729 2676 801 tempora
2706 720 3136 799 propinquiora
3173 737 3276 777 re-

634 836 732 891 pp.
757 823 813 885 2,
846 814 925 873 ib.
954 824 1140 877 1607.
1181 825 1346 878 1613
1381 814 1447 873 in
1468 815 1504 873 f.
1524 850 1613 861 —
1633 816 1916 875 Nicolaus
1973 816 2312 876 formationi
2358 815 2421 873 in
2468 833 2560 891 op.
2594 813 2873 887 Beforma
2916 810 2986 868 de
3029 810 3116 867 los
3148 808 3276 867 De-

634 904 707 962 de
740 903 1190 980 Spinetiola
1230 903 1295 965 Ο.
1328 903 1487 974 Min„
1534 904 1640 980 qui
1685 905 1918 981 potiora
1971 906 2187 964 scalzos
2216 905 2289 965 de
2320 904 2392 963 N.
2415 905 2470 963 S.
2502 903 2597 962 del
2619 902 2867 961 Carmen
2898 899 2971 958 de
2990 899 3051 956 la
3069 898 3278 973 prima

636 992 729 1052 sui
758 992 985 1052 ordinis
1016 1012 1269 1052 munera
1298 992 1448 1051 obiit
1474 996 1655 1070 atque
1676 997 1918 1053 strenue
1971 994 2370 1066 observancia,
2424 994 2502 1052 ib.
2553 1000 2714 1053 1644
2764 993 2827 1048 et
2881 997 3045 1052 1655
3098 981 3267 1067 (cum

634 1101 743 1157 pro
773 1081 1091 1157 disciplina
1120 1081 1412 1140 laboravit
1445 1078 1506 1163 (†
1545 1080 1755 1166 1652),
1790 1084 1916 1142 col·
1973 1084 2231 1142 auctoris
2263 1077 2412 1163 vita)
2445 1084 2490 1143 t.
2525 1091 2560 1143 2
2595 1081 2660 1138 in
2689 1079 2727 1136 f.
2761 1110 2849 1122 -—
2880 1079 3113 1136 Marcus
3134 1077 3265 1133 An-

633 1170 786 1247 legit
814 1171 1238 1230 constitutiones
1276 1188 1468 1229 omncs
1506 1174 1850 1247 apostolicas
1883 1193 1918 1231 a
1971 1173 2171 1231 tonius
2205 1172 2485 1249 Alegre
2530 1170 2603 1228 de
2649 1169 2930 1228 casanata
2974 1166 3038 1223 Ο.
3073 1165 3267 1223 Carm.

633 1258 943 1335 religionis
993 1259 1230 1318 exordio
1274 1277 1464 1334 usque
1510 1261 1583 1320 ad
1624 1281 1673 1322 a.
1728 1270 1914 1324 1648.

634 1348 771 1407 Alia
801 1348 1068 1424 ejusdem
1099 1349 1325 1423 scripta
1367 1348 1439 1406 ad
1481 1350 1789 1410 historiam
1821 1368 1916 1408 or-

633 1437 793 1495 dinis
841 1437 1178 1511 spectantia
1224 1455 1345 1495 non
1398 1438 1764 1513 prodierunt.
1828 1471 1909 1483 -

632 1526 902 1600 Angelus
935 1544 969 1583 a
1000 1542 1045 1586 s.
1078 1526 1495 1585 Francisco
1528 1528 1593 1585 Ο.
1627 1528 1681 1586 S.
1711 1528 1914 1590 Franc.

632 1614 885 1690 Anglus,
905 1614 1091 1672 lector
1108 1614 1443 1691 theologiae
1457 1615 1793 1692 primarius,
1810 1616 1913 1676 de-

634 1702 876 1778 scripsit
891 1709 1175 1761 cet-tamen
1191 1703 1558 1777 seraphicum
1577 1705 1915 1780 provinciae

632 1791 886 1866 Angliae
917 1809 1025 1866 pro
1057 1791 1335 1863 Ecclesia,
1380 1792 1440 1850 in
1486 1811 1607 1869 quo
1655 1794 1914 1852 declara-

630 1882 752 1948 tur,
787 1879 1078 1954 quomodo
1109 1879 1321 1940 fratres
1351 1881 1609 1941 minores
1638 1883 1801 1959 angli
1821 1900 1914 1941 ca-

633 1967 787 2026 lamo
832 1970 895 2027 et
937 1969 1222 2045 sanguine
1264 1988 1374 2046 pro
1424 1970 1538 2029 fide
1587 1974 1912 2044 certarunt,

632 2056 817 2115 Duaci
856 2066 1020 2120 1649
1055 2057 1118 2115 in
1152 2066 1228 2127 4.,
1260 2078 1409 2135 opus
1439 2079 1660 2133 rarum,
1695 2060 1791 2119 cui
1811 2060 1914 2118 ad-

624 2145 824 2220 jectus
856 2148 952 2204 est
983 2147 1285 2224 catalogus
1316 2149 1678 2225 scriptorum
1699 2168 1768 2207 ex
1789 2148 1914 2208 ord.

632 2233 887 2292 fratrum
918 2235 1916 2298 minorum.-—Bonaventura

633 2341 668 2381 a
697 2322 922 2382 Fasano
969 2323 1034 2385 Ο.
1084 2324 1137 2382 S.
1170 2324 1375 2384 Franc.
1420 2326 1659 2403 collegit
1690 2324 1913 2387 Memo-

633 2411 849 2470 rabilia
880 2412 1215 2471 Minoritica
1245 2414 1581 2489 provinciae
1614 2435 1660 2473 s.
1682 2414 1914 2474 Nicolai

633 2500 696 2557 Ο.
731 2500 871 2559 Min.
903 2519 1023 2577 reg.
1071 2502 1193 2560 obs,
1239 2502 1314 2560 ab
1361 2522 1409 2561 a.
1458 2511 1912 2573 1222—1635‚

630 2589 792 2648 Barii
831 2598 995 2653 1656
1032 2592 1071 2648 t.
1110 2600 1143 2651 2
1180 2590 1243 2649 in
1278 2600 1351 2662 8.,
1400 2611 1653 2669 quorum
1683 2592 1913 2669 primus

632 2678 904 2737 continet
923 2678 1106 2737 situm
1128 2682 1189 2738 et
1208 2681 1513 2756 originem,
1535 2680 1914 2740 fundationes

631 2769 692 2824 et
722 2785 1037 2825 numerum
1072 2774 1478 2828 conventuum
1524 2773 1586 2827 et
1625 2769 1912 2839 fratrum3

632 2854 931 2913 secundus
946 2873 1298 2931 progressus
1314 2858 1768 2934 particularium
1778 2877 1910 2933 per-

631 2961 940 3012 sonm,
994 2961 1145 3017 quae
1193 2944 1257 3002 in
1307 2945 1543 3016 officiis,
1594 2946 1909 3023 dignitate,

631 3031 902 3090 doctrina
930 3050 997 3089 ac
1028 3034 1343 3092 sanctitate
1372 3035 1639 3094 floruere.
1678 3068 1758 3078 -
1787 3036 1911 3093 An-

631 3118 802 3179 dreas
864 3119 937 3178 de
986 3121 1436 3200 Guadalupe
1486 3123 1549 3181 Ο.
1601 3124 1739 3182 Min.
1789 3142 1910 3199 reg.

631 3209 752 3268 obs.
801 3212 1083 3268 strenuus
1128 3211 1570 3270 commissarius
1603 3212 1911 3270 Indiarum

627 3298 923 3374 generalis
953 3300 1287 3379 composuit
1307 3299 1571 3359 Historia
1602 3301 1671 3359 de
1689 3301 1748 3357 la
1768 3298 1912 3358 Pro-

629 3390 815 3446 vincia
846 3388 916 3445 dc
946 3389 1027 3446 los
1057 3390 1299 3466 Anqeles
1343 3390 1413 3448 de
1442 3390 1499 3447 la
1529 3405 1645 3465 req.
1684 3388 1812 3451 Obs.
1845 3390 1914 3446 dc

628 3495 676 3540 s.
696 3477 1029 3553 Franci-sco,
1066 3478 1295 3536 Matriti
1324 3486 1488 3541 1662
1516 3478 1580 3536 in
1600 3477 1638 3538 f.
1662 3473 1746 3558 (m
1773 3473 1911 3559 88);

629 3565 872 3642 Mystica
903 3566 1206 3643 Theoloqia
1224 3567 1695 3642 supernaturalis
1714 3566 1912 3624 infusa

628 3672 697 3712 ex
729 3672 773 3712 s.
822 3655 1067 3731 pagina,
1115 3655 1167 3713 S.
1202 3656 1370 3716 Dion.
1415 3656 1802 3732 Areopagita,
1856 3656 1909 3712 d.

627 3743 1046 3801 Bonaventura
1094 3743 1344 3819 aliisque
1396 3763 1468 3801 ss.
1520 3744 1794 3819 patribus
1852 3747 1912 3801 et

627 3830 972 3888 doctoribus
1006 3837 1323 3905 compacta,
1360 3832 1586 3890 Matriti
1619 3835 1728 3890 etc.

723 4012 866 4063 491.
929 4004 1274 4063 Franciscus
1330 4007 1401 4064 de
1450 4025 1492 4066 s,
1545 4006 1783 4065 Maria
1843 4008 1907 4065 Ο.

629 4091 814 4148 Carm.
837 4091 1235 4161 Granatensis‚
1270 4100 1551 4152 strenuus
1572 4095 1906 4172 religiosuS,

1971 1260 2416 1319 Turiatonensis
2456 1277 2627 1336 saepe
2672 1256 3136 1316 concionabatur
3167 1257 3270 1311 at·

1972 1369 2088 1426 que
2118 1349 2192 1407 de
2224 1349 2604 1424 antiquitate,
2638 1345 2953 1404 nobilitate
2981 1361 3048 1402 ac
3080 1342 3268 1400 rebus

1970 1438 2154 1515 gestis
2176 1438 2621 1497 carmelitarum
2652 1433 2943 1494 disseruit
2977 1435 3034 1490 in
3066 1431 3266 1488 Para·

1971 1529 2098 1586 diso
2128 1528 2464 1586 carmelitici
2492 1526 2713 1584 decoris
2755 1524 2878 1583 sive
2927 1521 2998 1580 de
3031 1520 3270 1596 origine

1971 1616 2035 1676 Ο.
2070 1616 2254 1674 carm.
2288 1616 2588 1691 rebusque
2617 1612 2691 1671 ab
2724 1612 2818 1670 his
2850 1629 2956 1687 per
2987 1613 3079 1668 tot
3098 1613 3266 1667 aeta-

1970 1708 2062 1763 tes
2092 1705 2281 1781 gestis
2315 1723 2383 1764 ac
2412 1704 2486 1762 de
2519 1700 2849 1763 carmelitis
2879 1699 3107 1774 pietate
3152 1700 3266 1754 aut

1970 1794 2216 1853 scientia
2265 1793 2457 1862 claris,
2505 1791 2602 1851 cui
2653 1789 2944 1849 accedunt
2993 1785 3274 1845 defensio

1971 1901 2076 1958 pro
2110 1884 2339 1941 Joanne
2373 1879 2704 1958 patriarcha
2733 1876 2932 1946 XLIV,
2971 1875 3063 1937 J0.
3096 1873 3266 1932 Tri·

1970 1971 2246 2030 themii
2279 1972 2320 2031 1.
2354 1972 2423 2028 dc
2452 1965 2714 2029 lauditus
2732 1967 3148 2027 carmelitarum
3165 1982 3263 2020 re-

1970 2061 2197 2138 liqiom‘s
2239 2063 2348 2118 etc.
2388 2056 2667 2135 Lugduni
2722 2065 2887 2118 1639
2935 2054 2999 2112 in
3032 2052 3089 2122 f.‚
3139 2069 3274 2127 quo

1969 2152 2169 2208 tamen
2228 2167 2405 2224 opere
2465 2146 2622 2205 haud
2671 2163 2955 2220 magnam
3004 2141 3265 2219 gratiam

1969 2238 2129 2313 apud
2158 2236 2385 2296 sodales
2417 2235 2675 2312 collegit,
2720 2232 2828 2308 qui
2859 2231 3159 2291 incuriose
3192 2247 3264 2287 ac

1968 2326 2344 2403 negligenter
2375 2343 2511 2384 eum
2542 2323 2606 2381 in
2637 2321 2896 2380 historia
2934 2319 3268 2377 domestica

1968 2417 2269 2474 versatum
2317 2414 2504 2472 fuisse
2560 2414 3029 2486 conqueruntur.
3106 2406 3266 2464 Vada

1966 2524 2003 2580 y
2035 2505 2314 2561 encomios
2357 2504 2426 2560 de
2458 2520 2512 2560 s.
2554 2500 2878 2559 Prudencio
2911 2497 3139 2572 Obispo
3187 2495 3260 2552 de

1970 2592 2279 2663 Tarazona,
2311 2591 2577 2669 catalogo
2607 2589 2680 2649 de
2707 2607 2808 2648 sus
2830 2587 3084 2663 Obispos
3114 2604 3156 2661 y
3186 2583 3268 2642 de

1968 2681 2218 2757 algunos
2234 2698 2469 2740 sucesos
2488 2679 2758 2739 notables
2779 2676 2852 2735 de
2872 2675 3109 2751 squella
3126 2674 3259 2732 oiu-

1969 2770 2102 2839 dad‚
2124 2770 2624 2846 Caesaraugustae
2649 2776 2836 2830 1626.
2877 2764 3044 2824 Obiit
3069 2771 3260 2825 1658.

1969 2891 2057 2903 —
2087 2859 2379 2917 Martinus
2425 2849 2807 2936 Marrierl)
2853 2852 3266 2912 Cluniacensis

1971 2942 2056 3028 (n.
2091 2956 2145 3008 4.
2179 2946 2300 3004 Jul.
2343 2954 2542 3015 15723
2577 2943 2613 3011 †
2642 2939 2834 3025 1644)
2869 2940 3122 3016 collegit
3141 2940 3260 2997 1251>-

1968 3036 2263 3094 liothccam
2293 3031 2730 3108 cluniacensem,
2776 3032 2840 3090 in
2872 3049 2994 3107 qua
3039 3046 3122 3091 ss.
3155 3048 3261 3104 pa·

1967 3127 2130 3182 trum
2152 3123 2436 3181 abbatum
2455 3120 2922 3182 cluniacensium
2943 3118 3125 3185 vitae,
3148 3116 3270 3175 mi-

1968 3213 2185 3281 racula,
2208 3212 2446 3288 scripta,
2469 3213 2712 3280 statuta,
2734 3207 3070 3284 privilegia,
3089 3206 3262 3264 chro-

1967 3301 2220 3377 nologia,
2255 3301 2559 3377 catalogus
2590 3298 2986 3365 abbatiarum,
3021 3296 3258 3371 priora-

1968 3392 2140 3447 tuum
2162 3392 2271 3450 etc.
2295 3388 2606 3457 habentur,
2629 3384 2866 3445 Parisiis
2897 3393 3084 3451 1614.
3118 3401 3258 3441 cum

1970 3477 2460 3536 annotationibus
2503 3476 2773 3534 Andreae
2813 3475 2909 3531 Du
2942 3472 3260 3538 chesne,

1965 3566 2044 3628 ib.
2102 3575 2265 3627 1644
2311 3566 2375 3622 in
2420 3565 2476 3634 f.‚
2524 3566 2598 3622 ob
2645 3564 3051 3629 monumenta,
3102 3577 3268 3636 quae

1967 3654 2329 3729 suppeditat,
2363 3652 2638 3728 pretiosa.
2673 3651 3020 3710 Monasterii
3039 3648 3262 3724 reyalis

1965 3763 2009 3802 s.
2043 3743 2292 3800 Martini
2335 3743 2403 3800 de
2452 3741 2688 3815 Campis
2731 3738 3080 3815 parisiensis
3129 3735 3255 3794 ord.

1966 3831 2356 3890 cluniacensis
2388 3831 2653 3903 historia,
2671 3824 2684 3905 ‘⁴’
2699 3826 2946 3886 Parisiis
2984 3835 3155 3889 1637
3191 3825 3264 3881 in

1970 3929 2044 3988 4.,
2088 3938 2237 3994 opus
2268 3938 2486 3980 rarum.
2528 3951 2617 3961 —-
2663 3916 2930 3993 Angelus
2975 3912 3264 3972 Manri-

1965 4027 2107 4083 que
2140 4008 2203 4065 Ο.
2226 4008 2366 4065 Cist.
2401 4008 2554 4066 circa
2584 4025 2631 4063 a.
2670 4013 2837 4067 1577
2874 4007 3058 4061 natus
3092 4002 3252 4059 Bur·

1964 4097 2055 4185 gis
2107 4096 2169 4153 in
2219 4096 2505 4171 Hispania
2553 4096 2797 4170 propter
2839 4090 3254 4150 ‘eruditionem

628 4180 731 4256 qui
782 4180 911 4238 viae
957 4179 1166 4238 ducem
1218 4181 1430 4239 habuit
1479 4201 1523 4240 s.
1570 4183 1909 4243 Theresiam
1964 4184 2295 4259 mentisque
2326 4184 2508 4242 robur
2539 4182 2751 4252 ,Atlas
2782 4176 3252 4239 salmanticensis

626 4269 741 4327 sibi
789 4288 857 4327 ex
900 4273 1164 4328 materno
1202 4269 1385 4329 latere
1416 4272 1811 4347 propinquam
1844 4268 1909 4353 (†
1963 4273 2329 4331 academiae⁴¹
2376 4268 2654 4350 diotusss),
2709 4269 2953 4329 Scotum
3002 4265 3249 4333 ibidem,

634 4368 818 4427 1654,
845 4359 1022 4432 juxta
1052 4358 1199 4417 alios
1226 4355 1438 4441 1649),
1474 4362 1535 4420 in
1557 4361 1793 4420 laudem
1815 4361 1907 4420 sui
1962 4361 2166 4419 divum
2199 4360 2336 4418 dein
2356 4360 2630 4419 Thomam
2664 4360 2758 4417 est
2791 4358 3248 4431 interpretatus,

625 4447 852 4506 ordinis
903 4447 1255 4523 conscripsit
1299 4449 1565 4508 Historia
1614 4451 1906 4524 profetica
1961 4468 2096 4508 mox
2147 4449 2393 4524 primam
2440 4448 2778 4506 cathedram
2825 4449 3165 4511 assecutus3
3213 4461 3250 4497 a

623 4537 694 4594 de
729 4536 785 4595 la
817 4535 1012 4595 Orden
1042 4536 1115 4596 de
1135 4537 1390 4597 Nuestra
1409 4539 1626 4598 Sefiora
1654 4538 1751 4596 del
1770 4538 1905 4596 Car·
1962 4537 2236 4613 Philippo
2248 4537 2343 4595 IV.
2365 4537 2677 4612 episcopus
2694 4534 2862 4592 Pacis
2878 4535 2917 4592 J
2921 4533 3082 4591 uliae
3106 4528 3254 4611 (Ba-

622 4643 776 4694 men,
810 4625 1037 4685 Matriti
1082 4635 1244 4689 1630
1280 4630 1322 4685 t.
1367 4637 1415 4689 1.
1452 4624 1539 4707 (et
1570 4627 1809 4701 unicus)
1842 4626 1904 4683 in

622 4712 694 4781 f.;
746 4724 906 4775 1641
948 4715 1035 4772 ed.
1072 4723 1126 4775 2.
1161 4712 1260 4796 (m.
1296 4713 1405 4796 45)
1453 4734 1587 4774 cum
1628 4715 1904 4791 apologia

624 4798 909 4858 adversus
930 4803 1104 4860 aliter
1121 4803 1460 4862 sentientes,
1510 4804 1904 4878 Prosequitur

2035 4744 2074 4882 ἑξ
2103 4737 2976 4877 ἓᾶι.ἕίἓὲᾟέ.“ῑ.ῗζτξῖξὲὲῗῇ.
3001 4806 3098 4869 m,
3118 4810 3250 4862 ι..-
