3625 5193
430 311 458 362 ι
482 307 596 362 193
864 289 1186 354 Mairhofer‚
1212 290 1558 355 Antoninus,
1585 291 1849 354 Mauden‚
1875 288 1953 342 du
1981 288 2114 357 Fay‚
2140 288 2210 343 de
2237 288 2470 342 Paradis
2494 291 2597 348 etc,

2879 307 2901 357 1
2926 306 3045 359 194

418 476 682 536 confecit
712 476 968 534 tabulam
1016 495 1255 534 auream
1307 495 1552 553 operum
1585 495 1708 535 om·
1766 475 2041 544 zuwider‚
2076 474 2454 550 leichtsertig‚
2495 474 2895 550 unbestandig
2925 473 3050 532 und

430 567 599 626 nium
633 564 920 623 Antonini
953 565 1189 634 Dianae,
1237 583 1357 638 qua
1400 565 1710 624 resolutio·
1767 583 1917 641 ganz
1946 563 2092 640 irrig
2112 563 2197 622 sei
2217 566 2325 621 etc.
2348 562 2477 621 adv.
2501 563 2924 632 Heilbrunner‚
2947 563 3047 621 In·

425 647 571 714 num
620 654 758 730 plus
808 673 983 728 quam
1037 672 1135 712 sex
1185 654 1375 713 millia
1421 655 1712 731 pluraque
1768 652 2052 730 golstadii
2093 663 2258 714 1600
2305 651 2368 710 in
2404 662 2460 714 4.
2492 686 2578 694 —
2609 652 2872 711 Joannes
2914 654 3050 710 An-

430 746 685 814 aliorum
733 761 978 801 casuum
1011 742 1192 801 millia
1235 744 1299 802 in
1342 752 1413 804 12
1450 763 1546 820 pp.
1579 762 1715 819 pro·
1768 742 2094 801 toninus
2128 742 2181 800 S.
2213 741 2288 809 J.‚
2341 743 2639 800 Lucernae
2684 742 2748 799 in
2781 741 3054 798 Helvetia

428 834 649 893 miscue
681 832 968 907 impressa
987 835 1146 890 recta
1177 837 1237 890 et
1265 833 1421 891 clara
1439 832 1714 892 methodo
1769 831 2102 906 theologiae
2123 830 2423 905 professor
2443 826 2506 908 (†
2533 840 2696 893 1663
2719 830 2814 888 vel
2843 826 3051 909 1664),

430 923 495 981 in
528 933 644 984 150
668 924 963 979 tractatus
996 965 1008 978 .
1040 969 1055 984 .
1090 967 1101 977 .
1137 921 1253 980 rite
1285 941 1352 980 ac
1370 921 1717 980 scholastice
1771 921 2020 995 reliquit
2051 922 2394 978 assertiones
2424 920 2762 996 theoloyicas
2793 918 2865 976 de
2888 938 3053 994 prae-

438 1011 809 1079 ordinantur,
845 1010 1058 1068 Romae
1089 1020 1251 1072 1664
1286 1012 1351 1069 in
1371 1013 1424 1080 s.‚
1458 1029 1608 1085 quae
1628 1013 1717 1069 ta-
1773 1009 1968 1085 cipuis
2018 1009 2355 1084 quibusque
2394 1007 2849 1067 difficultatibus
2903 1026 3056 1082 quae

438 1099 575 1158 bula
606 1118 785 1158 aurea
831 1102 923 1157 est
954 1103 1190 1158 tantum
1236 1104 1585 1175 conspectus
1625 1116 1717 1155 or-
1774 1099 1934 1158 circa
1963 1098 2273 1156 materiam
2320 1097 2392 1155 de
2426 1097 2792 1174 poenitentia
2835 1100 2964 1155 tum
2997 1097 3058 1154 in

432 1188 669 1247 dinatae
703 1187 982 1246 editionis
1014 1189 1448 1248 resolutionum
1481 1189 1716 1257 Dianae,
1776 1187 1992 1246 scholis
2023 1187 2429 1262 disputantur,
2478 1193 2607 1245 tum
2653 1186 2717 1244 in
2749 1204 2910 1244 sacro
2949 1185 3058 1244 tri·

440 1297 611 1352 quam
645 1276 1047 1335 meditabatur
1076 1278 1392 1347 Tomasi,
1428 1277 1529 1335 sed
1551 1296 1720 1353 prae·
1775 1277 1983 1335 bunali
2028 1281 2379 1344 occurrunt,
2431 1276 2731 1334 Lacernae
2790 1284 2948 1338 1656
2997 1273 3060 1332 in

438 1370 650 1425 ventus
700 1367 774 1424 ab
805 1367 1041 1424 Alcolea
1086 1372 1395 1426 exsecutus
1446 1386 1566 1426 non
1612 1372 1718 1424 est.
1788 1376 1880 1429 12.
1915 1399 1999 1408 ——
2032 1364 2103 1424 In
2148 1365 2346 1437 Belyio
2387 1364 2590 1424 floruit
2635 1364 2819 1422 David
2869 1364 3061 1422 Mau-

438 1455 616 1513 Aliud
652 1456 869 1514 Dianae
902 1474 1052 1530 opus
1085 1458 1204 1514 est:
1240 1456 1325 1513 De
1336 1458 1605 1531 primatu
1629 1475 1721 1514 so·
1780 1457 1920 1513 den
1951 1453 2436 1529 Antwerpiensis‚
2483 1454 2708 1512 Bredae
2753 1452 2826 1510 ad
2872 1472 2917 1510 s,
2955 1453 3061 1510 Pe-

438 1545 553 1603 lius
584 1545 639 1601 d.
672 1542 829 1601 Petri
859 1563 924 1602 ac
955 1544 1290 1603 differentia
1335 1545 1490 1604 inter
1522 1545 1720 1620 ipsum
1778 1547 1940 1602 trum
1988 1544 2246 1602 decanus
2288 1539 2351 1624 (†
2393 1553 2547 1604 1641
2605 1562 2654 1601 a.
2690 1542 2900 1600 aetatis
2937 1537 3062 1621 66),

440 1639 502 1692 et
535 1633 739 1690 divum
773 1633 1019 1691 Paulum
1053 1633 1490 1710 disputationes
1521 1635 1721 1709 apolo·
1782 1633 2108 1691 secundum
2141 1633 2344 1690 Bona
2376 1650 2572 1689 rerum
2618 1630 2930 1689 moralium
2966 1649 3064 1706 pe-

440 1722 667 1799 geticae
689 1718 882 1800 (valde
902 1721 1114 1799 rarae),
1137 1723 1536 1786 Romae1647
1561 1724 1624 1780 in
1650 1733 1722 1791 4.,
1782 1722 2120 1781 ritissimus.
2203 1720 2346 1794 Ejus
2398 1727 2542 1779 sunt
2589 1720 2893 1778 discursus
2943 1738 3068 1778 mo·

438 1812 619 1869 etiam
641 1811 703 1869 in
719 1811 1024 1870 Rocaberti
1042 1812 1396 1870 bibliotheca
1427 1811 1727 1886 pontificia
1781 1811 1930 1870 rales
1949 1813 2008 1867 in
2016 1816 2330 1883 praecepta
2345 1810 2613 1886 deoaloqa‘,
2634 1809 2872 1867 Lovanii
2903 1818 3064 1871 1625

445 1899 542 1968 IV,
575 1911 934 1963 119—-160,
971 1900 1265 1975 Quidquid
1291 1902 1350 1959 in
1384 1902 1512 1977 ejus
1534 1902 1725 1976 operi·
1784 1901 1846 1958 in
1879 1900 1950 1964 f.;
1999 1900 2301 1975 Speculum
2337 1917 2581 1957 aureum
2613 1901 2759 1956 vitoe
2808 1899 3071 1971 moralia,

446 1989 557 2046 bus
593 1989 664 2046 ad
698 1990 928 2047 romani
961 1990 1259 2064 pontificis
1307 1991 1725 2048 auctoritatem
1784 2008 1902 2063 quo
1935 1988 2146 2047 Tobias
2176 1986 2252 2046 ad
2291 1987 2494 2045 vivum
2523 1988 2860 2046 delineatur
2894 1991 3073 2062 atque

445 2085 721 2154 spectans
744 2078 1056 2154 reperitur,
1079 2078 1315 2155 collegit
1337 2080 1579 2138 Carolus
1597 2079 1726 2136 Mo·
1786 2078 2133 2154 explicatur,
2187 2077 2546 2150 Antverpiae
2598 2086 2749 2140 1631
2807 2077 2870 2134 in
2917 2076 2953 2133 f.
2987 2110 3073 2118 —

445 2167 650 2225 rales
684 2169 818 2224 cler.
852 2187 970 2242 reg.
1005 2167 1372 2226 matritensis
1406 2168 1518 2226 sub
1550 2168 1729 2225 titulo
1787 2169 2002 2225 Petrus
2047 2165 2145 2224 du
2190 2165 2336 2240 Fay
2372 2165 2433 2222 O.
2477 2166 2679 2222 Praed.
2729 2166 3073 2241 BrugensiS,

444 2257 777 2314 Antoninus
793 2257 994 2314 Diana
1011 2259 1462 2331 panormitanus
1493 2258 1726 2335 doymo-

446 2347 615 2421 tieu3,
651 2345 901 2422 Neapoli
941 2355 1102 2407 1697
1142 2346 1201 2404 in
1233 2345 1270 2402 f.
1307 2345 1536 2421 adjecta
1590 2363 1730 2420 apo-

446 2435 603 2511 logia
636 2434 747 2492 sub
780 2435 994 2493 titulo:
1031 2437 1360 2494 Antoninus
1382 2435 1580 2494 Diana
1610 2437 1730 2492 vin-

444 2525 674 2581 dicatus
707 2524 829 2582 sive
879 2524 953 2582 ab
993 2524 1268 2582 omnibus
1316 2523 1437 2582 fere
1469 2523 1731 2600 proposi-

448 2614 713 2672 tionibus
746 2614 1040 2671 damnatis
1077 2634 1112 2672 a
1144 2614 1391 2673 summis
1438 2611 1732 2690 pontifici·

449 2704 561 2761 bus
594 2703 927 2761 Alexandro
962 2703 1106 2774 VII.‚
1155 2703 1503 2762 Innocentio
1536 2704 1627 2762 XI.
1677 2707 1765 2760 et—

448 2791 783 2850 Alexandro
816 2792 968 2850 VIII.
1003 2792 1298 2851 defensus.

543 2943 685 2995 523.
719 2935 803 2992 De
833 2934 1241 3010 singularibus
1273 2934 1642 3009 argumentis
1677 2940 1735 2991 et

442 3022 900 3098 quaestionibus
947 3021 1020 3080 ad
1051 3022 1406 3098 theologiam
1452 3023 1735 3080 moralem

448 3112 863 3187 spectantibus
884 3111 1268 3187 disputarunt
1300 3111 1363 3169 in
1387 3111 1703 3169 Germania
1721 3134 1740 3167 .-

450 3201 733 3259 Matthias
826 3201 882 3258 M
905 3220 940 3259 a
962 3201 978 3258 i
1003 3220 1033 3258 r
1052 3200 1091 3258 h
1112 3218 1145 3258 o
1168 3200 1195 3257 f
1207 3220 1239 3258 e
1261 3220 1291 3257 r
1380 3196 1737 3280 (Meirhofer‚

454 3286 702 3366 Mayrh.)
752 3290 807 3351 S.
840 3289 895 3347 J.
928 3289 1445 3354 Landishutanus,
1492 3290 1594 3364 qni
1640 3290 1737 3348 In·

448 3379 735 3455 golstadii
800 3379 1227 3454 philosophiam
1294 3374 1541 3459 (1576),
1602 3379 1739 3436 dein

446 3463 511 3549 (1
531 3478 561 3530 5
574 3478 606 3531 S
619 3479 828 3531 2-15
842 3479 875 3529 9
888 3463 952 3550 0)
972 3468 1329 3544 theologiam
1345 3468 1567 3536 docuit,
1588 3473 1736 3526 stre-

450 3575 606 3615 nuus
639 3557 907 3633 Gregorii
940 3557 1012 3615 de
1045 3557 1317 3616 Valentia
1350 3557 1591 3633 collega.
1640 3558 1737 3614 So·

454 3646 612 3704 lebat
661 3647 753 3704 hic
785 3646 857 3703 de
904 3665 971 3705 eo
1016 3641 1290 3726 dieere¹)‚
1338 3666 1398 3705 se
1445 3646 1738 3703 neminem

452 3735 516 3793 in
567 3735 934 3810 disputando
983 3735 1382 3794 nervosioi·em
1432 3738 1738 3810 expertum

452 3824 820 3893 Mairhofero,
871 3824 920 3881 si
969 3823 1320 3882 incaluisset
1366 3821 1428 3906 (†
1478 3834 1531 3885 7.
1570 3823 1740 3881 Febr.

461 3924 613 3976 1641
687 3934 737 3970 a.
790 3914 1005 3971 aetatis
1060 3908 1186 3990 92).
1251 3913 1532 3987 Reliquae
1598 3917 1741 3971 sunt

448 4001 743 4077 quaedam
788 4001 1228 4077 disputationes
1276 4002 1627 4076 praesertim
1669 4001 1741 4058 de

448 4111 515 4148 re
546 4092 755 4151 morali
788 4090 1024 4149 habitae
1057 4109 1125 4148 eo
1152 4089 1421 4165 praeside
1454 4095 1516 4147 et
1548 4089 1741 4147 libelli

455 4180 728 4254 polemici
774 4180 1058 4238 adversus
1109 4182 1532 4255 protestantes,
1585 4178 1742 4235 inter

452 4287 603 4343 quos
639 4270 1017 4327 Predicanten
1051 4270 1288 4345 Spieyel.
1343 4266 1516 4325 darin
1547 4286 1620 4324 zu
1652 4285 1741 4324 se-

457 4357 590 4425 hen,
624 4359 735 4417 wie
759 4358 1010 4435 jetziger
1044 4358 1169 4416 Zeit
1214 4357 1319 4415 der
1349 4355 1742 4414 Predicanten

455 4446 606 4505 Lehr
636 4449 731 4506 nit
762 4447 942 4505 allein
974 4447 1140 4505 nicht
1173 4445 1571 4521 Apostolisch‚
1607 4464 1740 4503 son-

450 4535 600 4595 dern
634 4537 784 4595 auch
815 4537 1068 4594 meisten
1090 4536 1288 4594 Theils
1322 4534 1426 4593 der
1445 4533 1744 4593 Vernunft

531 4712 569 4775 ¹)
599 4706 679 4760 Cf.
709 4705 975 4768 Mederer,
1003 4706 1236 4759 annales
1261 4704 1415 4758 acad.
1437 4704 1743 4773 ingolstad.

446 4776 617 4905 ,αόὂῖ
647 4781 781 4834 1641
815 4777 882 4841 11,
922 4781 1056 4835 297:
1098 4776 1512 4846 Sommervogel
1544 4776 1606 4840 V,
1640 4779 1744 4832 265

1789 2255 2121 2331 theologiae
2171 2254 2411 2312 moralis
2463 2254 2646 2311 lector
2698 2250 2762 2334 (†
2816 2264 2977 2317 1639
3026 2273 3076 2316 a.

1788 2345 2000 2402 aetatis
2052 2340 2179 2423 54),
2230 2342 2417 2400 edidit
2462 2344 2529 2400 de
2564 2344 2914 2418 poenitentia
2961 2363 3079 2419 qua

1790 2433 2014 2492 virtute
2060 2452 2179 2506 qua
2232 2436 2596 2491 sacramento
2645 2432 3079 2501 disputationes

1790 2522 2151 2599 theologicas
2197 2521 2348 2579 circa
2395 2525 2624 2579 textum
2670 2521 2725 2584 d.
2759 2521 3015 2579 Thomae
3049 2540 3083 2578 a

1790 2633 1847 2689 p.
1886 2622 1939 2673 3.
1965 2632 2020 2687 q.
2057 2621 2138 2677 84
2176 2611 2249 2669 ad
2292 2621 2364 2673 16
2402 2612 2616 2687 suppl„
2651 2612 2833 2670 Duaci
2877 2619 3082 2679 1626;

1792 2703 2098 2760 discursus
2117 2700 2185 2757 de
2197 2702 2584 2776 perpetuitate
2603 2701 3082 2776 approbationum

1793 2792 2194 2868 reliyiosorum
2241 2788 2315 2847 ad
2348 2789 2714 2865 excipiendas
2762 2789 3079 2848 confessio·

1793 2899 1898 2938 nes
1931 2882 1992 2938 et
2036 2878 2499 2954 praedicandum
2550 2879 2797 2938 verbum
2832 2879 2935 2936 Dei
2973 2927 2986 2940 .
3021 2923 3032 2935 .
3070 2924 3081 2934 .

1795 2988 1863 3026 ex
1897 2969 2143 3043 hispano
2187 2969 2371 3026 latine
2403 2967 2688 3036 redditus,
2736 2969 2831 3025 cui
2867 2967 3084 3042 adjecit

1796 3058 2130 3115 discursum
2163 3056 2316 3115 circa
2338 3056 2813 3132 jurisdictionem
2846 3058 3079 3132 regula-

1794 3147 1970 3216 rium,
2025 3165 2142 3219 qua
2172 3165 2392 3204 munus
2439 3146 2662 3204 obeunt
2708 3145 3082 3221 praedicandi

1798 3234 2062 3293 Gandavi
2104 3226 2266 3298 1636
2302 3235 2365 3292 in
2399 3244 2468 3303 4;
2517 3239 2576 3293 et
2607 3235 2820 3293 iterum
2858 3234 2971 3292 sub
3002 3234 3080 3292 ti·

1796 3325 1956 3383 tulo:
2009 3323 2251 3400 Clypeus
2281 3323 2555 3382 ordinum
2597 3322 3081 3393 mendicantium,

1796 3413 2068 3474 Coloniae
2109 3424 2270 3475 1637
2321 3412 2383 3470 in
2421 3423 2474 3474 8.
2509 3446 2592 3455 —
2629 3412 2961 3470 Guilelmus
3010 3411 3082 3469 de

1796 3504 1842 3560 P
1857 3524 1892 3561 a
1911 3523 1940 3560 r
1954 3523 1987 3560 a
2002 3501 2070 3560 d
2055 3522 2076 3559 1
2093 3521 2119 3559 s
2152 3501 2571 3559 Namurcensis
2592 3500 2968 3588 praepositus
2988 3517 3080 3559 ec-

1797 3592 2006 3650 clesiae
2052 3572 2391 3666 collegiatae
2424 3590 2701 3648 Dominae
2747 3594 2981 3647 nostrae
3019 3588 3082 3647 in

1795 3681 1943 3738 urbe
1988 3679 2182 3754 patria
2227 3676 2287 3755 (†
2327 3675 2517 3758 1648)
2567 3678 2849 3737 disseruit
2893 3680 2962 3735 de
2993 3697 3080 3735 re-

1795 3768 2227 3843 servationibus,
2271 3767 2496 3825 Namur
2534 3777 2718 3829 1644.
2750 3802 2835 3811 —
2870 3766 3081 3824 Corne-

1797 3859 1915 3916 lius
1948 3857 1989 3915 t'
2009 3858 2045 3914 S
2061 3877 2095 3914 a
2113 3875 2139 3915 s
2158 3857 2634 3925 Turnhautanua
2659 3856 3080 3931 philosophiae,

1797 3948 1934 4005 dein
1980 3946 2312 4022 theologiae
2362 3946 2423 4003 in
2476 3945 2787 4004 seminario
2838 3945 3079 4003 mechli-

1797 4036 1967 4094 nensi
2000 4035 2311 4110 professor,
2359 4035 2677 4093 canonicus
2721 4040 2786 4093 et
2828 4034 3082 4092 vicarius

1798 4124 2095 4201 generalis
2129 4123 2192 4205 (†
2226 4134 2280 4187 8.
2316 4123 2442 4182 Oct.
2483 4124 2673 4203 1656)
2708 4123 3083 4182 concinnavit

1798 4214 2103 4287 Epitomen
2141 4232 2399 4288 praoeeos
2430 4215 2705 4271 virtutum
2751 4214 3081 4290 theoloyica-

1798 4322 1931 4361 rum
1974 4347 1987 4359 .
2022 4346 2033 4358 .
2068 4345 2082 4359 .
2127 4302 2482 4378 praesertim
2531 4321 2649 4376 qua
2696 4301 2893 4360 media
2942 4304 3083 4359 sunt

1799 4391 2027 4459 salutis,
2064 4391 2278 4449 Romae
2308 4400 2470 4453 1632
2508 4390 2569 4448 in
2607 4399 2700 4466 12,
2736 4409 2804 4448 ex
2837 4408 2953 4463 qua
2984 4389 3083 4447 de·

1799 4481 1980 4539 ducta
2011 4480 2149 4538 dein
2180 4480 2296 4539 suit
2333 4480 2655 4538 necessitas
2690 4479 2798 4537 VII
2830 4484 3083 4552 puncto-

1800 4589 1932 4627 rum
1968 4588 2074 4627 seu
2121 4569 2509 4627 articulorum
2551 4567 2687 4625 fidei
2733 4568 3084 4625 necessitate

1799 4655 1981 4716 medii
2013 4658 2081 4714 ad
2119 4657 2368 4716 salutem
2420 4656 2858 4715 credendorum.
2914 4654 3081 4724 Quod

1801 4746 2138 4824 symbolum
2170 4751 2549 4821 praetensum
2581 4743 2962 4803 Innocentius
2983 4744 3079 4802 xl.

1802 4835 2105 4901 damnavit
2143 4845 2239 4897 16.
2261 4837 2412 4912 Aug.
2441 4843 2604 4897 1682
2639 4854 2758 4892 una
2788 4852 2921 4893 cum
2942 4835 3084 4913 plu-
