3625 5193
399 221 532 276 389
1408 204 1743 260 Dominicus
1768 206 2013 260 Bannez.

2904 220 3026 278 390

393 394 732 454 sententias
745 386 1691 469 saepecri'sisubjicit,quintamen
1748 391 1939 451 Bafiez
1970 391 2043 450 ob
2069 387 2248 479 *auam
2283 393 2655 453 cum‘Molina
2690 397 3031 454 controver-

390 504 544 544 eum
578 482 875 551 nominet;
922 483 1058 540 hinc
1082 483 1259 558 Juxta
1304 481 1692 540 S‘cheeben
1748 481 1915 540 siam.
1948 482 2372 558 cumprimum
2404 482 2559 541 enim
2581 482 2677 542 hic
2708 498 2874 542 suam
2894 503 3029 560 gra-

394 573 794 648 kath.Dogm.
828 572 875 641 1,
901 581 1045 642 451,
1078 570 1307 630 itafere
1340 578 1401 629 se
1425 570 1692 629 habetad
1748 570 1868 629 tiae
1900 586 2036 629 cum
2066 571 2252 630 libero
2283 572 2499 630 abitrio
2532 572 2899 632 concordiam
2932 578 3033 648 ty-

395 663 689 721 Suarium
719 664 791 719 ut
812 660 978 719 Duns
1000 661 1206 719 Scotus
1224 659 1296 718 ad
1326 665 1369 718 si
1393 660 1692 718 Thomam.
1750 660 1841 736 pis
1873 660 2164 719 edidisset
2188 658 2615 742 (conimbricae
2656 656 2867 742 1588),
2899 662 3033 719 inex

398 848 417 918 j
509 850 649 903 166.
670 839 854 898 ·Idem
905 857 1095 919 annus
1147 835 1209 919 (-2

390 929 574 989 alind
606 928 941 1005 theologiae
973 928 1355 987 scholasticae
1382 926 1693 987 ornamen-

392 1025 538 1079 tum
562 1018 803 1094 eripuit,
824 1016 1197 1076 Dominicum
1228 1018 1277 1075 B
1294 1011 1439 1075 a'nn
1456 1011 1593 1098 ez¹)
1630 1015 1694 1075 0.

393 1113 459 1171 S·
476 1100 1211 1183 Dom.Mondragonensem
1223 1106 1319 1165 vel
1330 1105 1697 1165 Balmaseda·

396 1195 1434 1270 num,namdeejuspatrianonsatis
1446 1190 1695 1263 constat,

396 1304 459 1346 n.
504 1294 603 1349 28.
635 1281 1031 1347 Febr-152&
1079 1285 1149 1343 In
1180 1284 1477 1362 theologia
1508 1285 1695 1360 magi·

399 1380 563 1436 stros
595 1374 806 1433 habuit
835 1373 1124 1432 celebrem
1145 1370 1521 1432 Melchiorem
1542 1374 1699 1432 Cano

401 1472 468 1525 et
502 1470 829 1539 utrumque
860 1458 1018 1532 Soto',
1052 1462 1521 1537 condiscipulum
1555 1463 1697 1522 Bar-

400 1555 821 1615 tholomaeum
842 1551 1092 1610 Medina.
1124 1552 1444 1627 Postquam
1460 1551 1578 1609 'diu
1597 1570 1698 1610 va-

402 1644 516 1703 riis
549 1644 615 1700 in
648 1641 791 1701 locis
823 1641 1125 1699 Summam
1159 1659 1203 1699 s.
1237 1642 1490 1701 Thomae
1528 1640 1698 1699 soda-

406 1734 573 1792 libus
626 1736 722 1790 est
774 1731 1229 1806 interpretatae,
1282 1729 1700 1789 salmanticam

410 1823 679 1881 veniens*
706 1820 1059 1888 cathedram,
1108 1815 1287 1895 quam
1330 1822 1546 1878 vocant
1577 1819 1699 1877 Du·

423 1911 603 1977 randi,
653 1909 716 1967 in
751 1908 1167 1968 universitatis
1208 1909 1517 1985 gymnasio
1549 1908 1700 1983 pub-

412 2001 526 2058 {ico
563 1998 859 2057 communi
905 1997 1225 2056 electorum
1275 1997 1555 2074 suffragio
1588 1997 1703 2055 sibi

403 2090 673 2148 delatam
718 2105 922 2165 regere
970 2087 1217 2146 adorsus
1263 2090 1357 2145 est
1399 2106 1449 2148 a.
1505 2086 1702 2149 1579:

408 2182 484 2235 at
513 2194 636 2234 non
678 2176 779 2235 diu
810 2176 939 2235 illic
978 2176 1173 2234 stetit.
1237 2175 1495 2234 Vacante
1546 2176 1725 2253 enim,

412 2265 613 2339 >paulo
641 2271 769 2340 post
812 2284 919 2341 per
952 2268 1198 2324 mortem
1231 2264 1433 2323 Barth.
1480 2264 1551 2322 de
1584 2265 1703 2322 Me·

420 2354 572 2412 dina
602 2355 871 2430 primaria
903 2362 964 2413 et
992 2354 1233 2430 publico
1272 2354 1576 2413 certamini
1607 2371 1703 2412 ex·

418 2444 635 2520 posita,
686 2463 815 2503 eam
858 2444 922 2503 in
954 2461 1246 2503 concursu
1286 2443 1707 2521 theologorum

415 2533 603 2610 primi
643 2534 897 2592 nominis
947 2551 1084 2592 cum
1129 2548 1368 2592 excessu
1420 2543 1491 2595 14
1538 2535 1704 2592 voto-

413 2643 557 2682 rum
590 2628 718 2682 tota
750 2624 1070 2699 plaudente
1111 2622 1406 2682 academia
1437 2625 1706 2699 reporta·

408 2714 506 2771 vit
538 2709 787 2793 (1581),
833 2732 1012 2788 quam
1056 2712 1334 2787 deinceps
1380 2712 1450 2770 ad
1483 2727 1706 2770 annum

408 2821 613 2878 nsque
668 2811 831 2864 1599
884 2802 1222 2860 moderatus
1271 2807 1376 2859 est.
1441 2799 1596 2859 Illud
1646 2799 1707 2858 in

416 2893 529 2950 hoc
563 2891 693 2950 viro
726 2891 978 2959 illustre,
1030 2890 1188 2964 quod
1221 2890 1333 2949 etsi
1377 2889 1440 2948 in
1488 2889 1705 2947 scholis

405 2980 707 3039 continuo
728 2983 1015 3049 versatus,
1048 2979 1206 3039 vitae
1231 2979 1560 3055 spiritualis
1580 2977 1705 3036 vias

414 3069 843 3128 reconditiores
862 3071 1201 3145 perspectas
1221 3068 1467 3127 haberet
1486 3085 1705 3137 omnes,

414 3177 529 3217 nec
572 3158 853 3234 mysticae
899 3153 1233 3233 theologiae
1279 3156 1478 3215 minus
1527 3175 1706 3230 quam

402 3247 804 3306 scholasticae
849 3247 1077 3322 peritus
1125 3248 1298 3305 esset.
1359 3244 1527 3304 Unde
1573 3264 1706 3304 cum

1750 750 1942 808 Baiiez
1973 749 2152 825 apud'
2179 750 2490 827 hispanum
2524 767 2569 809 s.
2603 749 2791 809 Officii
2838 750 3035 809 tribu-

1226 850 1275 901 1.
1323 838 1446 897 Oct.
1499 849 1525 900 1
1543 835 1694 915 604)
1750 839 1851 897 nal
1881 838 2232 909 intercessit,
2265 858 2341 898 ne
2362 839 2541 915 hujus
2559 840 2752 915 operis
2773 840 3037 915 exempla

1750 928 1814 986 in
1824 927 2114 1003 Hispania
2125 928 2378 987 distrahi
2390 929 2894 1004 permitterentur,
2913 930 3038 1005 plu·

1752 1035 1967 1092 resque
2002 1017 2269 1093 ejusdem
2301 1017 2440 1075 libri
2474 1018 2907 1095 propositiones
2930 1037 3039 1077 ceu

1752 1107 2094 1182 pelagianas
2116 1106 2190 1164 ad
2223 1106 2379 1165 idem
2411 1100 2680 1167 tribunal
2712 1108 3037 1166 denuncia-

1753 1195 1860 1253 vit.
1912 1194 2186 1254 Vicissim
2205 1194 2218 1239 ἶ
2234 1196 2452 1255 Melina
2487 1196 2770 1256 Bannesii
2817 1196 3036 1255 doctri·

1753 1303 1890 1342 nam
1906 1298 2014 1343 ceu
2029 1280 2418 1343 calvinianam
2437 1284 2671 1354 detulit,
2695 1290 2754 1344 et
2769 1285 2902 1344 hinc
2919 1285 3039 1346 ori-

1754 1374 1951 1451 ginem
1983 1372 2287 1432 duxerunt
2329 1374 2587 1433 famosae
2630 1375 2770 1433 illae
2807 1380 3038 1433 contro-

1752 1463 1984 1521 versiae
2035 1462 2107 1520 de
2157 1463 2382 1541 gratiae
2433 1453 2750 1544 auxiliis¹)'.
2799 1454 3041 1523 Praeter

1756 1551 2181 1611 commentaria
2227 1555 2289 1611 in
2332 1553 2388 1610 ll.
2435 1553 2761 1611 Aristotelis
2808 1553 3042 1628 aliaque

1757 1636 2052 1723 scripta²)·
2072 1640 2262 1700 edidit
2292 1642 2485 1700 Baiiez
2510 1642 2860 1701 Scholastica
2892 1660 3041 1700 com-

1757 1732 2042 1788 mentaria
2074 1729 2139 1789 in
2180 1742 2229 1792 1.
2262 1751 2320 1807 p.
2340 1731 2591 1807 angelici
2624 1732 2880 1791 doctoris
2914 1735 2958 1790 t.
2985 1741 3040 1802 2,

1759 1818 2152 1878 salmanticae
2181 1829 2473 1884 1584—1
2489 1828 2609 1884 588
2634 1843 2647 1889 ς
2668 1821 2731 1879 in
2754 1829 2808 1881 2.
2834 1828 2888 1882 2.
2910 1822 3043 1896 qui·

1756 1907 1872 1966 bu's
1905 1927 2056 1983 quae
2089 1908 2388 1978 adfidem,
2442 1927 2607 1985 spem
2639 1914 2700 1968 et
2730 1910 3045 1971 caritatem

1759 2000 2045 2071 spectant,
2080 1997 2450 2073 explicantur
2470 1995 2685 2079 (usque
2716 2001 2875 2074 ad'q.
2913 1995 3042 2082 46),

1759 2086 2156 2145 Salmanticae'
2176 2096 2340 2150 1584
2361 2109 2375 2158 ς
2409 2107 2443 2146 a
2462 2107 2517 2163 q.
2543 2097 2575 2150 5
2589 2096 2799 2152 7—78
2813 2089 2894 2147 *de
2907 2091 3048 2164 jure

1759 2274 1931 2355 nicht,
1959 2291 2073 2327 was
2101 2291 2213 2328 aus·
2229 2266 2410 2328 dieser
2433 2256 2622 2343 Magie
2652 2274 2796 2358 noch
2825 2266 3050 2329 werden

1756 2345 2171 2498 ‘Wlffta'ete-rum
2205 2417 2393 2498 ‘prima
2432 2417 2528 2485 huj
2538 2433 2604 2545 1ιέ
2625 2378 3048 2481 controversiae

1763 2488 2588 2629 tiiff⁰fi⁸3¹5³effi²f32³s¹5s
2608 2494 2629 2555 ·¹
2641 2486 3050 2630 ’ρὲἓὲἕέἓᾶῑῖέἰ

1762 2632 1954 2687 chaele
1980 2632 2193 2685 Mai-cos
2219 2602 2884 2700 praedeterminationem
2913 2633 3051 2701 phy·

1763 2703 1954 2766 sicam,
1982 2703 2146 2772 cujus
2172 2704 2354 2757 Banez
2382 2703 2687 2757 acerrimus
2718 2709 2842 2785 erat
2863 2703 3051 2757 defen·

1763 2774 3053 2928 {131312532‘12052{2133'35535521‘33333332‘3

1763 2918 1849 2971 vit
1897 2917 2406 2987 propugnavitque'
2449 2917 2738 2971 seientiam
2793 2918 3052 2974 mediam.

1765 2987 2051 3042 Sexdccim
2079 2989 2226 3042 enim
2271 3005 2337 3041 ex
2363 2989 2468 3042 hac
2510 2989 2598 3042 dia
2644 2988 2904 3042 utation'e
2927 3007 3054 3058 pro·

1764 3060 2068 3128 positiones
2095 3059 2308 3114 detulit
2332 3060 2514 3113 Banez
2555 3077 2589 3115 a
2659 3060 3052 3129 inquisitionis

1764 3131 2018 3185 tribunal
2044 3134 2334 3200 tamquam
2364 3131 2675 3204 haereticas
2715 3134 2886 3200 atque
2912 3149 3051 3187 erro-

1764 3218 1918 3259 neas.
1964 3201 2070 3256 Sed
2109 3202 2412 3266 incassum,
2456 3207 2727 3274 negatum
2768 3203 3048 3271 siquidem

1764 3271 1893 3336 fuit,
1920 3273 2337 3354 propositiones
2357 3272 2571 3328 delatas
2599 3291 2632 3327 a
2655 3275 2820 3327 Prud.
2838 3274 3051 3329 Monte·

416 3336 638 3395 Abulis
668 3341 885 3412 ageret,
920 3334 1256 3394 S.Theresia
1286 3335 1707 3394 confessarium
1763 3345 1946 3415 major
1971 3345 2143 3398 fuisse
2170 3344 2445 3401 defensas.
2488 3345 2825 3414 Impetravit
2864 3348 3052 3399 tamen

410 3444 561 3484 eum
608 3424 726 3483 sibi
760 3423 982 3501 delegit
1011 3427 1074 3482 et,
1111 3425 1477 3494 directorem,
1527 3442 1706 3498 seque
1761 3417 1835 3470 ab
1861 3416 2254 3485 inquisitionis
2280 3416 2554 3470 tribunali
2583 3417 2867 3486 Cantiliae,
2894 3423 2961 3470 ut
2985 3421 3050 3474 13

413 3515 511 3572 illi
546 3513 844 3589 spirituali
876 3513 1131 3588 quodam
1163 3514 1602 3572 incantamento
1621 3513 1707 3570 ita
1762 3488 2176 3612 {¹⁰P9⁸iti⁰¹¹e⁸
2196 3530 2208 3552 ⁹
2254 3505 2397 3569 q¹¹23⁴⁸
2435 3490 2727 3556 tamqnam
2768 3505 3047 3570 ⁸.¹¹-¹¹²m²²m

1803 3565 2054 3613 octrmae
2081 3559 2530 3613 adversariorum
2559 3563 2618 3613 et
2649 3576 2902 3612 omnium
2932 3562 3046 3614 tur·

415 3602 761 3662 devinctam
783 3602 1043 3678 professa
1073 3606 1179 3673 est,
1212 3605 1286 3660 ut
1303 3620 1369 3660 se
1401 3601 1549 3660 nihil
1572 3620 1702 3659 sus·
1762 3632 1960 3684 barum
1989 3629 2334 3684 occasionem
2375 3623 2688 3694 det-meran
2719 3631 2791 3684 ad
2827 3635 3048 3700 tempus

406 3692 616 3768 cipere
653 3709 822 3768 posse
869 3691 1103 3761 diceret,
1152 3691 1267 3750 nisi
1299 3712 1332 3749 a
1363 3692 1555 3750 Baiiez
1600 3710 1704 3749 an·
1763 3701 2215 3771 prohiberentur.
2235 3700 2480 3756 Molinae
2497 3702 2565 3754 de
2587 3701 2884 3755 eoncordia
2901 3701 3045 3757 libro

412 3787 514 3840 tea
547 3776 941 3862 probatum2).
992 3780 1349 3839 Notissimus
1383 3785 1580 3838 autem
1615 3785 1706 3837 est
1762 3774 2389 3898 (ἕξῇρῡῗξέθῑέῗέαῗζὲἒῗ
2402 3790 2530 3898 <311OE
2542 3772 3042 3899 ξῗὲθςέἒὲὶὲἔὲἕῗ

500 3920 537 3989 ¹)
570 3915 731 3968 Alius
770 3919 854 3969 est
896 3916 947 3969 M
964 3915 984 3968 i
1002 3933 1030 3969 c
1047 3917 1082 3968 11
1101 3915 1214 3968 ael
1256 3915 1401 3968 Bau
1418 3933 1500 3968 ne
1517 3932 1562 3980 z,
1609 3913 1705 3982 qui
1761 3915 2088 3984 theologiae
2129 3863 3046 3985 professorumpadversuspnovas

414 4007 471 4043 a.
497 3992 653 4046 1656.
677 3986 892 4041 Matriti
909 3987 1113 4041 edidit:
1136 3990 1482 4041 Immunidad
1502 3990 1565 4039 de
1586 4004 1707 4039 nue-
1762 3987 2036 4055 quasdam
2079 3988 2413 4040 assertiones
2454 3987 2746 4056 cujusdam
2785 3987 3043 4050 doctoris,

416 4069 543 4117 stra
560 4064 799 4114 Sennora
822 4079 885 4112 en
905 4061 951 4111 el
962 4063 1173 4127 primer
1186 4063 1418 4112 instante
1438 4062 1498 4111 de
1517 4076 1581 4112 su
1600 4076 1703 4112 ser.
1761 4058 2029 4111 Ludovici
2058 4058 2302 4111 Molinae
2331 4058 2666 4127 nuncupati,
2696 4058 2949 4128 theologi
2978 4059 3046 4113 de

408 4181 413 4186 ,
496 4139 535 4196 ²)
564 4130 723 4183 Duae
751 4130 940 4184 adhuc
965 4130 1137 4199 hujus
1162 4133 1381 4183 sanctae
1403 4134 1707 4198 supersunt
1760 4130 1809 4184 S.
1831 4130 1861 4182 J
1871 4171 1898 4190 ..
1928 4146 2070 4197 quae
2097 4128 2355 4184 defendit
2377 4131 2435 4182 in
2463 4146 2564 4183 suo
2591 4130 2626 4182 l.
2654 4130 2722 4183 de
2750 4130 3047 4184 concordia

406 4203 695 4273 ,epistolae
735 4200 808 4254 ad
847 4201 890 4253 B
908 4209 992 4254 an
1011 4218 1085 4255 ez
1130 4206 1237 4266 (23.
1279 4206 1337 4254 et
1362 4206 1447 4257 25.
1490 4200 1549 4253 in
1588 4217 1704 4253 ver·
1761 4205 1868 4257 etc.
1893 4205 1951 4254 et
1975 4200 2242 4254 adversus
2270 4201 2411 4255 alios
2439 4201 2690 4268 ejusdem
2718 4216 2893 4255 novae
2921 4202 3044 4255 doc·

414 4275 580 4329 sione
620 4275 677 4326 et
717 4271 984 4330 editione,
1031 4290 1203 4340 quam
1245 4273 1467 4327 curavit
1508 4270 1704 4325 Gallus
1761 4273 1944 4326 trinae
1970 4275 2269 4326 sectatores
2310 4277 2367 4326 et
2393 4272 2712 4326 defensores
2752 4273 2821 4326 de
2848 4271 3042 4326 eadem

419 4346 662 4400 Schwab
690 4347 866 4410 1853),
911 4343 972 4396 in
1012 4360 1251 4412 quarum
1297 4343 1476 4396 altera
1518 4346 1703 4410 (1584)
1758 4343 2046 4408 societate,
2075 4343 2289 4396 Matriti
2317 4349 2402 4400 20.
2431 4344 2572 4397 Nov.
2604 4349 2758 4406 1595,
2790 4343 2883 4395 cui
2911 4342 3042 4396 dein

412 4416 648 4471 scribit:
680 4415 842 4474 „Man
870 4414 978 4467 soll
1004 4416 1123 4469 sich
1149 4414 1308 4468 mehr
1328 4416 1566 4468 dartiber
1589 4431 1700 4468 ver·
1761 4415 2330 4483 subscripseruntalii
2346 4421 2413 4472 22
2429 4416 2766 4484 professores
2781 4413 3040 4469 O.Praed.

417 4487 729 4551 wundern,
776 4503 889 4544 was
929 4486 1018 4540 die
1056 4486 1224 4540 Liebe
1264 4505 1334 4540 zu
1377 4486 1513 4540 Gott
1552 4486 1704 4539 Alles
1761 4486 1933 4539 Plura
1972 4487 2078 4539 hac
2105 4486 2173 4539 de
2201 4503 2258 4539 re
2286 4489 2354 4541 cf.
2398 4504 2490 4555 ap.
2520 4486 2910 4539 Eleutherium
2938 4485 3043 4557 (Li-

421 4575 672 4627 vermag‚
712 4558 785 4611 da
825 4557 915 4611 die
953 4557 1116 4612 Liebe
1159 4558 1257 4628 des
1281 4559 1340 4612 P.
1370 4557 1704 4612 Dominikus
1759 4558 1952 4611 vinum
1980 4558 2185 4626 Meyer)
2232 4558 2373 4612 Hist.
2417 4561 2662 4610 controv.
2706 4558 2774 4610 de
2815 4558 3041 4612 divinae

422 4648 481 4684 so
522 4629 631 4683 viel
673 4627 896 4683 Gewalt
933 4629 1049 4694 hat,
1089 4629 1195 4682 dass
1234 4630 1391 4694 Alles
1432 4647 1545 4683 was
1583 4628 1700 4681 ihm
1758 4629 1977 4698 gratiae
2003 4629 2230 4683 auxiliis
2255 4630 2315 4683 L.
2342 4636 2392 4686 2.
2422 4646 2466 4683 c.
2499 4635 2543 4684 1.

422 4704 531 4771 gut
556 4702 791 4764 scheint,
817 4700 962 4754 auch
987 4701 1096 4754 mir
1123 4717 1183 4754 so
1213 4701 1563 4761 vorkommt;
1590 4716 1704 4752 was
1836 4704 1874 4770 2)
1904 4702 1982 4756 cf.
2017 4700 2232 4754 Echard
2259 4701 2325 4764 Il,
2353 4706 2457 4758 352
2487 4718 2558 4761 a:
2589 4700 2839 4768 Morgott
2865 4699 2975 4752 KL.
3001 4700 3037 4760 1,

416 4790 483 4827 er
510 4772 647 4837 will,
688 4773 788 4826 das
816 4771 935 4825 will
975 4774 1120 4826 auch
1147 4772 1257 4845 ich',
1301 4773 1417 4826 und
1442 4772 1535 4825 ich
1565 4771 1703 4824 weiss
1762 4775 2067 4832 1948-65;
2097 4772 2266 4826 Ehrle
2294 4772 2563 4826 Kat-holik
2593 4775 2728 4828 1875
2763 4772 2802 4830 1.
2822 4775 3035 4826 uss-24.

2623 4863 2716 4916 13·
