<?xml version="1.0" encoding="UTF-8"?>
<!DOCTYPE html PUBLIC "-//W3C//DTD XHTML 1.0 Transitional//EN"
    "http://www.w3.org/TR/xhtml1/DTD/xhtml1-transitional.dtd">
<html xmlns="http://www.w3.org/1999/xhtml" xml:lang="en" lang="en">
 <head>
  <title>
</title>
<meta http-equiv="Content-Type" content="text/html;charset=utf-8" />
  <meta name='ocr-system' content='tesseract 3.04.00' />
  <meta name='ocr-capabilities' content='ocr_page ocr_carea ocr_par ocr_line ocrx_word'/>
</head>
<body>
  <div class='ocr_page' id='page_1' title='image "./nomenclatorlite11hurtgoog_0445.png"; bbox 0 0 3625 5193; ppageno 0'>
   <div class='ocr_carea' id='block_1_1' title="bbox 452 291 582 346">
    <p class='ocr_par' dir='ltr' id='par_1_1' title="bbox 452 291 582 346">
     <span class='ocr_line' id='line_1_1' title="bbox 452 291 582 346; baseline 0 -1"><span class='ocrx_word' id='word_1_1' title='bbox 452 291 582 346; x_wconf 77' lang='lat'>873</span> 
     </span>
    </p>
   </div>
   <div class='ocr_carea' id='block_1_2' title="bbox 925 272 2619 346">
    <p class='ocr_par' dir='ltr' id='par_1_2' title="bbox 925 272 2619 346">
     <span class='ocr_line' id='line_1_2' title="bbox 925 272 2619 346; baseline 0.004 -22"><span class='ocrx_word' id='word_1_2' title='bbox 925 272 1195 337; x_wconf 84' lang='lat' dir='ltr'>Delvaux,</span> <span class='ocrx_word' id='word_1_3' title='bbox 1224 273 1489 341; x_wconf 81' lang='lat' dir='ltr'>Meneses,</span> <span class='ocrx_word' id='word_1_4' title='bbox 1520 276 1754 340; x_wconf 90' lang='lat' dir='ltr'>Vener0,</span> <span class='ocrx_word' id='word_1_5' title='bbox 1781 274 1959 346; x_wconf 88' lang='lat' dir='ltr'>Vega,</span> <span class='ocrx_word' id='word_1_6' title='bbox 1986 276 2250 341; x_wconf 87' lang='lat' dir='ltr'>Zeballos,</span> <span class='ocrx_word' id='word_1_7' title='bbox 2281 276 2488 330; x_wconf 85' lang='lat' dir='ltr'>Alcedo</span> <span class='ocrx_word' id='word_1_8' title='bbox 2515 278 2619 330; x_wconf 84' lang='lat' dir='ltr'>etc.</span> 
     </span>
    </p>
   </div>
   <div class='ocr_carea' id='block_1_3' title="bbox 2966 292 3087 347">
    <p class='ocr_par' dir='ltr' id='par_1_3' title="bbox 2966 292 3087 347">
     <span class='ocr_line' id='line_1_3' title="bbox 2966 292 3087 347; baseline -0.008 -1"><span class='ocrx_word' id='word_1_9' title='bbox 2966 292 3087 347; x_wconf 79' lang='lat'>874</span> 
     </span>
    </p>
   </div>
   <div class='ocr_carea' id='block_1_4' title="bbox 448 461 3093 719">
    <p class='ocr_par' dir='ltr' id='par_1_4' title="bbox 448 461 3093 719">
     <span class='ocr_line' id='line_1_4' title="bbox 456 461 3093 540; baseline -0 -18"><span class='ocrx_word' id='word_1_10' title='bbox 456 463 658 522; x_wconf 88' lang='lat' dir='ltr'>ficaria</span> <span class='ocrx_word' id='word_1_11' title='bbox 688 481 757 521; x_wconf 82' lang='lat' dir='ltr'>ex</span> <span class='ocrx_word' id='word_1_12' title='bbox 804 461 1172 521; x_wconf 79' lang='lat' dir='ltr'>concordatis</span> <span class='ocrx_word' id='word_1_13' title='bbox 1218 462 1473 522; x_wconf 88' lang='lat' dir='ltr'>nationis</span> <span class='ocrx_word' id='word_1_14' title='bbox 1518 483 1747 539; x_wconf 85' lang='lat' dir='ltr'>germa—</span> <span class='ocrx_word' id='word_1_15' title='bbox 1807 465 1912 539; x_wconf 88' lang='lat' dir='ltr'>qui</span> <span class='ocrx_word' id='word_1_16' title='bbox 1946 463 2311 540; x_wconf 89' lang='lat' dir='ltr'>approbandi</span> <span class='ocrx_word' id='word_1_17' title='bbox 2345 470 2487 522; x_wconf 89' lang='lat' dir='ltr'>sunt</span> <span class='ocrx_word' id='word_1_18' title='bbox 2519 463 2591 521; x_wconf 89' lang='lat' dir='ltr'>ad</span> <span class='ocrx_word' id='word_1_19' title='bbox 2622 462 3093 522; x_wconf 88' lang='lat' dir='ltr'>administranda</span> 
     </span>
     <span class='ocr_line' id='line_1_5' title="bbox 455 551 3090 627; baseline -0 -16"><span class='ocrx_word' id='word_1_20' title='bbox 455 553 623 611; x_wconf 89' lang='lat' dir='ltr'>nicae</span> <span class='ocrx_word' id='word_1_21' title='bbox 644 570 779 610; x_wconf 89' lang='lat' dir='ltr'>cum</span> <span class='ocrx_word' id='word_1_22' title='bbox 802 551 936 610; x_wconf 89' lang='lat' dir='ltr'>sede</span> <span class='ocrx_word' id='word_1_23' title='bbox 959 552 1282 627; x_wconf 88' lang='lat' dir='ltr'>apostolica</span> <span class='ocrx_word' id='word_1_24' title='bbox 1301 552 1470 610; x_wconf 90' lang='lat' dir='ltr'>initis</span> <span class='ocrx_word' id='word_1_25' title='bbox 1496 552 1751 613; x_wconf 89' lang='lat' dir='ltr'>deducta</span> <span class='ocrx_word' id='word_1_26' title='bbox 1806 557 2198 620; x_wconf 81' lang='lat' dir='ltr'>sacramenta,</span> <span class='ocrx_word' id='word_1_27' title='bbox 2251 552 2526 610; x_wconf 79' lang='lat' dir='ltr'><strong>Panormi</strong></span> <span class='ocrx_word' id='word_1_28' title='bbox 2583 560 2748 615; x_wconf 81' lang='grc'><strong>1627</strong></span> <span class='ocrx_word' id='word_1_29' title='bbox 2768 572 2781 619; x_wconf 75' lang='grc' dir='ltr'>ς</span> <span class='ocrx_word' id='word_1_30' title='bbox 2827 551 3090 610; x_wconf 82' lang='lat' dir='ltr'>Venetiis</span> 
     </span>
     <span class='ocr_line' id='line_1_6' title="bbox 448 639 3090 719; baseline -0.001 -19"><span class='ocrx_word' id='word_1_31' title='bbox 448 660 630 717; x_wconf 87' lang='lat' dir='ltr'>opera</span> <span class='ocrx_word' id='word_1_32' title='bbox 664 640 972 699; x_wconf 89' lang='lat' dir='ltr'>Laurentii</span> <span class='ocrx_word' id='word_1_33' title='bbox 1010 641 1379 700; x_wconf 87' lang='lat' dir='ltr'>Nicolarts</span> <span class='ocrx_word' id='word_1_34' title='bbox 1417 641 1748 719; x_wconf 79' lang='lat' dir='ltr'>theologiae</span> <span class='ocrx_word' id='word_1_35' title='bbox 1814 652 1999 704; x_wconf 88' lang='grc'><strong>1659.</strong></span> <span class='ocrx_word' id='word_1_36' title='bbox 2044 652 2224 711; x_wconf 92' lang='grc'><strong>1679,</strong></span> <span class='ocrx_word' id='word_1_37' title='bbox 2274 642 2336 699; x_wconf 89' lang='grc'>111</span> <span class='ocrx_word' id='word_1_38' title='bbox 2368 639 2527 716; x_wconf 89' lang='lat' dir='ltr'>quod</span> <span class='ocrx_word' id='word_1_39' title='bbox 2559 643 2856 717; x_wconf 76' lang='lat' dir='ltr'>congessit</span> <span class='ocrx_word' id='word_1_40' title='bbox 2895 642 3090 698; x_wconf 87' lang='lat' dir='ltr'>omnia</span> 
     </span>
    </p>
   </div>
   <div class='ocr_carea' id='block_1_5' title="bbox 445 729 1746 2476">
    <p class='ocr_par' dir='ltr' id='par_1_5' title="bbox 445 729 1746 2476">
     <span class='ocr_line' id='line_1_7' title="bbox 453 729 1744 809; baseline 0 -20"><span class='ocrx_word' id='word_1_41' title='bbox 453 730 714 789; x_wconf 86' lang='lat' dir='ltr'>doctoris</span> <span class='ocrx_word' id='word_1_42' title='bbox 747 735 807 787; x_wconf 87' lang='lat' dir='ltr'>et</span> <span class='ocrx_word' id='word_1_43' title='bbox 839 729 1184 805; x_wconf 67' lang='lat' dir='ltr'>collegiatae</span> <span class='ocrx_word' id='word_1_44' title='bbox 1207 748 1249 791; x_wconf 84' lang='lat' dir='ltr'>s,</span> <span class='ocrx_word' id='word_1_45' title='bbox 1267 729 1306 788; x_wconf 87' lang='lat' dir='ltr'><strong>J</strong></span> <span class='ocrx_word' id='word_1_46' title='bbox 1310 731 1516 789; x_wconf 89' lang='lat' dir='ltr'>oannis</span> <span class='ocrx_word' id='word_1_47' title='bbox 1538 750 1744 809; x_wconf 80' lang='lat' dir='ltr'>evang.</span> 
     </span>
     <span class='ocr_line' id='line_1_8' title="bbox 445 818 1742 896; baseline 0.007 -19"><span class='ocrx_word' id='word_1_48' title='bbox 445 818 611 896; x_wconf 88' lang='lat' dir='ltr'>apud</span> <span class='ocrx_word' id='word_1_49' title='bbox 631 819 918 877; x_wconf 87' lang='lat' dir='ltr'>Leodium</span> <span class='ocrx_word' id='word_1_50' title='bbox 940 818 1220 889; x_wconf 90' lang='lat' dir='ltr'>canonici,</span> <span class='ocrx_word' id='word_1_51' title='bbox 1243 819 1518 878; x_wconf 84' lang='lat' dir='ltr'>Coloniae</span> <span class='ocrx_word' id='word_1_52' title='bbox 1547 831 1742 892; x_wconf 85' lang='lat'>16303</span> 
     </span>
     <span class='ocr_line' id='line_1_9' title="bbox 466 907 1746 991; baseline -0.002 -21"><span class='ocrx_word' id='word_1_53' title='bbox 466 918 649 970; x_wconf 86' lang='lat'>1656.</span> <span class='ocrx_word' id='word_1_54' title='bbox 697 942 782 951; x_wconf 91' lang='lat'>—</span> <span class='ocrx_word' id='word_1_55' title='bbox 828 907 1094 965; x_wconf 86' lang='lat' dir='ltr'>Andreas</span> <span class='ocrx_word' id='word_1_56' title='bbox 1142 907 1540 967; x_wconf 88' lang='lat' dir='ltr'>Vallensis</span> <span class='ocrx_word' id='word_1_57' title='bbox 1584 907 1746 991; x_wconf 91' lang='lat' dir='ltr'>(Del-</span> 
     </span>
     <span class='ocr_line' id='line_1_10' title="bbox 458 993 1746 1078; baseline 0.002 -24"><span class='ocrx_word' id='word_1_58' title='bbox 458 993 637 1078; x_wconf 79' lang='lat' dir='ltr'>vaux)</span> <span class='ocrx_word' id='word_1_59' title='bbox 671 997 1046 1055; x_wconf 87' lang='lat' dir='ltr'>Andanensis</span> <span class='ocrx_word' id='word_1_60' title='bbox 1079 1016 1135 1054; x_wconf 89' lang='lat' dir='ltr'>n.</span> <span class='ocrx_word' id='word_1_61' title='bbox 1164 1007 1351 1066; x_wconf 83' lang='lat'>1569,</span> <span class='ocrx_word' id='word_1_62' title='bbox 1377 997 1622 1057; x_wconf 84' lang='lat' dir='ltr'>Lovanii</span> <span class='ocrx_word' id='word_1_63' title='bbox 1654 1017 1746 1057; x_wconf 90' lang='lat' dir='ltr'>ca-</span> 
     </span>
     <span class='ocr_line' id='line_1_11' title="bbox 453 1082 1744 1168; baseline 0.004 -23"><span class='ocrx_word' id='word_1_64' title='bbox 453 1105 681 1145; x_wconf 91' lang='lat' dir='ltr'>nonum</span> <span class='ocrx_word' id='word_1_65' title='bbox 744 1084 1041 1160; x_wconf 83' lang='lat' dir='ltr'>professor</span> <span class='ocrx_word' id='word_1_66' title='bbox 1100 1085 1433 1145; x_wconf 89' lang='lat' dir='ltr'>ordinarius</span> <span class='ocrx_word' id='word_1_67' title='bbox 1497 1082 1744 1168; x_wconf 83' lang='lat'>(1621),</span> 
     </span>
     <span class='ocr_line' id='line_1_12' title="bbox 449 1174 1744 1251; baseline 0.002 -19"><span class='ocrx_word' id='word_1_68' title='bbox 449 1175 644 1235; x_wconf 63' lang='lat' dir='ltr'>Zoesii</span> <span class='ocrx_word' id='word_1_69' title='bbox 679 1174 919 1251; x_wconf 88' lang='lat' dir='ltr'>collega,</span> <span class='ocrx_word' id='word_1_70' title='bbox 955 1174 1019 1231; x_wconf 89' lang='lat' dir='ltr'>in</span> <span class='ocrx_word' id='word_1_71' title='bbox 1054 1174 1315 1233; x_wconf 89' lang='lat' dir='ltr'>docendo</span> <span class='ocrx_word' id='word_1_72' title='bbox 1350 1176 1648 1244; x_wconf 75' lang='lat' dir='ltr'>assiduae,</span> <span class='ocrx_word' id='word_1_73' title='bbox 1683 1177 1744 1235; x_wconf 92' lang='lat' dir='ltr'>in</span> 
     </span>
     <span class='ocr_line' id='line_1_13' title="bbox 456 1263 1745 1338; baseline 0.002 -16"><span class='ocrx_word' id='word_1_74' title='bbox 456 1263 820 1322; x_wconf 88' lang='lat' dir='ltr'>consulendo</span> <span class='ocrx_word' id='word_1_75' title='bbox 870 1281 935 1321; x_wconf 88' lang='lat' dir='ltr'>ac</span> <span class='ocrx_word' id='word_1_76' title='bbox 968 1263 1293 1338; x_wconf 82' lang='lat' dir='ltr'>judicando</span> <span class='ocrx_word' id='word_1_77' title='bbox 1340 1267 1624 1334; x_wconf 73' lang='lat' dir='ltr'>sincerae,</span> <span class='ocrx_word' id='word_1_78' title='bbox 1672 1267 1745 1324; x_wconf 92' lang='lat' dir='ltr'>ab</span> 
     </span>
     <span class='ocr_line' id='line_1_14' title="bbox 452 1351 1744 1413; baseline 0.002 -2"><span class='ocrx_word' id='word_1_79' title='bbox 452 1353 638 1411; x_wconf 90' lang='lat' dir='ltr'>animi</span> <span class='ocrx_word' id='word_1_80' title='bbox 674 1351 927 1411; x_wconf 82' lang='lat' dir='ltr'>candore</span> <span class='ocrx_word' id='word_1_81' title='bbox 961 1354 1023 1410; x_wconf 82' lang='lat' dir='ltr'>et</span> <span class='ocrx_word' id='word_1_82' title='bbox 1052 1353 1342 1411; x_wconf 87' lang='lat' dir='ltr'>modestia</span> <span class='ocrx_word' id='word_1_83' title='bbox 1376 1355 1744 1413; x_wconf 88' lang='lat' dir='ltr'>commenda-</span> 
     </span>
     <span class='ocr_line' id='line_1_15' title="bbox 450 1437 1741 1522; baseline 0.002 -23"><span class='ocrx_word' id='word_1_84' title='bbox 450 1446 557 1499; x_wconf 86' lang='lat' dir='ltr'>tus</span> <span class='ocrx_word' id='word_1_85' title='bbox 593 1439 653 1521; x_wconf 83' lang='lat'>(†</span> <span class='ocrx_word' id='word_1_86' title='bbox 692 1451 791 1502; x_wconf 83' lang='grc'>26.</span> <span class='ocrx_word' id='word_1_87' title='bbox 812 1440 942 1499; x_wconf 89' lang='lat' dir='ltr'>Dec.</span> <span class='ocrx_word' id='word_1_88' title='bbox 975 1437 1185 1522; x_wconf 83' lang='grc'><strong>1636),</strong></span> <span class='ocrx_word' id='word_1_89' title='bbox 1220 1461 1367 1517; x_wconf 87' lang='lat' dir='ltr'>opus</span> <span class='ocrx_word' id='word_1_90' title='bbox 1400 1442 1585 1501; x_wconf 85' lang='lat' dir='ltr'>edidit.</span> <span class='ocrx_word' id='word_1_91' title='bbox 1606 1462 1741 1501; x_wconf 89' lang='lat' dir='ltr'>con·</span> 
     </span>
     <span class='ocr_line' id='line_1_16' title="bbox 456 1530 1744 1605; baseline 0.002 -17"><span class='ocrx_word' id='word_1_92' title='bbox 456 1531 719 1589; x_wconf 88' lang='lat' dir='ltr'>cinnum.</span> <span class='ocrx_word' id='word_1_93' title='bbox 768 1550 874 1605; x_wconf 86' lang='lat' dir='ltr'>pro</span> <span class='ocrx_word' id='word_1_94' title='bbox 908 1530 1106 1588; x_wconf 90' lang='lat' dir='ltr'>schola</span> <span class='ocrx_word' id='word_1_95' title='bbox 1153 1550 1218 1589; x_wconf 90' lang='lat' dir='ltr'>ac</span> <span class='ocrx_word' id='word_1_96' title='bbox 1261 1531 1384 1589; x_wconf 89' lang='lat' dir='ltr'>foro</span> <span class='ocrx_word' id='word_1_97' title='bbox 1430 1533 1600 1600; x_wconf 91' lang='lat' dir='ltr'>utile,</span> <span class='ocrx_word' id='word_1_98' title='bbox 1648 1533 1744 1590; x_wconf 89' lang='lat' dir='ltr'>cui</span> 
     </span>
     <span class='ocr_line' id='line_1_17' title="bbox 456 1618 1743 1696; baseline 0.004 -22"><span class='ocrx_word' id='word_1_99' title='bbox 456 1620 708 1677; x_wconf 85' lang='lat' dir='ltr'>titulus:</span> <span class='ocrx_word' id='word_1_100' title='bbox 745 1618 1033 1677; x_wconf 77' lang='lat' dir='ltr'>Paratitla</span> <span class='ocrx_word' id='word_1_101' title='bbox 1064 1622 1180 1678; x_wconf 85' lang='lat' dir='ltr'>sive</span> <span class='ocrx_word' id='word_1_102' title='bbox 1209 1623 1533 1679; x_wconf 80' lang='lat' dir='ltr'>summaria</span> <span class='ocrx_word' id='word_1_103' title='bbox 1565 1623 1743 1696; x_wconf 76' lang='lat' dir='ltr'>expli-</span> 
     </span>
     <span class='ocr_line' id='line_1_18' title="bbox 450 1706 1743 1786; baseline 0.005 -20"><span class='ocrx_word' id='word_1_104' title='bbox 450 1711 603 1766; x_wconf 78' lang='lat' dir='ltr'>catio</span> <span class='ocrx_word' id='word_1_105' title='bbox 634 1706 1001 1766; x_wconf 72' lang='lat' dir='ltr'>decretalium</span> <span class='ocrx_word' id='word_1_106' title='bbox 1042 1710 1104 1766; x_wconf 90' lang='lat' dir='ltr'>D.</span> <span class='ocrx_word' id='word_1_107' title='bbox 1140 1709 1407 1785; x_wconf 84' lang='lat' dir='ltr'>Gregorii</span> <span class='ocrx_word' id='word_1_108' title='bbox 1432 1710 1626 1786; x_wconf 87' lang='lat' dir='ltr'>Papae</span> <span class='ocrx_word' id='word_1_109' title='bbox 1646 1710 1743 1772; x_wconf 86' lang='lat' dir='ltr'>IX.</span> 
     </span>
     <span class='ocr_line' id='line_1_19' title="bbox 446 1797 1740 1866; baseline 0.003 -13"><span class='ocrx_word' id='word_1_110' title='bbox 446 1797 703 1854; x_wconf 78' lang='lat' dir='ltr'>decretis</span> <span class='ocrx_word' id='word_1_111' title='bbox 739 1815 898 1855; x_wconf 90' lang='lat' dir='ltr'>conc.</span> <span class='ocrx_word' id='word_1_112' title='bbox 945 1797 1257 1855; x_wconf 72' lang='lat' dir='ltr'>tridentini</span> <span class='ocrx_word' id='word_1_113' title='bbox 1290 1799 1740 1866; x_wconf 83' lang='lat' dir='ltr'>accommodata,</span> 
     </span>
     <span class='ocr_line' id='line_1_20' title="bbox 453 1886 1740 1956; baseline 0.002 -14"><span class='ocrx_word' id='word_1_114' title='bbox 453 1886 695 1943; x_wconf 81' lang='lat' dir='ltr'>Lovanii</span> <span class='ocrx_word' id='word_1_115' title='bbox 742 1895 938 1954; x_wconf 82' lang='grc'><strong>1628;</strong></span> <span class='ocrx_word' id='word_1_116' title='bbox 980 1895 1187 1956; x_wconf 86' lang='grc'><strong>1632;</strong></span> <span class='ocrx_word' id='word_1_117' title='bbox 1226 1888 1490 1949; x_wconf 88' lang='grc'><strong>1640111</strong></span> <span class='ocrx_word' id='word_1_118' title='bbox 1525 1898 1594 1956; x_wconf 86' lang='grc'>4;</span> <span class='ocrx_word' id='word_1_119' title='bbox 1635 1888 1740 1946; x_wconf 84' lang='lat' dir='ltr'>Co-</span> 
     </span>
     <span class='ocr_line' id='line_1_21' title="bbox 454 1974 1741 2050; baseline 0.002 -18"><span class='ocrx_word' id='word_1_120' title='bbox 454 1974 648 2032; x_wconf 88' lang='lat' dir='ltr'>loniae</span> <span class='ocrx_word' id='word_1_121' title='bbox 703 1983 902 2043; x_wconf 83' lang='grc'><strong>1651;</strong></span> <span class='ocrx_word' id='word_1_122' title='bbox 964 1985 1126 2036; x_wconf 89' lang='grc'><strong>1670</strong></span> <span class='ocrx_word' id='word_1_123' title='bbox 1176 1980 1237 2034; x_wconf 86' lang='lat' dir='ltr'>et</span> <span class='ocrx_word' id='word_1_124' title='bbox 1284 1976 1523 2050; x_wconf 89' lang='lat' dir='ltr'>saepius</span> <span class='ocrx_word' id='word_1_125' title='bbox 1569 1976 1741 2046; x_wconf 88' lang='lat' dir='ltr'>alibi;</span> 
     </span>
     <span class='ocr_line' id='line_1_22' title="bbox 448 2063 1744 2140; baseline 0.002 -19"><span class='ocrx_word' id='word_1_126' title='bbox 448 2063 679 2137; x_wconf 80' lang='lat' dir='ltr'>optima</span> <span class='ocrx_word' id='word_1_127' title='bbox 702 2063 883 2121; x_wconf 86' lang='lat' dir='ltr'>editio</span> <span class='ocrx_word' id='word_1_128' title='bbox 915 2067 1186 2121; x_wconf 89' lang='lat' dir='ltr'>censetur</span> <span class='ocrx_word' id='word_1_129' title='bbox 1203 2084 1251 2121; x_wconf 91' lang='lat' dir='ltr'>a.</span> <span class='ocrx_word' id='word_1_130' title='bbox 1283 2073 1463 2127; x_wconf 85' lang='lat'>1739.</span> <span class='ocrx_word' id='word_1_131' title='bbox 1498 2065 1744 2140; x_wconf 77' lang='lat' dir='ltr'>Scripsit</span> 
     </span>
     <span class='ocr_line' id='line_1_23' title="bbox 450 2152 1740 2226; baseline 0.002 -18"><span class='ocrx_word' id='word_1_132' title='bbox 450 2171 691 2226; x_wconf 86' lang='lat' dir='ltr'>quoque</span> <span class='ocrx_word' id='word_1_133' title='bbox 726 2152 797 2210; x_wconf 90' lang='lat' dir='ltr'>de</span> <span class='ocrx_word' id='word_1_134' title='bbox 845 2152 1122 2225; x_wconf 80' lang='lat' dir='ltr'>beneficiis</span> <span class='ocrx_word' id='word_1_135' title='bbox 1165 2155 1555 2211; x_wconf 77' lang='lat' dir='ltr'>ecclesiasticis</span> <span class='ocrx_word' id='word_1_136' title='bbox 1584 2155 1643 2212; x_wconf 86' lang='lat' dir='ltr'>ll.</span> <span class='ocrx_word' id='word_1_137' title='bbox 1684 2157 1740 2222; x_wconf 81' lang='lat'>4,</span> 
     </span>
     <span class='ocr_line' id='line_1_24' title="bbox 457 2241 1740 2318; baseline 0.002 -21"><span class='ocrx_word' id='word_1_138' title='bbox 457 2241 759 2298; x_wconf 81' lang='lat' dir='ltr'>Mechlinii</span> <span class='ocrx_word' id='word_1_139' title='bbox 787 2251 948 2303; x_wconf 81' lang='lat'>1646</span> <span class='ocrx_word' id='word_1_140' title='bbox 984 2242 1047 2299; x_wconf 90' lang='grc'>111</span> <span class='ocrx_word' id='word_1_141' title='bbox 1077 2252 1132 2310; x_wconf 87' lang='grc'><strong>4,</strong></span> <span class='ocrx_word' id='word_1_142' title='bbox 1169 2260 1318 2316; x_wconf 90' lang='lat' dir='ltr'>opus</span> <span class='ocrx_word' id='word_1_143' title='bbox 1352 2244 1740 2318; x_wconf 88' lang='lat' dir='ltr'>posthumum</span> 
     </span>
     <span class='ocr_line' id='line_1_25' title="bbox 446 2329 1738 2406; baseline 0 -18"><span class='ocrx_word' id='word_1_144' title='bbox 446 2329 679 2388; x_wconf 88' lang='lat' dir='ltr'>editum</span> <span class='ocrx_word' id='word_1_145' title='bbox 732 2349 767 2388; x_wconf 94' lang='lat' dir='ltr'>a</span> <span class='ocrx_word' id='word_1_146' title='bbox 816 2349 923 2387; x_wconf 89' lang='lat' dir='ltr'>suo</span> <span class='ocrx_word' id='word_1_147' title='bbox 977 2333 1227 2406; x_wconf 90' lang='lat' dir='ltr'>cognato</span> <span class='ocrx_word' id='word_1_148' title='bbox 1276 2331 1508 2389; x_wconf 85' lang='lat' dir='ltr'>Andrea</span> <span class='ocrx_word' id='word_1_149' title='bbox 1552 2332 1738 2391; x_wconf 86' lang='lat' dir='ltr'>Del·</span> 
     </span>
     <span class='ocr_line' id='line_1_26' title="bbox 451 2437 662 2476; baseline -0.009 0"><span class='ocrx_word' id='word_1_150' title='bbox 451 2437 662 2476; x_wconf 58' lang='lat' dir='ltr'>vaux</span> 
     </span>
    </p>
   </div>
   <div class='ocr_carea' id='block_1_6' title="bbox 444 2598 1739 2924">
    <p class='ocr_par' dir='ltr' id='par_1_6' title="bbox 444 2598 1739 2924">
     <span class='ocr_line' id='line_1_27' title="bbox 544 2598 1738 2672; baseline 0.002 -17"><span class='ocrx_word' id='word_1_151' title='bbox 544 2607 687 2661; x_wconf 82' lang='grc'><strong>367.</strong></span> <span class='ocrx_word' id='word_1_152' title='bbox 735 2598 805 2655; x_wconf 92' lang='grc' dir='ltr'>Ι11</span> <span class='ocrx_word' id='word_1_153' title='bbox 840 2599 1137 2672; x_wconf 78' lang='lat' dir='ltr'>Hispania</span> <span class='ocrx_word' id='word_1_154' title='bbox 1183 2599 1254 2656; x_wconf 90' lang='lat' dir='ltr'>de</span> <span class='ocrx_word' id='word_1_155' title='bbox 1280 2600 1417 2671; x_wconf 89' lang='lat' dir='ltr'>jure</span> <span class='ocrx_word' id='word_1_156' title='bbox 1464 2599 1738 2657; x_wconf 88' lang='lat' dir='ltr'>canonico</span> 
     </span>
     <span class='ocr_line' id='line_1_28' title="bbox 450 2686 1739 2760; baseline 0.001 -15"><span class='ocrx_word' id='word_1_157' title='bbox 450 2686 853 2760; x_wconf 84' lang='lat' dir='ltr'>scripserunt:</span> <span class='ocrx_word' id='word_1_158' title='bbox 907 2688 1225 2745; x_wconf 88' lang='lat' dir='ltr'>Rodericus</span> <span class='ocrx_word' id='word_1_159' title='bbox 1272 2689 1342 2746; x_wconf 88' lang='lat' dir='ltr'>de</span> <span class='ocrx_word' id='word_1_160' title='bbox 1388 2687 1684 2757; x_wconf 82' lang='lat' dir='ltr'>Quesad</span> <span class='ocrx_word' id='word_1_161' title='bbox 1705 2708 1739 2746; x_wconf 88' lang='lat' dir='ltr'>a</span> 
     </span>
     <span class='ocr_line' id='line_1_29' title="bbox 451 2775 1739 2852; baseline 0.002 -20"><span class='ocrx_word' id='word_1_162' title='bbox 451 2780 512 2832; x_wconf 89' lang='lat' dir='ltr'>et</span> <span class='ocrx_word' id='word_1_163' title='bbox 545 2775 810 2832; x_wconf 81' lang='lat' dir='ltr'>Molina</span> <span class='ocrx_word' id='word_1_164' title='bbox 832 2777 988 2850; x_wconf 85' lang='lat' dir='ltr'>juris</span> <span class='ocrx_word' id='word_1_165' title='bbox 1020 2777 1338 2851; x_wconf 88' lang='lat' dir='ltr'>utriusque</span> <span class='ocrx_word' id='word_1_166' title='bbox 1370 2778 1592 2845; x_wconf 86' lang='lat' dir='ltr'>doctor,</span> <span class='ocrx_word' id='word_1_167' title='bbox 1635 2778 1739 2852; x_wconf 87' lang='lat' dir='ltr'>qui</span> 
     </span>
     <span class='ocr_line' id='line_1_30' title="bbox 444 2864 1735 2924; baseline 0.002 -4"><span class='ocrx_word' id='word_1_168' title='bbox 444 2864 638 2921; x_wconf 78' lang='lat' dir='ltr'>edidit·</span> <span class='ocrx_word' id='word_1_169' title='bbox 670 2872 834 2921; x_wconf 74' lang='lat' dir='ltr'>notas</span> <span class='ocrx_word' id='word_1_170' title='bbox 878 2884 981 2924; x_wconf 87' lang='lat' dir='ltr'>seu</span> <span class='ocrx_word' id='word_1_171' title='bbox 1016 2865 1239 2923; x_wconf 89' lang='lat' dir='ltr'>indices</span> <span class='ocrx_word' id='word_1_172' title='bbox 1284 2866 1490 2924; x_wconf 86' lang='lat' dir='ltr'>breves</span> <span class='ocrx_word' id='word_1_173' title='bbox 1539 2866 1610 2923; x_wconf 80' lang='lat' dir='ltr'>ad</span> <span class='ocrx_word' id='word_1_174' title='bbox 1644 2885 1735 2923; x_wconf 91' lang='lat' dir='ltr'>re-</span> 
     </span>
    </p>
   </div>
   <div class='ocr_carea' id='block_1_7' title="bbox 1795 729 3089 2941">
    <p class='ocr_par' dir='ltr' id='par_1_7' title="bbox 1795 729 3089 2941">
     <span class='ocr_line' id='line_1_31' title="bbox 1804 729 3089 807; baseline -0.001 -19"><span class='ocrx_word' id='word_1_175' title='bbox 1804 750 1874 789; x_wconf 82' lang='lat' dir='ltr'>ex</span> <span class='ocrx_word' id='word_1_176' title='bbox 1900 732 2037 807; x_wconf 88' lang='lat' dir='ltr'>jure</span> <span class='ocrx_word' id='word_1_177' title='bbox 2069 731 2364 800; x_wconf 81' lang='lat' dir='ltr'>canonice,</span> <span class='ocrx_word' id='word_1_178' title='bbox 2399 749 2551 806; x_wconf 89' lang='lat' dir='ltr'>quae</span> <span class='ocrx_word' id='word_1_179' title='bbox 2576 729 2915 805; x_wconf 87' lang='lat' dir='ltr'>episcopum</span> <span class='ocrx_word' id='word_1_180' title='bbox 2940 730 3089 788; x_wconf 88' lang='lat' dir='ltr'>scire</span> 
     </span>
     <span class='ocr_line' id='line_1_32' title="bbox 1805 819 3087 895; baseline 0 -18"><span class='ocrx_word' id='word_1_181' title='bbox 1805 823 2058 895; x_wconf 79' lang='lat' dir='ltr'>oportet.</span> <span class='ocrx_word' id='word_1_182' title='bbox 2093 853 2176 863; x_wconf 86' lang='lat'>-—-</span> <span class='ocrx_word' id='word_1_183' title='bbox 2198 819 2533 878; x_wconf 87' lang='lat' dir='ltr'>Felicianus</span> <span class='ocrx_word' id='word_1_184' title='bbox 2566 819 2638 877; x_wconf 91' lang='lat' dir='ltr'>de</span> <span class='ocrx_word' id='word_1_185' title='bbox 2671 819 2876 895; x_wconf 90' lang='lat' dir='ltr'>Vega</span> <span class='ocrx_word' id='word_1_186' title='bbox 2905 819 3087 877; x_wconf 88' lang='lat' dir='ltr'>Peru-</span> 
     </span>
     <span class='ocr_line' id='line_1_33' title="bbox 1807 908 3085 983; baseline -0.002 -16"><span class='ocrx_word' id='word_1_187' title='bbox 1807 927 1976 979; x_wconf 84' lang='lat' dir='ltr'>anuS,</span> <span class='ocrx_word' id='word_1_188' title='bbox 2022 910 2177 983; x_wconf 88' lang='lat' dir='ltr'>juris</span> <span class='ocrx_word' id='word_1_189' title='bbox 2221 908 2483 967; x_wconf 88' lang='lat' dir='ltr'>canonici</span> <span class='ocrx_word' id='word_1_190' title='bbox 2527 908 2728 966; x_wconf 86' lang='lat' dir='ltr'>Limae</span> <span class='ocrx_word' id='word_1_191' title='bbox 2775 909 3085 982; x_wconf 81' lang='lat' dir='ltr'>professor,</span> 
     </span>
     <span class='ocr_line' id='line_1_34' title="bbox 1803 997 3088 1075; baseline -0.002 -19"><span class='ocrx_word' id='word_1_192' title='bbox 1803 998 2152 1075; x_wconf 89' lang='lat' dir='ltr'>proregibus</span> <span class='ocrx_word' id='word_1_193' title='bbox 2197 1015 2472 1068; x_wconf 86' lang='lat' dir='ltr'>assessor,</span> <span class='ocrx_word' id='word_1_194' title='bbox 2523 997 3088 1072; x_wconf 89' lang='lat' dir='ltr'>archiepiscoporum</span> 
     </span>
     <span class='ocr_line' id='line_1_35' title="bbox 1803 1085 3086 1163; baseline -0.001 -19"><span class='ocrx_word' id='word_1_195' title='bbox 1803 1087 2054 1145; x_wconf 88' lang='lat' dir='ltr'>duorum</span> <span class='ocrx_word' id='word_1_196' title='bbox 2089 1086 2344 1145; x_wconf 80' lang='lat' dir='ltr'>vicarius</span> <span class='ocrx_word' id='word_1_197' title='bbox 2376 1085 2689 1163; x_wconf 83' lang='lat' dir='ltr'>generalis,</span> <span class='ocrx_word' id='word_1_198' title='bbox 2735 1086 2910 1160; x_wconf 85' lang='lat' dir='ltr'>judex</span> <span class='ocrx_word' id='word_1_199' title='bbox 2944 1086 3086 1143; x_wconf 88' lang='lat' dir='ltr'>adeo</span> 
     </span>
     <span class='ocr_line' id='line_1_36' title="bbox 1802 1174 3086 1253; baseline -0.002 -19"><span class='ocrx_word' id='word_1_200' title='bbox 1802 1177 2051 1253; x_wconf 87' lang='lat' dir='ltr'>integer,</span> <span class='ocrx_word' id='word_1_201' title='bbox 2087 1179 2158 1234; x_wconf 88' lang='lat' dir='ltr'>ut</span> <span class='ocrx_word' id='word_1_202' title='bbox 2179 1195 2247 1234; x_wconf 83' lang='lat' dir='ltr'>ex</span> <span class='ocrx_word' id='word_1_203' title='bbox 2277 1181 2535 1250; x_wconf 88' lang='lat' dir='ltr'>quatuor</span> <span class='ocrx_word' id='word_1_204' title='bbox 2553 1174 2818 1232; x_wconf 88' lang='lat' dir='ltr'>millibus</span> <span class='ocrx_word' id='word_1_205' title='bbox 2848 1179 3086 1232; x_wconf 83' lang='lat' dir='ltr'>senten-</span> 
     </span>
     <span class='ocr_line' id='line_1_37' title="bbox 1801 1265 3085 1341; baseline -0.001 -19"><span class='ocrx_word' id='word_1_206' title='bbox 1801 1265 1902 1323; x_wconf 89' lang='lat' dir='ltr'>tiis</span> <span class='ocrx_word' id='word_1_207' title='bbox 1935 1283 2083 1340; x_wconf 90' lang='lat' dir='ltr'>quas</span> <span class='ocrx_word' id='word_1_208' title='bbox 2114 1265 2384 1341; x_wconf 88' lang='lat' dir='ltr'>protulit,</span> <span class='ocrx_word' id='word_1_209' title='bbox 2419 1265 2590 1322; x_wconf 89' lang='lat' dir='ltr'>nulla</span> <span class='ocrx_word' id='word_1_210' title='bbox 2619 1282 2884 1338; x_wconf 89' lang='lat' dir='ltr'>unquam</span> <span class='ocrx_word' id='word_1_211' title='bbox 2919 1283 2953 1321; x_wconf 88' lang='lat' dir='ltr'>a</span> <span class='ocrx_word' id='word_1_212' title='bbox 2985 1281 3085 1321; x_wconf 91' lang='lat' dir='ltr'>su-</span> 
     </span>
     <span class='ocr_line' id='line_1_38' title="bbox 1802 1354 3085 1430; baseline -0.002 -18"><span class='ocrx_word' id='word_1_213' title='bbox 1802 1354 2031 1429; x_wconf 87' lang='lat' dir='ltr'>periore</span> <span class='ocrx_word' id='word_1_214' title='bbox 2053 1355 2256 1430; x_wconf 86' lang='lat' dir='ltr'>judice</span> <span class='ocrx_word' id='word_1_215' title='bbox 2302 1354 2484 1411; x_wconf 82' lang='lat' dir='ltr'>suerit</span> <span class='ocrx_word' id='word_1_216' title='bbox 2516 1356 2800 1420; x_wconf 83' lang='lat' dir='ltr'>revocata,</span> <span class='ocrx_word' id='word_1_217' title='bbox 2848 1354 3085 1428; x_wconf 88' lang='lat' dir='ltr'>popaje-</span> 
     </span>
     <span class='ocr_line' id='line_1_39' title="bbox 1802 1440 3084 1524; baseline -0.002 -23"><span class='ocrx_word' id='word_1_218' title='bbox 1802 1443 2000 1501; x_wconf 87' lang='lat' dir='ltr'>nensis</span> <span class='ocrx_word' id='word_1_219' title='bbox 2034 1440 2283 1524; x_wconf 88' lang='lat'>(1631),</span> <span class='ocrx_word' id='word_1_220' title='bbox 2329 1442 2467 1500; x_wconf 87' lang='lat' dir='ltr'>inde</span> <span class='ocrx_word' id='word_1_221' title='bbox 2514 1441 2797 1518; x_wconf 84' lang='lat' dir='ltr'>pacensis,</span> <span class='ocrx_word' id='word_1_222' title='bbox 2850 1441 3084 1499; x_wconf 85' lang='lat' dir='ltr'>demum</span> 
     </span>
     <span class='ocr_line' id='line_1_40' title="bbox 1811 1530 3085 1605; baseline -0.005 -13"><span class='ocrx_word' id='word_1_223' title='bbox 1811 1542 1974 1594; x_wconf 87' lang='lat'>1639</span> <span class='ocrx_word' id='word_1_224' title='bbox 2009 1533 2346 1590; x_wconf 80' lang='lat' dir='ltr'>nominat-us</span> <span class='ocrx_word' id='word_1_225' title='bbox 2392 1530 2864 1605; x_wconf 81' lang='lat' dir='ltr'>archiepiscopus</span> <span class='ocrx_word' id='word_1_226' title='bbox 2904 1530 3085 1587; x_wconf 82' lang='lat' dir='ltr'>mexi-</span> 
     </span>
     <span class='ocr_line' id='line_1_41' title="bbox 1801 1616 3086 1703; baseline -0.004 -24"><span class='ocrx_word' id='word_1_227' title='bbox 1801 1640 1985 1679; x_wconf 90' lang='lat' dir='ltr'>canus</span> <span class='ocrx_word' id='word_1_228' title='bbox 2035 1619 2095 1703; x_wconf 91' lang='lat'>(†</span> <span class='ocrx_word' id='word_1_229' title='bbox 2150 1616 2361 1700; x_wconf 83' lang='lat'>1640),</span> <span class='ocrx_word' id='word_1_230' title='bbox 2413 1619 2658 1694; x_wconf 89' lang='lat' dir='ltr'>reliquit</span> <span class='ocrx_word' id='word_1_231' title='bbox 2703 1620 3086 1677; x_wconf 75' lang='lat' dir='ltr'>Relectionum</span> 
     </span>
     <span class='ocr_line' id='line_1_42' title="bbox 1800 1708 3082 1771; baseline -0.002 -4"><span class='ocrx_word' id='word_1_232' title='bbox 1800 1713 2210 1768; x_wconf 81' lang='lat' dir='ltr'>canonicarum</span> <span class='ocrx_word' id='word_1_233' title='bbox 2245 1710 2305 1767; x_wconf 88' lang='lat' dir='ltr'>in</span> <span class='ocrx_word' id='word_1_234' title='bbox 2335 1719 2387 1771; x_wconf 87' lang='grc'>2.</span> <span class='ocrx_word' id='word_1_235' title='bbox 2423 1709 2572 1766; x_wconf 89' lang='lat' dir='ltr'>decr.</span> <span class='ocrx_word' id='word_1_236' title='bbox 2606 1708 2642 1770; x_wconf 89' lang='lat' dir='ltr'>l.</span> <span class='ocrx_word' id='word_1_237' title='bbox 2675 1712 2716 1765; x_wconf 89' lang='lat' dir='ltr'>t.</span> <span class='ocrx_word' id='word_1_238' title='bbox 2759 1718 2808 1768; x_wconf 93' lang='grc'>1.</span> <span class='ocrx_word' id='word_1_239' title='bbox 2831 1708 2902 1764; x_wconf 84' lang='lat' dir='ltr'>ad</span> <span class='ocrx_word' id='word_1_240' title='bbox 2934 1708 3082 1764; x_wconf 89' lang='lat' dir='ltr'>titu-</span> 
     </span>
     <span class='ocr_line' id='line_1_43' title="bbox 1801 1797 3084 1874; baseline -0.004 -17"><span class='ocrx_word' id='word_1_241' title='bbox 1801 1800 1890 1857; x_wconf 87' lang='lat' dir='ltr'>los</span> <span class='ocrx_word' id='word_1_242' title='bbox 1925 1799 1995 1857; x_wconf 88' lang='lat' dir='ltr'>de</span> <span class='ocrx_word' id='word_1_243' title='bbox 2020 1799 2265 1874; x_wconf 88' lang='lat' dir='ltr'>judiciis</span> <span class='ocrx_word' id='word_1_244' title='bbox 2308 1802 2368 1856; x_wconf 88' lang='lat' dir='ltr'>et</span> <span class='ocrx_word' id='word_1_245' title='bbox 2397 1799 2524 1856; x_wconf 88' lang='lat' dir='ltr'>foro</span> <span class='ocrx_word' id='word_1_246' title='bbox 2565 1797 2938 1871; x_wconf 80' lang='lat' dir='ltr'>competenti,</span> <span class='ocrx_word' id='word_1_247' title='bbox 2986 1797 3084 1853; x_wconf 83' lang='lat' dir='ltr'>Li-</span> 
     </span>
     <span class='ocr_line' id='line_1_44' title="bbox 1800 1885 3084 1961; baseline -0.002 -16"><span class='ocrx_word' id='word_1_248' title='bbox 1800 1907 1927 1945; x_wconf 85' lang='lat' dir='ltr'>mae</span> <span class='ocrx_word' id='word_1_249' title='bbox 1970 1898 2131 1950; x_wconf 90' lang='lat'>1633</span> <span class='ocrx_word' id='word_1_250' title='bbox 2166 1888 2228 1945; x_wconf 92' lang='lat' dir='ltr'>in</span> <span class='ocrx_word' id='word_1_251' title='bbox 2262 1886 2300 1944; x_wconf 68' lang='lat' dir='ltr'>f.</span> <span class='ocrx_word' id='word_1_252' title='bbox 2325 1921 2412 1931; x_wconf 92' lang='grc'><strong>-</strong></span> <span class='ocrx_word' id='word_1_253' title='bbox 2441 1887 2843 1961; x_wconf 88' lang='lat' dir='ltr'>Hieronymus</span> <span class='ocrx_word' id='word_1_254' title='bbox 2876 1885 2947 1943; x_wconf 90' lang='lat' dir='ltr'>de</span> <span class='ocrx_word' id='word_1_255' title='bbox 2980 1885 3084 1942; x_wconf 87' lang='lat' dir='ltr'>Ze-</span> 
     </span>
     <span class='ocr_line' id='line_1_45' title="bbox 1797 1971 3083 2053; baseline -0.002 -19"><span class='ocrx_word' id='word_1_256' title='bbox 1797 1977 2011 2034; x_wconf 90' lang='lat' dir='ltr'>ballo</span> <span class='ocrx_word' id='word_1_257' title='bbox 2029 1994 2055 2034; x_wconf 89' lang='lat' dir='ltr'>s</span> <span class='ocrx_word' id='word_1_258' title='bbox 2090 1977 2431 2053; x_wconf 77' lang='lat' dir='ltr'>(Caevanos,</span> <span class='ocrx_word' id='word_1_259' title='bbox 2460 1971 2746 2053; x_wconf 83' lang='lat' dir='ltr'>Cevallos)</span> <span class='ocrx_word' id='word_1_260' title='bbox 2770 1975 3083 2032; x_wconf 89' lang='lat' dir='ltr'>Escalonae</span> 
     </span>
     <span class='ocr_line' id='line_1_46' title="bbox 1808 2064 3083 2138; baseline -0.007 -10"><span class='ocrx_word' id='word_1_261' title='bbox 1808 2075 1972 2128; x_wconf 85' lang='grc'><strong>1560</strong></span> <span class='ocrx_word' id='word_1_262' title='bbox 2008 2071 2192 2132; x_wconf 88' lang='lat' dir='ltr'>ortus,</span> <span class='ocrx_word' id='word_1_263' title='bbox 2227 2065 2546 2123; x_wconf 82' lang='lat' dir='ltr'>advocatus</span> <span class='ocrx_word' id='word_1_264' title='bbox 2581 2064 2769 2121; x_wconf 83' lang='lat' dir='ltr'>edidit</span> <span class='ocrx_word' id='word_1_265' title='bbox 2795 2064 3083 2138; x_wconf 81' lang='lat' dir='ltr'>speculum</span> 
     </span>
     <span class='ocr_line' id='line_1_47' title="bbox 1798 2152 3083 2228; baseline -0.003 -16"><span class='ocrx_word' id='word_1_266' title='bbox 1798 2173 2040 2212; x_wconf 79' lang='lat' dir='ltr'>aureum</span> <span class='ocrx_word' id='word_1_267' title='bbox 2073 2152 2420 2228; x_wconf 88' lang='lat' dir='ltr'>opinionum</span> <span class='ocrx_word' id='word_1_268' title='bbox 2445 2153 2845 2210; x_wconf 89' lang='lat' dir='ltr'>communium</span> <span class='ocrx_word' id='word_1_269' title='bbox 2881 2156 3083 2209; x_wconf 88' lang='lat' dir='ltr'>contra</span> 
     </span>
     <span class='ocr_line' id='line_1_48' title="bbox 1797 2241 3082 2315; baseline -0.003 -15"><span class='ocrx_word' id='word_1_270' title='bbox 1797 2261 2136 2301; x_wconf 89' lang='lat' dir='ltr'>communes</span> <span class='ocrx_word' id='word_1_271' title='bbox 2170 2243 2228 2299; x_wconf 89' lang='lat'>11.</span> <span class='ocrx_word' id='word_1_272' title='bbox 2264 2241 2359 2310; x_wconf 91' lang='lat' dir='ltr'>IV,</span> <span class='ocrx_word' id='word_1_273' title='bbox 2408 2241 2780 2315; x_wconf 84' lang='lat' dir='ltr'>Antwerpiae</span> <span class='ocrx_word' id='word_1_274' title='bbox 2821 2248 2983 2302; x_wconf 88' lang='grc'><strong>1623</strong></span> <span class='ocrx_word' id='word_1_275' title='bbox 3021 2241 3082 2297; x_wconf 88' lang='grc'>111</span> 
     </span>
     <span class='ocr_line' id='line_1_49' title="bbox 1796 2330 3083 2403; baseline -0.001 -16"><span class='ocrx_word' id='word_1_276' title='bbox 1796 2332 1865 2400; x_wconf 75' lang='lat'>†.;</span> <span class='ocrx_word' id='word_1_277' title='bbox 1899 2331 2171 2390; x_wconf 84' lang='lat' dir='ltr'>Coloniae</span> <span class='ocrx_word' id='word_1_278' title='bbox 2203 2340 2398 2396; x_wconf 86' lang='grc'><strong>1664;</strong></span> <span class='ocrx_word' id='word_1_279' title='bbox 2431 2333 2504 2387; x_wconf 85' lang='lat' dir='ltr'>tr.</span> <span class='ocrx_word' id='word_1_280' title='bbox 2538 2330 2607 2386; x_wconf 79' lang='lat' dir='ltr'>de</span> <span class='ocrx_word' id='word_1_281' title='bbox 2637 2331 2949 2403; x_wconf 74' lang='lat' dir='ltr'>coynitione</span> <span class='ocrx_word' id='word_1_282' title='bbox 2977 2348 3083 2403; x_wconf 80' lang='lat' dir='ltr'>per</span> 
     </span>
     <span class='ocr_line' id='line_1_50' title="bbox 1796 2418 3080 2478; baseline -0.002 -1"><span class='ocrx_word' id='word_1_283' title='bbox 1796 2423 1951 2478; x_wconf 84' lang='lat' dir='ltr'>viam</span> <span class='ocrx_word' id='word_1_284' title='bbox 1995 2422 2290 2478; x_wconf 79' lang='lat' dir='ltr'>violentiae</span> <span class='ocrx_word' id='word_1_285' title='bbox 2333 2419 2396 2476; x_wconf 91' lang='lat' dir='ltr'>in</span> <span class='ocrx_word' id='word_1_286' title='bbox 2430 2419 2623 2477; x_wconf 87' lang='lat' dir='ltr'>causis</span> <span class='ocrx_word' id='word_1_287' title='bbox 2674 2418 3080 2476; x_wconf 77' lang='lat' dir='ltr'>ecclesiast-icis</span> 
     </span>
     <span class='ocr_line' id='line_1_51' title="bbox 1796 2507 3080 2584; baseline -0.002 -18"><span class='ocrx_word' id='word_1_288' title='bbox 1796 2513 1857 2567; x_wconf 86' lang='lat' dir='ltr'>et</span> <span class='ocrx_word' id='word_1_289' title='bbox 1907 2509 2066 2566; x_wconf 89' lang='lat' dir='ltr'>inter</span> <span class='ocrx_word' id='word_1_290' title='bbox 2115 2527 2394 2584; x_wconf 88' lang='lat' dir='ltr'>personas</span> <span class='ocrx_word' id='word_1_291' title='bbox 2439 2507 2892 2574; x_wconf 83' lang='lat' dir='ltr'>ecclesiasticas,</span> <span class='ocrx_word' id='word_1_292' title='bbox 2958 2508 3080 2564; x_wconf 64' lang='lat' dir='ltr'>Sal-</span> 
     </span>
     <span class='ocr_line' id='line_1_52' title="bbox 1796 2598 3080 2672; baseline -0.001 -16"><span class='ocrx_word' id='word_1_293' title='bbox 1796 2599 2089 2658; x_wconf 83' lang='lat' dir='ltr'>manticae</span> <span class='ocrx_word' id='word_1_294' title='bbox 2128 2608 2326 2667; x_wconf 89' lang='lat'>1613;</span> <span class='ocrx_word' id='word_1_295' title='bbox 2377 2598 2753 2672; x_wconf 86' lang='lat' dir='ltr'>Antwerpiae</span> <span class='ocrx_word' id='word_1_296' title='bbox 2810 2606 2972 2659; x_wconf 85' lang='lat'>1618</span> <span class='ocrx_word' id='word_1_297' title='bbox 3021 2602 3080 2656; x_wconf 91' lang='lat' dir='ltr'>et</span> 
     </span>
     <span class='ocr_line' id='line_1_53' title="bbox 1808 2686 3079 2762; baseline -0.003 -14"><span class='ocrx_word' id='word_1_298' title='bbox 1808 2698 1967 2751; x_wconf 79' lang='lat'>1643</span> <span class='ocrx_word' id='word_1_299' title='bbox 2006 2689 2065 2746; x_wconf 92' lang='lat' dir='ltr'>in</span> <span class='ocrx_word' id='word_1_300' title='bbox 2099 2689 2156 2758; x_wconf 87' lang='lat' dir='ltr'>f.‚</span> <span class='ocrx_word' id='word_1_301' title='bbox 2209 2690 2533 2762; x_wconf 89' lang='lat' dir='ltr'>utrumque</span> <span class='ocrx_word' id='word_1_302' title='bbox 2579 2690 2777 2745; x_wconf 83' lang='lat' dir='ltr'>tamen</span> <span class='ocrx_word' id='word_1_303' title='bbox 2811 2686 3079 2759; x_wconf 84' lang='lat' dir='ltr'>prohibi-</span> 
     </span>
     <span class='ocr_line' id='line_1_54' title="bbox 1795 2773 3079 2852; baseline 0.002 -18"><span class='ocrx_word' id='word_1_304' title='bbox 1795 2782 1955 2834; x_wconf 89' lang='lat' dir='ltr'>tum:</span> <span class='ocrx_word' id='word_1_305' title='bbox 2008 2776 2225 2852; x_wconf 90' lang='lat' dir='ltr'>prioris</span> <span class='ocrx_word' id='word_1_306' title='bbox 2274 2780 2509 2834; x_wconf 87' lang='lat' dir='ltr'>tantum</span> <span class='ocrx_word' id='word_1_307' title='bbox 2557 2779 2600 2835; x_wconf 90' lang='lat' dir='ltr'>t.</span> <span class='ocrx_word' id='word_1_308' title='bbox 2636 2773 2728 2832; x_wconf 88' lang='lat' dir='ltr'>1v.</span> <span class='ocrx_word' id='word_1_309' title='bbox 2776 2775 2927 2833; x_wconf 85' lang='lat' dir='ltr'>decr.</span> <span class='ocrx_word' id='word_1_310' title='bbox 2979 2784 3079 2838; x_wconf 79' lang='grc'>27.</span> 
     </span>
     <span class='ocr_line' id='line_1_55' title="bbox 1797 2864 3081 2941; baseline -0.002 -17"><span class='ocrx_word' id='word_1_311' title='bbox 1797 2867 1925 2941; x_wconf 83' lang='lat' dir='ltr'>Maj.</span> <span class='ocrx_word' id='word_1_312' title='bbox 1967 2876 2152 2937; x_wconf 82' lang='grc'><strong>1614,</strong></span> <span class='ocrx_word' id='word_1_313' title='bbox 2186 2865 2342 2940; x_wconf 75' lang='lat' dir='ltr'>quod</span> <span class='ocrx_word' id='word_1_314' title='bbox 2364 2865 2540 2922; x_wconf 89' lang='lat' dir='ltr'>nimis</span> <span class='ocrx_word' id='word_1_315' title='bbox 2571 2864 2767 2922; x_wconf 82' lang='lat' dir='ltr'>faveat</span> <span class='ocrx_word' id='word_1_316' title='bbox 2797 2865 3081 2938; x_wconf 85' lang='lat' dir='ltr'>potestati</span> 
     </span>
    </p>
   </div>
   <div class='ocr_carea' id='block_1_8' title="bbox 448 2952 3080 3028">
    <p class='ocr_par' dir='ltr' id='par_1_8' title="bbox 448 2952 3080 3028">
     <span class='ocr_line' id='line_1_56' title="bbox 448 2952 3080 3028; baseline 0 -18"><span class='ocrx_word' id='word_1_317' title='bbox 448 2954 636 3028; x_wconf 80' lang='lat' dir='ltr'>gulas.</span> <span class='ocrx_word' id='word_1_318' title='bbox 700 2952 1102 3012; x_wconf 90' lang='lat' dir='ltr'>ordinationes</span> <span class='ocrx_word' id='word_1_319' title='bbox 1166 2957 1227 3011; x_wconf 88' lang='lat' dir='ltr'>et</span> <span class='ocrx_word' id='word_1_320' title='bbox 1276 2955 1736 3014; x_wconf 86' lang='lat' dir='ltr'>constitutiones</span> <span class='ocrx_word' id='word_1_321' title='bbox 1793 2956 2043 3013; x_wconf 88' lang='lat' dir='ltr'>seculari</span> <span class='ocrx_word' id='word_1_322' title='bbox 2078 2956 2284 3013; x_wconf 84' lang='lat' dir='ltr'>contra</span> <span class='ocrx_word' id='word_1_323' title='bbox 2304 2954 2596 3012; x_wconf 72' lang='lat' dir='ltr'>Ecclesiae</span> <span class='ocrx_word' id='word_1_324' title='bbox 2622 2955 2791 3028; x_wconf 81' lang='lat' dir='ltr'>jura3</span> <span class='ocrx_word' id='word_1_325' title='bbox 2825 2953 3080 3011; x_wconf 88' lang='lat' dir='ltr'>alterum</span> 
     </span>
    </p>
   </div>
   <div class='ocr_carea' id='block_1_9' title="bbox 444 3040 3081 3831">
    <p class='ocr_par' dir='ltr' id='par_1_9' title="bbox 444 3040 3081 3831">
     <span class='ocr_line' id='line_1_57' title="bbox 448 3040 3079 3119; baseline 0 -20"><span class='ocrx_word' id='word_1_326' title='bbox 448 3042 831 3099; x_wconf 79' lang='lat' dir='ltr'>cancellariae</span> <span class='ocrx_word' id='word_1_327' title='bbox 881 3044 1233 3118; x_wconf 84' lang='lat' dir='ltr'>apostolicae</span> <span class='ocrx_word' id='word_1_328' title='bbox 1284 3044 1551 3119; x_wconf 87' lang='lat' dir='ltr'>Gregorii</span> <span class='ocrx_word' id='word_1_329' title='bbox 1596 3042 1733 3112; x_wconf 69' lang='lat' dir='ltr'>XV„</span> <span class='ocrx_word' id='word_1_330' title='bbox 1761 3040 1765 3109; x_wconf 96' lang='grc' dir='ltr'>Ι</span> <span class='ocrx_word' id='word_1_331' title='bbox 1794 3044 1945 3101; x_wconf 91' lang='lat' dir='ltr'>decr.</span> <span class='ocrx_word' id='word_1_332' title='bbox 1991 3055 2085 3106; x_wconf 91' lang='lat'>11.</span> <span class='ocrx_word' id='word_1_333' title='bbox 2106 3044 2247 3102; x_wconf 84' lang='lat' dir='ltr'>Jun.</span> <span class='ocrx_word' id='word_1_334' title='bbox 2289 3051 2476 3104; x_wconf 80' lang='lat'>1624.</span> <span class='ocrx_word' id='word_1_335' title='bbox 2497 3076 2585 3086; x_wconf 93' lang='lat'>—</span> <span class='ocrx_word' id='word_1_336' title='bbox 2605 3043 2976 3099; x_wconf 70' lang='lat' dir='ltr'>Relectionem</span> <span class='ocrx_word' id='word_1_337' title='bbox 3008 3043 3079 3100; x_wconf 90' lang='lat' dir='ltr'>de</span> 
     </span>
     <span class='ocr_line' id='line_1_58' title="bbox 448 3112 3081 3201; baseline 0 -14"><span class='ocrx_word' id='word_1_338' title='bbox 448 3131 663 3188; x_wconf 86' lang='lat' dir='ltr'>Romae</span> <span class='ocrx_word' id='word_1_339' title='bbox 704 3140 859 3194; x_wconf 82' lang='lat'>1621</span> <span class='ocrx_word' id='word_1_340' title='bbox 902 3132 966 3189; x_wconf 92' lang='lat' dir='ltr'>in</span> <span class='ocrx_word' id='word_1_341' title='bbox 997 3141 1108 3201; x_wconf 82' lang='lat'>123</span> <span class='ocrx_word' id='word_1_342' title='bbox 1145 3132 1417 3191; x_wconf 87' lang='lat' dir='ltr'>Coloniae</span> <span class='ocrx_word' id='word_1_343' title='bbox 1448 3142 1627 3195; x_wconf 89' lang='grc'><strong>1697.</strong></span> <span class='ocrx_word' id='word_1_344' title='bbox 1651 3164 1734 3175; x_wconf 89' lang='grc'>-</span> <span class='ocrx_word' id='word_1_345' title='bbox 1761 3112 1765 3177; x_wconf 66' lang='grc' dir='ltr'><strong>ἶ</strong></span> <span class='ocrx_word' id='word_1_346' title='bbox 1791 3132 2026 3191; x_wconf 89' lang='lat' dir='ltr'>casibus</span> <span class='ocrx_word' id='word_1_347' title='bbox 2079 3132 2204 3190; x_wconf 84' lang='lat' dir='ltr'>sive</span> <span class='ocrx_word' id='word_1_348' title='bbox 2252 3132 2520 3189; x_wconf 83' lang='lat' dir='ltr'>censuris</span> <span class='ocrx_word' id='word_1_349' title='bbox 2564 3132 2762 3188; x_wconf 88' lang='lat' dir='ltr'>bullae</span> <span class='ocrx_word' id='word_1_350' title='bbox 2794 3131 2855 3187; x_wconf 91' lang='lat' dir='ltr'>in</span> <span class='ocrx_word' id='word_1_351' title='bbox 2903 3149 3081 3188; x_wconf 85' lang='lat' dir='ltr'>coena</span> 
     </span>
     <span class='ocr_line' id='line_1_59' title="bbox 454 3218 3079 3295; baseline 0.001 -19"><span class='ocrx_word' id='word_1_352' title='bbox 454 3218 836 3277; x_wconf 83' lang='lat' dir='ltr'>Sebastianus</span> <span class='ocrx_word' id='word_1_353' title='bbox 855 3220 1065 3278; x_wconf 88' lang='lat' dir='ltr'>Caesar</span> <span class='ocrx_word' id='word_1_354' title='bbox 1084 3221 1155 3279; x_wconf 92' lang='lat' dir='ltr'>de</span> <span class='ocrx_word' id='word_1_355' title='bbox 1188 3222 1534 3280; x_wconf 88' lang='lat' dir='ltr'>Meneses</span> <span class='ocrx_word' id='word_1_356' title='bbox 1567 3222 1735 3279; x_wconf 90' lang='lat' dir='ltr'>Lusi·</span> <span class='ocrx_word' id='word_1_357' title='bbox 1793 3221 2061 3289; x_wconf 89' lang='lat' dir='ltr'>Domini,</span> <span class='ocrx_word' id='word_1_358' title='bbox 2116 3221 2420 3295; x_wconf 89' lang='lat' dir='ltr'>Olisipone</span> <span class='ocrx_word' id='word_1_359' title='bbox 2476 3229 2637 3281; x_wconf 90' lang='grc'><strong>1615</strong></span> <span class='ocrx_word' id='word_1_360' title='bbox 2691 3220 2751 3275; x_wconf 91' lang='grc'>111</span> <span class='ocrx_word' id='word_1_361' title='bbox 2805 3229 2858 3279; x_wconf 82' lang='lat'>4.</span> <span class='ocrx_word' id='word_1_362' title='bbox 2911 3220 3079 3277; x_wconf 86' lang='lat' dir='ltr'>valde</span> 
     </span>
     <span class='ocr_line' id='line_1_60' title="bbox 448 3308 3076 3385; baseline -0 -19"><span class='ocrx_word' id='word_1_363' title='bbox 448 3314 647 3367; x_wconf 77' lang='lat' dir='ltr'>tanus,</span> <span class='ocrx_word' id='word_1_364' title='bbox 682 3308 891 3366; x_wconf 89' lang='lat' dir='ltr'>doctor</span> <span class='ocrx_word' id='word_1_365' title='bbox 908 3328 1196 3368; x_wconf 87' lang='lat' dir='ltr'>canonum</span> <span class='ocrx_word' id='word_1_366' title='bbox 1232 3315 1289 3369; x_wconf 87' lang='lat' dir='ltr'>et</span> <span class='ocrx_word' id='word_1_367' title='bbox 1314 3310 1610 3385; x_wconf 86' lang='lat' dir='ltr'>professor</span> <span class='ocrx_word' id='word_1_368' title='bbox 1641 3327 1736 3368; x_wconf 91' lang='lat' dir='ltr'>co-</span> <span class='ocrx_word' id='word_1_369' title='bbox 1791 3330 1982 3368; x_wconf 90' lang='lat' dir='ltr'>raram</span> <span class='ocrx_word' id='word_1_370' title='bbox 2017 3311 2263 3384; x_wconf 88' lang='lat' dir='ltr'>reliquit</span> <span class='ocrx_word' id='word_1_371' title='bbox 2283 3308 2584 3366; x_wconf 84' lang='lat' dir='ltr'>Antonius</span> <span class='ocrx_word' id='word_1_372' title='bbox 2618 3308 2703 3364; x_wconf 92' lang='lat' dir='ltr'>de</span> <span class='ocrx_word' id='word_1_373' title='bbox 2738 3311 2924 3366; x_wconf 85' lang='lat' dir='ltr'>Sous</span> <span class='ocrx_word' id='word_1_374' title='bbox 2945 3327 2979 3365; x_wconf 90' lang='lat' dir='ltr'>a</span> <span class='ocrx_word' id='word_1_375' title='bbox 3011 3308 3076 3365; x_wconf 89' lang='grc' dir='ltr'>Ο.</span> 
     </span>
     <span class='ocr_line' id='line_1_61' title="bbox 448 3396 3076 3474; baseline -0.001 -20"><span class='ocrx_word' id='word_1_376' title='bbox 448 3397 868 3456; x_wconf 78' lang='lat' dir='ltr'>nimbricensis</span> <span class='ocrx_word' id='word_1_377' title='bbox 914 3399 1157 3473; x_wconf 88' lang='lat' dir='ltr'>reliquit</span> <span class='ocrx_word' id='word_1_378' title='bbox 1202 3399 1606 3458; x_wconf 86' lang='lat' dir='ltr'>doctissimam</span> <span class='ocrx_word' id='word_1_379' title='bbox 1638 3418 1734 3457; x_wconf 88' lang='grc'><strong>10·-</strong></span> <span class='ocrx_word' id='word_1_380' title='bbox 1793 3400 1885 3456; x_wconf 91' lang='lat' dir='ltr'>Pr.</span> <span class='ocrx_word' id='word_1_381' title='bbox 1911 3398 2356 3474; x_wconf 86' lang='lat' dir='ltr'>Olisiponensis,</span> <span class='ocrx_word' id='word_1_382' title='bbox 2390 3396 2723 3472; x_wconf 88' lang='lat' dir='ltr'>theologiae</span> <span class='ocrx_word' id='word_1_383' title='bbox 2753 3397 3076 3470; x_wconf 82' lang='lat' dir='ltr'>professor;</span> 
     </span>
     <span class='ocr_line' id='line_1_62' title="bbox 449 3483 3076 3561; baseline -0.001 -18"><span class='ocrx_word' id='word_1_384' title='bbox 449 3486 760 3543; x_wconf 81' lang='lat' dir='ltr'>lectionem</span> <span class='ocrx_word' id='word_1_385' title='bbox 792 3488 860 3543; x_wconf 84' lang='lat' dir='ltr'>de</span> <span class='ocrx_word' id='word_1_386' title='bbox 892 3488 1220 3545; x_wconf 71' lang='lat' dir='ltr'>hierarchia</span> <span class='ocrx_word' id='word_1_387' title='bbox 1253 3490 1631 3545; x_wconf 73' lang='lat' dir='ltr'>ecclesiastiea</span> <span class='ocrx_word' id='word_1_388' title='bbox 1663 3489 1735 3546; x_wconf 90' lang='lat' dir='ltr'>ad</span> <span class='ocrx_word' id='word_1_389' title='bbox 1791 3488 1877 3545; x_wconf 88' lang='lat' dir='ltr'>ita</span> <span class='ocrx_word' id='word_1_390' title='bbox 1908 3492 1969 3545; x_wconf 87' lang='lat' dir='ltr'>et</span> <span class='ocrx_word' id='word_1_391' title='bbox 2001 3488 2358 3561; x_wconf 89' lang='lat' dir='ltr'>opusculum</span> <span class='ocrx_word' id='word_1_392' title='bbox 2410 3486 2559 3542; x_wconf 84' lang='lat' dir='ltr'>circa</span> <span class='ocrx_word' id='word_1_393' title='bbox 2593 3483 2757 3541; x_wconf 90' lang='lat' dir='ltr'>Pauli</span> <span class='ocrx_word' id='word_1_394' title='bbox 2791 3485 2857 3542; x_wconf 92' lang='lat' dir='ltr'>V.</span> <span class='ocrx_word' id='word_1_395' title='bbox 2891 3492 3076 3541; x_wconf 88' lang='lat' dir='ltr'>const.</span> 
     </span>
     <span class='ocr_line' id='line_1_63' title="bbox 444 3573 3076 3651; baseline -0.002 -18"><span class='ocrx_word' id='word_1_396' title='bbox 444 3593 573 3649; x_wconf 89' lang='lat' dir='ltr'>cap.</span> <span class='ocrx_word' id='word_1_397' title='bbox 615 3575 817 3633; x_wconf 89' lang='lat' dir='ltr'>Clerus</span> <span class='ocrx_word' id='word_1_398' title='bbox 851 3579 909 3633; x_wconf 88' lang='lat' dir='ltr'>et</span> <span class='ocrx_word' id='word_1_399' title='bbox 952 3576 1025 3633; x_wconf 89' lang='lat' dir='ltr'>ad</span> <span class='ocrx_word' id='word_1_400' title='bbox 1060 3596 1179 3651; x_wconf 90' lang='lat' dir='ltr'>cap.</span> <span class='ocrx_word' id='word_1_401' title='bbox 1213 3577 1495 3636; x_wconf 91' lang='lat' dir='ltr'>Perlectis</span> <span class='ocrx_word' id='word_1_402' title='bbox 1532 3586 1630 3638; x_wconf 89' lang='grc'>21.</span> <span class='ocrx_word' id='word_1_403' title='bbox 1677 3581 1737 3635; x_wconf 84' lang='lat' dir='ltr'>et</span> <span class='ocrx_word' id='word_1_404' title='bbox 1790 3578 1858 3633; x_wconf 81' lang='lat' dir='ltr'>de</span> <span class='ocrx_word' id='word_1_405' title='bbox 1889 3578 2260 3650; x_wconf 74' lang='lat' dir='ltr'>confessariis</span> <span class='ocrx_word' id='word_1_406' title='bbox 2290 3576 2537 3649; x_wconf 84' lang='lat' dir='ltr'>feminas</span> <span class='ocrx_word' id='word_1_407' title='bbox 2568 3573 2640 3630; x_wconf 88' lang='lat' dir='ltr'>ad</span> <span class='ocrx_word' id='word_1_408' title='bbox 2673 3573 2982 3630; x_wconf 72' lang='lat' dir='ltr'>inhonesta</span> <span class='ocrx_word' id='word_1_409' title='bbox 3015 3573 3076 3629; x_wconf 91' lang='lat' dir='ltr'>in</span> 
     </span>
     <span class='ocr_line' id='line_1_64' title="bbox 455 3663 3074 3740; baseline -0 -21"><span class='ocrx_word' id='word_1_410' title='bbox 455 3673 552 3725; x_wconf 82' lang='lat'>25.</span> <span class='ocrx_word' id='word_1_411' title='bbox 587 3663 727 3721; x_wconf 86' lang='lat' dir='ltr'>dist.</span> <span class='ocrx_word' id='word_1_412' title='bbox 763 3665 1166 3723; x_wconf 87' lang='lat' dir='ltr'>Conimbricae</span> <span class='ocrx_word' id='word_1_413' title='bbox 1194 3675 1357 3727; x_wconf 81' lang='lat'>1628</span> <span class='ocrx_word' id='word_1_414' title='bbox 1393 3666 1457 3722; x_wconf 90' lang='lat' dir='ltr'>in</span> <span class='ocrx_word' id='word_1_415' title='bbox 1480 3666 1552 3732; x_wconf 87' lang='lat' dir='ltr'>f.;</span> <span class='ocrx_word' id='word_1_416' title='bbox 1587 3668 1731 3722; x_wconf 79' lang='lat' dir='ltr'>veri·</span> <span class='ocrx_word' id='word_1_417' title='bbox 1789 3666 1919 3740; x_wconf 88' lang='lat' dir='ltr'>ipso</span> <span class='ocrx_word' id='word_1_418' title='bbox 1954 3664 2355 3740; x_wconf 74' lang='lat' dir='ltr'>poenitent-iae</span> <span class='ocrx_word' id='word_1_419' title='bbox 2377 3665 2743 3720; x_wconf 86' lang='lat' dir='ltr'>sacramento</span> <span class='ocrx_word' id='word_1_420' title='bbox 2763 3663 3074 3719; x_wconf 80' lang='lat' dir='ltr'>sollicitau-</span> 
     </span>
     <span class='ocr_line' id='line_1_65' title="bbox 451 3752 3070 3831; baseline -0.001 -22"><span class='ocrx_word' id='word_1_421' title='bbox 451 3760 619 3809; x_wconf 75' lang='lat' dir='ltr'>tatem</span> <span class='ocrx_word' id='word_1_422' title='bbox 635 3754 1036 3813; x_wconf 78' lang='lat' dir='ltr'>harmonicam</span> <span class='ocrx_word' id='word_1_423' title='bbox 1051 3756 1348 3831; x_wconf 74' lang='lat' dir='ltr'>utriusque</span> <span class='ocrx_word' id='word_1_424' title='bbox 1376 3754 1732 3823; x_wconf 79' lang='lat' dir='ltr'>Testamenti,</span> <span class='ocrx_word' id='word_1_425' title='bbox 1789 3754 1956 3823; x_wconf 77' lang='lat' dir='ltr'>tibus,</span> <span class='ocrx_word' id='word_1_426' title='bbox 1992 3754 2068 3811; x_wconf 88' lang='lat' dir='ltr'>ib.</span> <span class='ocrx_word' id='word_1_427' title='bbox 2111 3761 2295 3820; x_wconf 88' lang='grc'><strong>1623,</strong></span> <span class='ocrx_word' id='word_1_428' title='bbox 2347 3755 2408 3810; x_wconf 88' lang='lat' dir='ltr'>et</span> <span class='ocrx_word' id='word_1_429' title='bbox 2438 3752 2798 3826; x_wconf 76' lang='lat' dir='ltr'>aphorismos</span> <span class='ocrx_word' id='word_1_430' title='bbox 2829 3752 3070 3826; x_wconf 82' lang='lat' dir='ltr'>inquisi-</span> 
     </span>
    </p>
   </div>
   <div class='ocr_carea' id='block_1_10' title="bbox 450 3839 3068 3918">
    <p class='ocr_par' dir='ltr' id='par_1_10' title="bbox 450 3839 3068 3918">
     <span class='ocr_line' id='line_1_66' title="bbox 450 3839 3068 3918; baseline 0.001 -19"><span class='ocrx_word' id='word_1_431' title='bbox 450 3842 664 3899; x_wconf 88' lang='lat' dir='ltr'>Romae</span> <span class='ocrx_word' id='word_1_432' title='bbox 698 3852 848 3903; x_wconf 88' lang='grc'><strong>1631</strong></span> <span class='ocrx_word' id='word_1_433' title='bbox 880 3842 1546 3918; x_wconf 82' lang='lat' dir='ltr'>in4.—Hieronymus</span> <span class='ocrx_word' id='word_1_434' title='bbox 1571 3843 1733 3901; x_wconf 90' lang='lat' dir='ltr'>Fer·</span> <span class='ocrx_word' id='word_1_435' title='bbox 1790 3850 1976 3899; x_wconf 79' lang='lat' dir='ltr'>torum</span> <span class='ocrx_word' id='word_1_436' title='bbox 2013 3843 2067 3899; x_wconf 81' lang='grc' dir='ltr'>ΖΙ.</span> <span class='ocrx_word' id='word_1_437' title='bbox 2106 3844 2162 3914; x_wconf 80' lang='lat'>4,</span> <span class='ocrx_word' id='word_1_438' title='bbox 2213 3842 2288 3898; x_wconf 86' lang='lat' dir='ltr'>ih.</span> <span class='ocrx_word' id='word_1_439' title='bbox 2330 3849 2529 3907; x_wconf 81' lang='grc' dir='ltr'><strong>163ος</strong></span> <span class='ocrx_word' id='word_1_440' title='bbox 2577 3839 2851 3915; x_wconf 86' lang='lat' dir='ltr'>Lugduni</span> <span class='ocrx_word' id='word_1_441' title='bbox 2909 3850 3068 3901; x_wconf 88' lang='grc'><strong>1669</strong></span> 
     </span>
    </p>
   </div>
   <div class='ocr_carea' id='block_1_11' title="bbox 438 3931 1736 4629">
    <p class='ocr_par' dir='ltr' id='par_1_11' title="bbox 438 3931 1736 4629">
     <span class='ocr_line' id='line_1_67' title="bbox 448 3931 1734 4001; baseline 0.002 -14"><span class='ocrx_word' id='word_1_442' title='bbox 448 3931 741 3988; x_wconf 81' lang='lat' dir='ltr'>nandez</span> <span class='ocrx_word' id='word_1_443' title='bbox 774 3932 844 3988; x_wconf 85' lang='lat' dir='ltr'>de</span> <span class='ocrx_word' id='word_1_444' title='bbox 878 3932 1126 4001; x_wconf 89' lang='lat' dir='ltr'>Oter0‚</span> <span class='ocrx_word' id='word_1_445' title='bbox 1161 3933 1461 3991; x_wconf 86' lang='lat' dir='ltr'>Bononiae</span> <span class='ocrx_word' id='word_1_446' title='bbox 1494 3937 1554 3989; x_wconf 92' lang='lat' dir='ltr'>et</span> <span class='ocrx_word' id='word_1_447' title='bbox 1586 3932 1734 3989; x_wconf 86' lang='lat' dir='ltr'>Nea-</span> 
     </span>
     <span class='ocr_line' id='line_1_68' title="bbox 449 4019 1734 4094; baseline 0.002 -18"><span class='ocrx_word' id='word_1_448' title='bbox 449 4019 573 4094; x_wconf 87' lang='lat' dir='ltr'>poli</span> <span class='ocrx_word' id='word_1_449' title='bbox 606 4020 918 4093; x_wconf 82' lang='lat' dir='ltr'>professor,</span> <span class='ocrx_word' id='word_1_450' title='bbox 966 4021 1145 4078; x_wconf 85' lang='lat' dir='ltr'>variis</span> <span class='ocrx_word' id='word_1_451' title='bbox 1176 4022 1236 4078; x_wconf 86' lang='lat' dir='ltr'>in</span> <span class='ocrx_word' id='word_1_452' title='bbox 1272 4021 1610 4079; x_wconf 83' lang='lat' dir='ltr'>civitatibus</span> <span class='ocrx_word' id='word_1_453' title='bbox 1633 4022 1734 4094; x_wconf 87' lang='lat' dir='ltr'>ju-</span> 
     </span>
     <span class='ocr_line' id='line_1_69' title="bbox 444 4105 1734 4190; baseline -0.002 -24"><span class='ocrx_word' id='word_1_454' title='bbox 444 4108 559 4166; x_wconf 84' lang='lat' dir='ltr'>dex</span> <span class='ocrx_word' id='word_1_455' title='bbox 591 4116 653 4166; x_wconf 88' lang='lat' dir='ltr'>et</span> <span class='ocrx_word' id='word_1_456' title='bbox 685 4108 1005 4181; x_wconf 84' lang='lat' dir='ltr'>inquisitor</span> <span class='ocrx_word' id='word_1_457' title='bbox 1036 4105 1096 4190; x_wconf 89' lang='lat'>(†</span> <span class='ocrx_word' id='word_1_458' title='bbox 1123 4107 1335 4189; x_wconf 84' lang='lat'>1635),</span> <span class='ocrx_word' id='word_1_459' title='bbox 1369 4109 1531 4167; x_wconf 87' lang='lat' dir='ltr'>dedit</span> <span class='ocrx_word' id='word_1_460' title='bbox 1555 4111 1734 4167; x_wconf 83' lang='lat' dir='ltr'>inter-</span> 
     </span>
     <span class='ocr_line' id='line_1_70' title="bbox 438 4198 1736 4273; baseline 0.001 -20"><span class='ocrx_word' id='word_1_461' title='bbox 438 4199 796 4269; x_wconf 74' lang='lat' dir='ltr'>pretationes</span> <span class='ocrx_word' id='word_1_462' title='bbox 844 4200 1012 4271; x_wconf 79' lang='lat' dir='ltr'>juris</span> <span class='ocrx_word' id='word_1_463' title='bbox 1047 4200 1333 4272; x_wconf 72' lang='lat' dir='ltr'>pontificii</span> <span class='ocrx_word' id='word_1_464' title='bbox 1346 4243 1364 4273; x_wconf 83' lang='lat'>,</span> <span class='ocrx_word' id='word_1_465' title='bbox 1433 4198 1736 4256; x_wconf 89' lang='lat' dir='ltr'>Bononiae</span> 
     </span>
     <span class='ocr_line' id='line_1_71' title="bbox 460 4285 1735 4363; baseline -0.002 -18"><span class='ocrx_word' id='word_1_466' title='bbox 460 4295 656 4353; x_wconf 90' lang='lat'>1613;</span> <span class='ocrx_word' id='word_1_467' title='bbox 691 4285 952 4345; x_wconf 83' lang='lat' dir='ltr'>diversas</span> <span class='ocrx_word' id='word_1_468' title='bbox 971 4289 1137 4361; x_wconf 81' lang='lat' dir='ltr'>juris</span> <span class='ocrx_word' id='word_1_469' title='bbox 1168 4289 1540 4363; x_wconf 56' lang='lat' dir='ltr'>quaestuaria,</span> <span class='ocrx_word' id='word_1_470' title='bbox 1583 4285 1735 4343; x_wconf 88' lang='lat' dir='ltr'>Nea-</span> 
     </span>
     <span class='ocr_line' id='line_1_72' title="bbox 448 4374 1735 4451; baseline -0.002 -19"><span class='ocrx_word' id='word_1_471' title='bbox 448 4374 568 4449; x_wconf 89' lang='lat' dir='ltr'>poli</span> <span class='ocrx_word' id='word_1_472' title='bbox 609 4382 793 4435; x_wconf 83' lang='lat'>1619.</span> <span class='ocrx_word' id='word_1_473' title='bbox 848 4408 927 4420; x_wconf 89' lang='lat'>—-</span> <span class='ocrx_word' id='word_1_474' title='bbox 982 4374 1378 4451; x_wconf 87' lang='lat' dir='ltr'>Hieronymus</span> <span class='ocrx_word' id='word_1_475' title='bbox 1439 4374 1735 4433; x_wconf 86' lang='lat' dir='ltr'>Venero</span> 
     </span>
     <span class='ocr_line' id='line_1_73' title="bbox 450 4463 1736 4539; baseline 0.001 -20"><span class='ocrx_word' id='word_1_476' title='bbox 450 4464 521 4520; x_wconf 86' lang='lat' dir='ltr'>de</span> <span class='ocrx_word' id='word_1_477' title='bbox 555 4463 784 4538; x_wconf 82' lang='lat' dir='ltr'>Leyva</span> <span class='ocrx_word' id='word_1_478' title='bbox 829 4464 952 4525; x_wconf 90' lang='lat' dir='ltr'>ord.</span> <span class='ocrx_word' id='word_1_479' title='bbox 1002 4483 1044 4522; x_wconf 89' lang='lat' dir='ltr'>s.</span> <span class='ocrx_word' id='word_1_480' title='bbox 1096 4464 1216 4522; x_wconf 82' lang='lat' dir='ltr'>Jac.</span> <span class='ocrx_word' id='word_1_481' title='bbox 1258 4463 1556 4531; x_wconf 88' lang='lat' dir='ltr'>sacerdos,</span> <span class='ocrx_word' id='word_1_482' title='bbox 1610 4464 1736 4539; x_wconf 89' lang='lat' dir='ltr'>regi</span> 
     </span>
     <span class='ocr_line' id='line_1_74' title="bbox 443 4552 1735 4629; baseline 0 -20"><span class='ocrx_word' id='word_1_483' title='bbox 443 4572 483 4609; x_wconf 88' lang='lat' dir='ltr'>a</span> <span class='ocrx_word' id='word_1_484' title='bbox 515 4552 711 4621; x_wconf 90' lang='lat' dir='ltr'>sacris,</span> <span class='ocrx_word' id='word_1_485' title='bbox 749 4553 1020 4629; x_wconf 87' lang='lat' dir='ltr'>Gregorii</span> <span class='ocrx_word' id='word_1_486' title='bbox 1041 4553 1199 4615; x_wconf 85' lang='lat' dir='ltr'>XIlI.</span> <span class='ocrx_word' id='word_1_487' title='bbox 1228 4552 1626 4611; x_wconf 86' lang='lat' dir='ltr'>cubicularius</span> <span class='ocrx_word' id='word_1_488' title='bbox 1646 4569 1735 4610; x_wconf 89' lang='lat' dir='ltr'>se-</span> 
     </span>
    </p>
   </div>
   <div class='ocr_carea' id='block_1_12' title="bbox 1788 3928 3079 4624">
    <p class='ocr_par' dir='ltr' id='par_1_12' title="bbox 1788 3928 3079 4624">
     <span class='ocr_line' id='line_1_75' title="bbox 1789 3928 3076 4005; baseline -0.003 -16"><span class='ocrx_word' id='word_1_489' title='bbox 1789 3932 1854 3989; x_wconf 91' lang='lat' dir='ltr'>in</span> <span class='ocrx_word' id='word_1_490' title='bbox 1891 3941 1944 4001; x_wconf 78' lang='grc'>8.</span> <span class='ocrx_word' id='word_1_491' title='bbox 1978 3949 2095 4005; x_wconf 88' lang='lat' dir='ltr'>quo</span> <span class='ocrx_word' id='word_1_492' title='bbox 2127 3931 2190 3987; x_wconf 90' lang='lat' dir='ltr'>in</span> <span class='ocrx_word' id='word_1_493' title='bbox 2221 3930 2257 3986; x_wconf 93' lang='lat' dir='ltr'>l.</span> <span class='ocrx_word' id='word_1_494' title='bbox 2291 3933 2495 3987; x_wconf 88' lang='lat' dir='ltr'>narrat</span> <span class='ocrx_word' id='word_1_495' title='bbox 2541 3928 2847 3986; x_wconf 87' lang='lat' dir='ltr'>historiam</span> <span class='ocrx_word' id='word_1_496' title='bbox 2899 3929 3076 4005; x_wconf 82' lang='lat' dir='ltr'>origi-</span> 
     </span>
     <span class='ocr_line' id='line_1_76' title="bbox 1789 4017 3077 4095; baseline -0.001 -19"><span class='ocrx_word' id='word_1_497' title='bbox 1789 4020 1884 4077; x_wconf 84' lang='lat' dir='ltr'>nis</span> <span class='ocrx_word' id='word_1_498' title='bbox 1929 4019 2335 4095; x_wconf 87' lang='lat' dir='ltr'>inquisitionis</span> <span class='ocrx_word' id='word_1_499' title='bbox 2380 4019 2444 4075; x_wconf 88' lang='lat' dir='ltr'>in</span> <span class='ocrx_word' id='word_1_500' title='bbox 2474 4017 2784 4076; x_wconf 86' lang='lat' dir='ltr'>Lusitania</span> <span class='ocrx_word' id='word_1_501' title='bbox 2830 4037 3077 4093; x_wconf 87' lang='lat' dir='ltr'>eamque</span> 
     </span>
     <span class='ocr_line' id='line_1_77' title="bbox 1789 4102 3074 4185; baseline -0.002 -20"><span class='ocrx_word' id='word_1_502' title='bbox 1789 4112 2013 4167; x_wconf 84' lang='lat' dir='ltr'>tuetur.</span> <span class='ocrx_word' id='word_1_503' title='bbox 2048 4143 2135 4151; x_wconf 89' lang='lat'>-—</span> <span class='ocrx_word' id='word_1_504' title='bbox 2169 4108 2486 4166; x_wconf 84' lang='lat' dir='ltr'>Mauricius</span> <span class='ocrx_word' id='word_1_505' title='bbox 2521 4107 2593 4164; x_wconf 92' lang='lat' dir='ltr'>de</span> <span class='ocrx_word' id='word_1_506' title='bbox 2628 4107 2912 4164; x_wconf 85' lang='lat' dir='ltr'>Alcedo</span> <span class='ocrx_word' id='word_1_507' title='bbox 2947 4102 3074 4185; x_wconf 86' lang='lat' dir='ltr'>(Al-</span> 
     </span>
     <span class='ocr_line' id='line_1_78' title="bbox 1788 4193 3079 4278; baseline -0.002 -24"><span class='ocrx_word' id='word_1_508' title='bbox 1788 4193 1973 4278; x_wconf 89' lang='lat' dir='ltr'>zedo),</span> <span class='ocrx_word' id='word_1_509' title='bbox 2009 4198 2314 4267; x_wconf 82' lang='lat' dir='ltr'>Cantaber.</span> <span class='ocrx_word' id='word_1_510' title='bbox 2355 4197 2513 4272; x_wconf 88' lang='lat' dir='ltr'>juris</span> <span class='ocrx_word' id='word_1_511' title='bbox 2559 4196 2822 4253; x_wconf 88' lang='lat' dir='ltr'>canonici</span> <span class='ocrx_word' id='word_1_512' title='bbox 2871 4196 3079 4253; x_wconf 83' lang='lat' dir='ltr'>doctor</span> 
     </span>
     <span class='ocr_line' id='line_1_79' title="bbox 1790 4284 3077 4361; baseline -0.002 -19"><span class='ocrx_word' id='word_1_513' title='bbox 1790 4294 1851 4342; x_wconf 81' lang='lat' dir='ltr'>et</span> <span class='ocrx_word' id='word_1_514' title='bbox 1869 4286 2315 4361; x_wconf 88' lang='lat' dir='ltr'>protonotarius</span> <span class='ocrx_word' id='word_1_515' title='bbox 2336 4285 2712 4361; x_wconf 86' lang='lat' dir='ltr'>apostolicus,</span> <span class='ocrx_word' id='word_1_516' title='bbox 2747 4284 3077 4357; x_wconf 76' lang='lat' dir='ltr'>disputavit</span> 
     </span>
     <span class='ocr_line' id='line_1_80' title="bbox 1790 4371 3073 4449; baseline -0.002 -17"><span class='ocrx_word' id='word_1_517' title='bbox 1790 4376 1860 4432; x_wconf 83' lang='lat' dir='ltr'>de</span> <span class='ocrx_word' id='word_1_518' title='bbox 1891 4376 2218 4432; x_wconf 74' lang='lat' dir='ltr'>excellentia</span> <span class='ocrx_word' id='word_1_519' title='bbox 2265 4374 2602 4449; x_wconf 84' lang='lat' dir='ltr'>episcopalis</span> <span class='ocrx_word' id='word_1_520' title='bbox 2647 4373 2944 4448; x_wconf 74' lang='lat' dir='ltr'>diqnitatis</span> <span class='ocrx_word' id='word_1_521' title='bbox 2974 4371 3073 4429; x_wconf 82' lang='lat' dir='ltr'>dc-</span> 
     </span>
     <span class='ocr_line' id='line_1_81' title="bbox 1792 4462 3074 4538; baseline -0.005 -16"><span class='ocrx_word' id='word_1_522' title='bbox 1792 4483 1908 4537; x_wconf 91' lang='lat' dir='ltr'>que</span> <span class='ocrx_word' id='word_1_523' title='bbox 1941 4464 2198 4538; x_wconf 86' lang='lat' dir='ltr'>episcopi</span> <span class='ocrx_word' id='word_1_524' title='bbox 2234 4462 2642 4521; x_wconf 86' lang='lat' dir='ltr'>functionibus</span> <span class='ocrx_word' id='word_1_525' title='bbox 2685 4479 2751 4518; x_wconf 91' lang='lat' dir='ltr'>ac</span> <span class='ocrx_word' id='word_1_526' title='bbox 2782 4463 3074 4534; x_wconf 75' lang='lat' dir='ltr'>potestate</span> 
     </span>
     <span class='ocr_line' id='line_1_82' title="bbox 1790 4548 3074 4624; baseline -0.005 -14"><span class='ocrx_word' id='word_1_527' title='bbox 1790 4553 1855 4610; x_wconf 90' lang='lat' dir='ltr'>in</span> <span class='ocrx_word' id='word_1_528' title='bbox 1886 4552 2108 4610; x_wconf 83' lang='lat' dir='ltr'>credit-a</span> <span class='ocrx_word' id='word_1_529' title='bbox 2156 4552 2269 4609; x_wconf 88' lang='lat' dir='ltr'>sibi</span> <span class='ocrx_word' id='word_1_530' title='bbox 2303 4551 2561 4609; x_wconf 85' lang='lat' dir='ltr'>Ecclesia</span> <span class='ocrx_word' id='word_1_531' title='bbox 2607 4548 2881 4624; x_wconf 90' lang='lat' dir='ltr'>regenda,</span> <span class='ocrx_word' id='word_1_532' title='bbox 2931 4548 3074 4605; x_wconf 81' lang='lat' dir='ltr'>visi-</span> 
     </span>
    </p>
   </div>
   <div class='ocr_carea' id='block_1_13' title="bbox 446 4637 3074 4898">
    <p class='ocr_par' dir='ltr' id='par_1_13' title="bbox 446 4637 3074 4898">
     <span class='ocr_line' id='line_1_83' title="bbox 446 4637 3074 4717; baseline -0.002 -19"><span class='ocrx_word' id='word_1_533' title='bbox 446 4645 668 4709; x_wconf 87' lang='lat' dir='ltr'>cretus‚</span> <span class='ocrx_word' id='word_1_534' title='bbox 703 4642 943 4699; x_wconf 87' lang='lat' dir='ltr'>demum</span> <span class='ocrx_word' id='word_1_535' title='bbox 983 4642 1459 4717; x_wconf 89' lang='lat' dir='ltr'>archiepiscopus</span> <span class='ocrx_word' id='word_1_536' title='bbox 1493 4640 1737 4699; x_wconf 86' lang='lat' dir='ltr'>Montis·</span> <span class='ocrx_word' id='word_1_537' title='bbox 1790 4643 1984 4709; x_wconf 79' lang='lat' dir='ltr'>tanda,</span> <span class='ocrx_word' id='word_1_538' title='bbox 2040 4639 2524 4707; x_wconf 83' lang='lat' dir='ltr'>administranda,</span> <span class='ocrx_word' id='word_1_539' title='bbox 2576 4656 2805 4696; x_wconf 88' lang='lat' dir='ltr'>necnon</span> <span class='ocrx_word' id='word_1_540' title='bbox 2855 4637 2926 4693; x_wconf 91' lang='lat' dir='ltr'>de</span> <span class='ocrx_word' id='word_1_541' title='bbox 2971 4656 3074 4713; x_wconf 76' lang='lat' dir='ltr'>ge·</span> 
     </span>
     <span class='ocr_line' id='line_1_84' title="bbox 451 4726 3073 4811; baseline -0.002 -25"><span class='ocrx_word' id='word_1_542' title='bbox 451 4730 668 4804; x_wconf 87' lang='lat' dir='ltr'>regalis</span> <span class='ocrx_word' id='word_1_543' title='bbox 702 4731 763 4788; x_wconf 90' lang='lat' dir='ltr'>in</span> <span class='ocrx_word' id='word_1_544' title='bbox 786 4730 984 4789; x_wconf 84' lang='lat' dir='ltr'>Sicilia</span> <span class='ocrx_word' id='word_1_545' title='bbox 1020 4726 1079 4811; x_wconf 91' lang='lat'>(†</span> <span class='ocrx_word' id='word_1_546' title='bbox 1102 4740 1155 4793; x_wconf 88' lang='lat'>6.</span> <span class='ocrx_word' id='word_1_547' title='bbox 1178 4733 1328 4806; x_wconf 88' lang='lat' dir='ltr'>Aug.</span> <span class='ocrx_word' id='word_1_548' title='bbox 1359 4726 1550 4810; x_wconf 84' lang='lat'>1628)</span> <span class='ocrx_word' id='word_1_549' title='bbox 1578 4748 1736 4787; x_wconf 89' lang='lat' dir='ltr'>com-</span> <span class='ocrx_word' id='word_1_550' title='bbox 1791 4730 2013 4788; x_wconf 87' lang='lat' dir='ltr'>neralis</span> <span class='ocrx_word' id='word_1_551' title='bbox 2046 4729 2248 4787; x_wconf 85' lang='lat' dir='ltr'>vicarii</span> <span class='ocrx_word' id='word_1_552' title='bbox 2295 4727 2652 4785; x_wconf 85' lang='lat' dir='ltr'>auctoritate</span> <span class='ocrx_word' id='word_1_553' title='bbox 2698 4744 2763 4784; x_wconf 89' lang='lat' dir='ltr'>ac</span> <span class='ocrx_word' id='word_1_554' title='bbox 2810 4727 3073 4783; x_wconf 84' lang='lat' dir='ltr'>muneri·</span> 
     </span>
     <span class='ocr_line' id='line_1_85' title="bbox 452 4814 3073 4898; baseline -0.001 -24"><span class='ocrx_word' id='word_1_555' title='bbox 452 4819 657 4891; x_wconf 82' lang='lat' dir='ltr'>posuit</span> <span class='ocrx_word' id='word_1_556' title='bbox 702 4838 955 4891; x_wconf 74' lang='lat' dir='ltr'>examen,</span> <span class='ocrx_word' id='word_1_557' title='bbox 986 4821 1377 4898; x_wconf 78' lang='lat' dir='ltr'>episcoporum</span> <span class='ocrx_word' id='word_1_558' title='bbox 1424 4823 1486 4877; x_wconf 90' lang='lat' dir='ltr'>et</span> <span class='ocrx_word' id='word_1_559' title='bbox 1531 4836 1735 4877; x_wconf 88' lang='lat' dir='ltr'>eorum</span> <span class='ocrx_word' id='word_1_560' title='bbox 1791 4818 1923 4887; x_wconf 90' lang='lat' dir='ltr'>bus,</span> <span class='ocrx_word' id='word_1_561' title='bbox 1958 4817 2235 4894; x_wconf 88' lang='lat' dir='ltr'>Lugduni</span> <span class='ocrx_word' id='word_1_562' title='bbox 2275 4826 2439 4879; x_wconf 89' lang='grc'><strong>1630</strong></span> <span class='ocrx_word' id='word_1_563' title='bbox 2476 4815 2538 4874; x_wconf 85' lang='grc'>111</span> <span class='ocrx_word' id='word_1_564' title='bbox 2574 4826 2630 4884; x_wconf 84' lang='lat'>4,</span> <span class='ocrx_word' id='word_1_565' title='bbox 2665 4817 2701 4874; x_wconf 93' lang='lat' dir='ltr'>l.</span> <span class='ocrx_word' id='word_1_566' title='bbox 2735 4814 3073 4890; x_wconf 86' lang='lat' dir='ltr'>prohibitus</span> 
     </span>
    </p>
   </div>
  </div>
 </body>
</html>
