3625 5193
401 275 565 329 1125
926 259 1144 329 Campi,
1169 259 1508 327 Bai-barano,
1532 260 1816 327 Manzoni,
1844 260 2037 329 Ciatti,
2063 260 2370 316 Caraccioli
2394 264 2497 316 etc.
2855 281 3021 336 1126

390 446 677 506 historica
706 446 1068 517 dissertatio,
1104 456 1265 510 1656
1301 448 1365 506 in
1396 448 1469 517 f.;
1502 451 1572 508 de
1601 468 1676 512 88.
1732 444 2027 532 (tempore
2051 468 2095 508 s.
2111 449 2273 508 Petri
2286 443 2404 528 ap.)
2425 448 2500 507 ad
2519 467 2710 524 usque
2731 470 2780 509 a.
2802 450 3023 510 Christi

396 538 751 613 martyribus
780 537 1055 612 Arialdo,
1090 537 1301 595 Aciato
1333 544 1382 595 et
1414 538 1677 597 Herlem-
1732 538 1857 596 fere
1891 548 2035 602 900.
2068 540 2235 615 gesta
2265 541 2604 609 narrantur,
2637 538 3023 599 illustrantur

386 625 561 684 baldo
609 625 753 684 Cota
797 626 852 683 u.
887 628 947 698 4,
996 625 1218 702 quibus
1264 625 1511 685 historia
1555 646 1678 686 me·
1735 631 1797 686 et
1827 627 1902 685 ad
1932 627 2285 686 historicam
2318 625 2630 686 veritatem
2650 631 3021 688 revocantur.

392 713 759 773 diolanensis
791 713 1146 784 illustratur,
1203 722 1364 777 1657
1418 715 1482 773 in
1514 715 1585 787 f.;
1629 735 1676 774 s.
1735 717 1880 774 Erat
1910 715 2210 775 Antonius
2241 715 2555 774 caraccioli
2587 710 3018 792 Neapolitanus

398 802 599 880 Satyri
628 806 775 878 conf.
821 810 873 861 et
919 822 993 861 ss.
1025 804 1323 862 Ambrosii
1353 811 1404 862 et
1434 804 1678 863 Marcel-
1736 824 1767 864 e
1798 805 2152 864 clericorum
2201 804 2571 881 regularium
2619 804 2861 876 familia,
2915 807 3022 883 qui

388 893 555 952 linae
585 893 840 951 tumulus
869 893 987 950 luci
1015 895 1328 968 restitutus,
1363 892 1441 952 ib.
1483 902 1679 963 16583
1739 893 2014 968 quamvis
2045 893 2361 953 admodum
2401 912 2611 969 parum
2645 895 2867 954 valeret
2896 914 3020 954 me-

397 981 585 1040 Laur.
604 982 797 1040 Littae
811 982 1445 1055 civisetarehiepiseopi
1459 984 1680 1041 mediol.
1736 983 1941 1055 moria,
1975 982 2336 1060 infatigabili
2367 981 2685 1058 diligentia
2703 986 2764 1041 et
2782 984 3024 1043 solertia

398 1072 539 1146 vita,
575 1071 653 1129 ib.
696 1079 860 1133 1653
895 1069 958 1128 in
993 1080 1049 1132 4.
1081 1103 1169 1113 —
1202 1067 1420 1129 Istoria·
1463 1072 1681 1130 ecclesi·
1738 1072 1877 1131 huic
1906 1071 2253 1131 medebatur
2281 1071 2540 1130 defectui
2561 1070 2724 1142 aden,
2759 1076 2830 1132 ut
2849 1074 3025 1148 plura

398 1161 581 1218 ostica
613 1161 678 1218 di
708 1158 991 1218 Piacenza
1021 1161 1065 1216 t.
1090 1167 1125 1220 3
1161 1159 1225 1217 in
1243 1159 1283 1216 f.
1318 1156 1599 1238 (quorum
1626 1171 1681 1224 3.
1739 1161 1921 1219 etiam
1966 1160 2140 1220 docta
2185 1159 2583 1237 composuerit
2616 1179 2793 1235 opera
2825 1156 2888 1244 (†
2927 1172 3022 1225 19.

390 1251 491 1307 est
523 1249 696 1307 valde
728 1244 942 1328 rarus),
977 1247 1307 1307 Placentiae
1334 1260 1360 1311 1
1377 1257 1455 1311 65
1473 1260 1673 1312 1-61
1740 1249 1942 1308 Martii
1971 1258 2132 1312 1642
2157 1244 2614 1329 octogenarius).
2646 1249 2856 1308 Adhuc
2876 1270 3022 1326 pue·

391 1331 464 1418 (1.
488 1333 600 1419 40)
633 1341 696 1396 et
720 1339 838 1396 vita
864 1336 1137 1413 Greyorii
1155 1337 1236 1413 X,
1270 1337 1487 1396 Romae
1515 1346 1678 1401 1635
1738 1339 1910 1397 rulus
1940 1338 2126 1398 libros
2157 1357 2387 1414 semper
2431 1356 2633 1397 secum
2662 1338 2907 1409 ferebat,
2955 1342 3026 1399 ut

395 1426 459 1484 in
478 1436 535 1487 4.
554 1429 700 1485 sunt
712 1426 875 1486 Petri
895 1426 1113 1485 Mariae
1135 1427 1175 1486 C
1192 1425 1407 1503 ampi.
1426 1460 1517 1471 —
1536 1428 1680 1485 Ber·
1738 1427 1952 1504 quovis
1983 1427 2270 1503 temporis
2301 1430 2603 1486 momento
2633 1427 2786 1485 bene
2817 1430 3021 1487 utere-

396 1516 619 1574 nardus
650 1517 937 1592 Faynus
968 1515 1213 1592 collegit
1233 1517 1521 1593 cataloyos
1539 1535 1680 1592 qua·
1736 1520 1855 1576 tur.
1891 1515 2169 1575 Ordinem
2202 1515 2506 1592 ingressus
2541 1511 2769 1596 (1584)
2802 1516 3019 1576 solida-

390 1612 530 1664 tuor
549 1605 976 1680 episcoporum,
1009 1604 1413 1673 cardinalium,
1434 1604 1679 1663 vicario-
1735 1624 1873 1663 rum
1894 1604 2191 1663 virtutum
2213 1604 2414 1663 studio
2433 1603 2671 1663 enituit.
2704 1599 3022 1681 Aliquam-

398 1712 532 1751 rum
569 1694 928 1770 generalium
958 1692 1337 1752 ecclesiarum
1376 1693 1681 1752 brixianae
1736 1694 1844 1753 diu
1874 1693 2312 1770 philosophiam
2343 1693 2560 1763 docuit,
2602 1692 2704 1751 sed
2736 1693 3023 1753 cathedra

392 1782 571 1853 sediS,
605 1782 842 1841 Brixiae
879 1789 1044 1845 1658
1079 1781 1142 1839 in
1166 1790 1222 1842 4.
1254 1815 1327 1826 -
1371 1782 1681 1841 Francisco
1736 1784 1961 1852 relicta,
1995 1800 2189 1842 sacrae
2222 1781 2503 1841 scientiae
2532 1785 2729 1841 totum
2765 1800 2826 1841 se
2846 1782 3024 1843 devo-

395 1871 813 1930 Barbarano
846 1870 1059 1946 O.Cap.
1094 1870 1361 1929 Vicetino
1386 1868 1447 1947 (†
1483 1866 1678 1953 1656)
1735 1872 1842 1934 vit.
1876 1870 2040 1946 Opus
2071 1872 2201 1947 ejus
2240 1871 2626 1947 posthumum
2672 1871 2860 1931 edidit
2892 1873 3022 1948 ejus

391 1958 682 2018 debemus
704 1960 918 2018 latoria
941 1959 1315 2017 ecclesiastica
1333 1960 1480 2018 della
1506 1959 1677 2035 Cina,
1738 1960 1957 2019 sodalis
1969 1960 2172 2018 Franc.
2189 1959 2480 2018 Bolvito
2495 1954 2562 2039 ¹),
2580 1959 2687 2036 qui
2701 1964 2915 2020 cuncta
2933 1961 3023 2019 di-

404 2048 719 2106 Territorio
738 2067 767 2106 e
785 2047 1017 2107 Diocesi
1034 2049 1098 2106 di
1130 2047 1390 2119 Vicenza‚
1425 2048 1682 2107 Vicetiae
1737 2048 1942 2125 gessit,
1980 2048 2189 2106 stilum
2221 2048 2443 2106 alicubi
2473 2049 2732 2107 mutavit
2763 2052 2825 2108 et
2843 2049 3022 2109 innu-

404 2147 429 2198 l
447 2146 748 2200 649—53
801 2140 845 2195 t.
896 2145 931 2198 3
982 2136 1045 2194 in
1101 2146 1155 2198 4.
1205 2169 1284 2180 —
1332 2137 1681 2196 Bernardini
1736 2156 1927 2196 meras
1976 2139 2358 2213 penetrantes
2408 2137 2649 2194 lacunas
2701 2137 3020 2213 supplevit.

396 2226 744 2285 Manzoni
776 2225 839 2284 Ο.
874 2226 1049 2285 Conv.
1084 2221 1146 2308 (†
1186 2221 1381 2307 1647)
1415 2231 1506 2285 est
1541 2225 1681 2284 Cae·
1736 2225 1870 2284 Alia
1900 2224 2166 2301 ejusdem
2193 2243 2371 2301 opera
2390 2227 2561 2284 sunt:
2594 2226 2682 2283 De
2711 2228 2828 2284 vita
2849 2227 3026 2285 Pauli

392 2333 568 2372 senae.
612 2334 657 2374 s.
687 2316 933 2374 histom‘a
964 2316 1365 2391 ecclesiastiea,
1398 2315 1682 2374 Caesenae
1739 2314 1779 2373 I
1790 2314 1848 2372 V.
1889 2315 1956 2372 P.
1989 2315 2070 2375 Μ.
2115 2314 2471 2373 collectanea
2517 2313 2826 2384 historica3
2876 2314 3023 2374 item

404 2412 605 2474 16433
639 2404 918 2481 Lugduni
951 2405 1016 2462 B.
1058 2412 1224 2467 1723
1257 2404 1321 2462 in
1351 2402 1498 2462 f.—
1522 2404 1683 2462 Felix
1740 2403 2102 2477 Cajetani
2162 2402 2457 2471 Thienaei,
2528 2401 2929 2462 Bonifacii
2991 2423 3025 2462 a

396 2491 642 2551 Ciatti
694 2492 757 2551 Ο.
810 2493 949 2551 Min.
992 2493 1168 2552 Conv.
1208 2492 1537 2551 Perusinus
1599 2489 1681 2572 (n.
1738 2491 1913 2563 Colle,
1947 2490 2171 2550 Pauli
2203 2490 2547 2561 consiliarii,
2582 2491 2686 2565 qui
2734 2510 2855 2550 una
2887 2510 3022 2550 cum

408 2591 593 2651 1592,
646 2579 683 2648 †
734 2577 928 2663 1642)
975 2581 1308 2658 plurimum
1351 2580 1685 2641 illustravit
1738 2581 1924 2640 Paulo
1953 2579 2051 2640 IV.
2084 2583 2229 2639 tunc
2259 2579 2526 2639 theatino
2558 2580 2828 2657 episcopo
2860 2580 3019 2640 ordi-

398 2669 708 2729 historiam
739 2672 1080 2748 perusinam
1110 2671 1237 2730 suis
1258 2671 1514 2746 scriptiS,
1548 2690 1682 2729 eru-
1737 2689 1876 2729 nem
1925 2670 2272 2728 clericorum
2320 2669 2686 2746 regularium
2735 2670 3022 2730 fundave-

400 2759 542 2818 ditis
574 2759 830 2834 quidem,
863 2760 967 2818 sed
996 2759 1197 2819 minus
1219 2760 1461 2832 criticis,
1494 2779 1526 2819 e
1546 2760 1680 2835 qui·
1737 2762 1901 2829 runt,
1947 2760 2118 2834 vitae,
2155 2758 2426 2818 Coloniae
2467 2767 2630 2821 1612
2680 2758 2744 2817 in
2778 2768 2849 2829 4;
2895 2760 3024 2819 vita

397 2848 512 2907 bus
564 2848 680 2906 huc
740 2848 945 2907 referri
1005 2852 1286 2924 possunt:
1353 2850 1681 2908 Paradosso
1740 2866 1783 2906 s.
1819 2848 2083 2923 Cajetani
2125 2851 2365 2922 recepta
2409 2847 2526 2906 fuit
2570 2846 2634 2905 in
2672 2850 2801 2907 acta
2832 2848 2928 2907 SS.
2967 2857 3020 2911 7.

396 2937 618 2996 storico
649 2937 796 2995 della
831 2936 1035 2996 Chiesa
1057 2939 1351 3015 peruqina
1382 2957 1413 2995 e
1445 2937 1542 2996 del
1574 2956 1682 2997 suo
1739 2938 1930 3013 Aug.;
1977 2936 2260 2996 historica
2303 2935 2735 2995 demonstratio
2779 2939 2929 3013 quod
2976 2956 3022 2998 s.

399 3026 593 3101 primo
626 3025 905 3099 Vescov0,
952 3025 1214 3084 Venetiis
1266 3034 1452 3097 1634,
1503 3045 1681 3102 opus·
1740 3026 2026 3083 Januarii
2035 3027 2240 3101 patria
2259 3026 2539 3100 Neapolis
2551 3025 2734 3099 fuerit
2756 3020 3021 3105 (recepta

394 3114 602 3172 culum
635 3117 728 3172 sat
771 3134 1002 3184 rarum;
1054 3112 1215 3174 Daue
1245 3114 1521 3172 Memorie
1555 3116 1682 3174 An·
1739 3114 1896 3172 inter
1928 3132 2090 3173 sacra
2128 3118 2515 3172 monumenta
2559 3114 2836 3173 ecclesiae
2883 3133 3022 3173 nea-

396 3204 524 3261 nali
555 3204 623 3261 ed
642 3203 918 3262 Istoriche
947 3204 1086 3261 delle
1103 3222 1227 3262 cose
1245 3204 1308 3261 di
1328 3204 1578 3280 Peruqia
1599 3250 1613 3264 .
1635 3248 1646 3260 .
1670 3247 1681 3259 .
1739 3197 1886 3284 pol.)
1910 3223 1923 3271 ;
1957 3204 2342 3261 nomenclator
2371 3210 2422 3260 et
2440 3204 2768 3278 propylaea
2797 3205 2860 3260 in
2877 3222 3020 3279 qua-

398 3292 555 3350 nelle
587 3292 749 3367 quali
786 3293 837 3351 si
857 3292 1119 3351 descrive
1141 3292 1396 3369 Perugia
1415 3292 1680 3362 Etrusca,
1738 3298 1873 3349 tuor
1886 3294 2151 3368 antiquos
2168 3291 2548 3366 chronoloyos,
2572 3290 2822 3365 Neapoli
2851 3299 3016 3353 1626

398 3380 660 3440 Romana
675 3380 747 3438 ed
768 3383 1062 3458 Augusta,
1084 3380 1318 3440 Perusii
1342 3381 1587 3443 1638in
1606 3391 1681 3453 4.,
1739 3379 1802 3437 in
1837 3389 1914 3449 4.,
1962 3380 2082 3439 scil.
2117 3380 2179 3437 in
2210 3379 2773 3454 Herempertum,
2819 3398 3021 3438 mona-

347 3494 372 3533 ι
396 3469 496 3527 cui
545 3470 799 3546 subjecit
831 3492 886 3546 p.
924 3481 980 3532 4.
1014 3469 1265 3547 Peruyia
1297 3469 1602 3545 Pontificio
1615 3465 1681 3550 ¹).
1740 3469 1915 3527 chum
1929 3468 2344 3536 cassinensem,
2367 3468 3022 3543 auctoremprincipum

400 3592 484 3602 —
549 3559 932 3618 Sebastianus
1013 3558 1681 3618 Andreantonelli
1739 3558 2281 3616 beneventanorum
2305 3556 2378 3613 ab
2399 3575 2449 3618 a.
2475 3563 2854 3627 785—8883
2886 3556 3014 3615 Lu-

398 3647 839 3722 protonotarius
898 3650 959 3705 et
1002 3648 1316 3706 canonicus
1364 3647 1681 3707 asculanus
1737 3666 1775 3721 p
1793 3665 1909 3703 um
1957 3644 2410 3719 Protospatham
2460 3641 2554 3725 (cf.
2599 3644 2889 3703 nomencl.
2934 3645 3021 3715 1³,

395 3731 462 3816 (†
500 3731 694 3816 1644)
744 3735 983 3812 scripsit
1028 3736 1325 3794 Historiae
1354 3738 1682 3795 Asculanae
1748 3731 1952 3813 1095),
1975 3733 2080 3809 qui
2101 3733 2338 3808 scripsit
2357 3732 2675 3792 chronicon
2696 3733 2863 3809 regni
2880 3753 3020 3793 nea·

397 3825 463 3887 ll.
498 3834 552 3885 4.
585 3824 853 3883 Accessit
890 3824 1188 3883 Historiae
1229 3843 1434 3883 sacrae
1477 3825 1517 3883 1.
1560 3825 1680 3883 sin·
1736 3823 1993 3899 politani
2026 3823 2099 3881 ab
2131 3842 2180 3880 a.
2206 3830 2597 3885 806—1102
2635 3822 2791 3880 sicut
2820 3825 2881 3882 et
2895 3826 3018 3881 ter-

392 3913 643 3989 gularis,
666 3931 816 3988 opus
837 3913 1240 3988 posthumum,
1262 3913 1491 3972 Patavii
1513 3924 1630 3977 167
1642 3923 1676 3975 3
1736 3913 1861 3971 tius
1894 3907 2256 3994 (anonymus
2288 3911 2612 3970 monachus
2633 3907 3014 3993 cassinensis)

396 4002 460 4060 in
495 4011 553 4063 4.
1735 4002 1809 4059 ab
1842 4009 2372 4069 amoc—1195,
2407 4000 2715 4059 etFalco
2746 4001 3015 4060 notarius

1734 4090 2096 4164 apostolicus
2130 4086 2233 4170 (ib.
2266 4089 2379 4160 11³,
2418 4089 2524 4165 39)
2556 4090 2630 4147 ab
2664 4110 2713 4148 a.
2755 4098 3007 4153 1102—

488 4190 633 4243 487.
666 4180 754 4239 De
783 4181 972 4238 sacris
1002 4176 1259 4237 ecclesiae
1278 4179 1680 4251 neapolitanae
1741 4189 1922 4249 1140,
1956 4198 2104 4254 opus
2136 4198 2352 4247 rarum,
2388 4177 2547 4253 quod
2579 4183 2713 4253 post
2731 4178 2876 4236 alias
2898 4181 3019 4235 tres

396 4271 776 4327 monumentis
825 4269 1046 4326 librum
1092 4267 1457 4344 singularem
1504 4263 1677 4350 (opus
1734 4266 2026 4326 editiones
2070 4267 2291 4342 recepit
2335 4267 2715 4326 Muratori
2761 4266 2824 4323 in
2869 4268 2912 4324 t.
2949 4265 3018 4327 V.

395 4352 807 4440 posthumum)
837 4356 1082 4431 reliquit
1114 4353 1391 4439 (Neapoli
1416 4364 1579 4419 1645
1614 4356 1677 4414 in
1734 4356 1936 4431 script.
1987 4376 2187 4414 rerum
2237 4356 2587 4413 italicarum.
2681 4354 2834 4430 Biqa
2887 4354 3020 4411 illu-

303 4523 307 4527 ·
396 4442 463 4527 f.)
484 4446 784 4505 Antonius
806 4446 1220 4515 Caraccioli,
1253 4446 1318 4504 in
1347 4464 1465 4521 quo
1484 4446 1676 4522 plera-

392 4552 517 4608 que
537 4535 599 4592 in
619 4553 687 4593 ea
705 4554 739 4593 a
770 4535 1067 4611 primaeva
1088 4536 1275 4612 ipsius
1292 4535 1676 4594 institutione

1815 4605 1849 4665 1)
1877 4597 1984 4651 ch
2025 4596 2112 4651 Fr.
2153 4596 2460 4650 Bolvito
2506 4593 2733 4662 scripsit
2772 4594 2830 4646 et
2868 4596 2914 4647 b.
2948 4596 3017 4647 Α.

1733 4673 1965 4724 Avellim’
2000 4673 2159 4723 vitam
2200 4671 2251 4722 11.
2292 4673 2343 4731 3,
2388 4664 2630 4734 Neapoli
2672 4668 2829 4721 1622.
2879 4664 3019 4733 Ejus

472 4740 511 4819 ¹)
539 4739 622 4794 Cf.
640 4739 1016 4811 Vermiglioli,
1035 4741 1317 4812 Biografia
1336 4741 1489 4810 degli
1507 4741 1674 4796 Scrit-
1731 4740 2058 4795 clericorum
2099 4754 2214 4808 reg.
2242 4736 2588 4806 Scriptorum
2628 4738 3018 4817 ..Nom-endam,

393 4812 509 4863 tori
535 4810 805 4882 Perugini
830 4812 870 4879 1,
896 4816 1001 4870 323
1019 4831 1090 4870 ss.
1733 4829 1848 4881 quo
1865 4809 2059 4865 aliiusi
2074 4812 2224 4874 sunt,
2237 4807 2462 4862 videtur
2474 4823 2740 4861 mansisse
2755 4806 3019 4860 meditus.

2607 4897 2700 4953 36.
