3625 5193
574 235 697 291 3533
951 223 1322 276 1621—1640.
1348 219 1448 272 Jus
1473 219 1825 273 canonicum.
1856 219 2180 285 Cherubini,
2209 219 2446 285 Scortia,
2473 219 2816 284 Matthaeus,
3074 240 3197 292 864

569 405 930 483 gregationis
964 404 1302 462 Maurinae:
1351 405 1665 463 constituit
1705 405 2360 481 Con-'storiographus
2404 405 2646 463 Hen1·ici
2680 405 2773 464 IV.
2819 402 2904 486 (n.
2948 417 3129 472 1563,
3164 405 3202 473 †

569 497 747 553 clavis
795 493 1079 564 ordinem,
1127 493 1232 568 qui
1275 493 1447 554 modo
1489 493 1680 552 adhuc
1728 512 1851 553 ser·
1918 504 2011 555 12.
2036 494 2158 553 Oct.
2190 492 2381 572 1621)
2416 498 2650 567 praeter
2681 495 2855 570 plura
2890 496 2965 553 ad
2997 514 3199 554 recen—

569 588 745 643 vatur
795 583 1186 658 probavitque
1234 583 1714 660 suffragationem
1762 602 1850 641 se·
1907 583 2121 641 tiorem
2141 583 2450 642 historiam
2473 583 2696 641 Galliae
2723 585 3054 658 spectantia
3075 585 3198 642 edi-

567 677 799 736 cretam.
862 672 1007 747 Ejus
1058 670 1381 730 decisiones
1434 671 1676 749 collegit
1726 672 1847 731 Oli-
1907 670 2000 730 dit
2049 690 2334 730 sunnnam
2380 675 2849 730 constitutionum
2887 675 3196 748 pontifica-

566 763 763 820 verius
810 760 1290 820 Beltramini
1335 756 1396 842 (†
1436 759 1628 840 1624)
1672 763 1851 836 atque
1907 761 2048 818 liu-m
2081 778 2190 820 seu
2221 780 2420 819 rerum
2454 761 2517 818 in
2539 761 2802 820 Ecclesia
2833 781 3079 821 romana
3097 782 3197 840 ge-

564 851 984 911 commentario
1034 850 1365 908 illustratas
1415 849 1605 908 edidit
1660 849 1849 908 Vene-

564 941 667 999 tiis
711 949 873 1002 1623
913 940 975 997 in
1008 939 1045 996 f.

656 1091 798 1146 362.
836 1083 1228 1140 Romanorum
1251 1079 1595 1156 pontificum
1629 1080 1848 1154 episto-

563 1175 647 1230 las
694 1172 1014 1230 decret-ales
1060 1170 1303 1246 collegit
1347 1170 1640 1243 edititque
1673 1169 1846 1225 La‘er-

561 1262 684 1320 tius
702 1256 1153 1341 Cherubinil)
1173 1259 1522 1334 Spoletanus
1550 1253 1844 1339 (1·1626),

560 1369 711 1427 quae
743 1349 1008 1408 collectio
1054 1348 1278 1406 dicitur
1310 1348 1640 1405 Bullarium
1690 1366 1846 1423 maq-

560 1459 699 1498 num
732 1433 1266 1513 complectiturque
1288 1436 1488 1494 Bullas
1511 1436 1845 1511 pontificias

560 1551 591 1585 a
624 1530 813 1586 Leone
845 1527 887 1589 I.
922 1527 995 1584 ad
1028 1527 1259 1584 Sixtum
1277 1524 1363 1594 V„
1402 1527 1616 1584 Romae
1653 1534 1844 1590 1586;

562 1624 804 1676 auctum
867 1624 1023 1678 1617
1061 1635 1112 1673 v.
1150 1624 1184 1677 3
1235 1614 1299 1672 in
1331 1614 1367 1671 f.
1415 1615 1673 1672 Tertiam
1721 1614 1844 1672 edi-

559 1707 799 1774 tionem,
852 1724 1030 1780 quam
1077 1705 1393 1779 inceperat,
1442 1704 1670 1761 curavit
1718 1704 1844 1778 ejus

558 1796 718 1853 filius
767 1795 1033 1870 Angelus
1080 1794 1266 1851 Maria
1306 1792 1733 1850 Cherubini
1778 1792 1840 1849 O.

559 1883 613 1945 S.
649 1885 807 1952 Ben,
843 1901 992 1958 quae
1024 1881 1443 1957 complectitur
1475 1881 1667 1939 bullas
1693 1882 1839 1939 Pon-

554 1972 782 2030 tificum
830 1990 1021 2046 usque
1062 1971 1135 2028 ad
1165 1970 1472 2029 Urbanum
1506 1969 1679 2034 V111.,
1727 1969 1841 2028 R0÷

555 2080 683 2119 mae
726 2070 887 2123 1634
924 2080 975 2118 v.
1014 2070 1049 2120 4
1083 2061 1144 2118 in
1178 2060 1215 2117 f.
1253 2093 1334 2103 -
1367 2061 1436 2117 In
1480 2061 1721 2117 selectas
1766 2078 1838 2116 se.

554 2149 903 2226 pontificum
953 2149 1411 2208 constitutiones
1458 2150 1732 2221 epitomen
1780 2152 1840 2206 et

553 2241 900 2298 theoremata
933 2239 1257 2297 elaboravit
1279 2238 1535 2296 ‚Ioannes
1569 2238 1841 2312 Baptista

557 2328 862 2387 Scortia
914 2328 967 2385 S.
1020 2328 1074 2386 J.
1127 2328 1455 2385 Genuensis
1510 2324 1569 2402 (†
1627 2324 1838 2402 1627),

554 2418 889 2493 theologiae
920 2417 1159 2475 moralis
1202 2415 1513 2490 professor,
1562 2415 1839 2490 Lugduni

568 2516 725 2568 1625
764 2507 826 2563 in
862 2516 916 2574 4,
965 2506 1135 2581 cujus
1168 2505 1346 2563 eliam
1379 2507 1610 2561 exstant
1641 2505 1709 2560 de
1739 2523 1839 2561 sa-

552 2604 848 2655 crosancto
882 2595 1098 2653 Missae
1128 2594 1411 2667 sacr-isicio
1444 2594 1500 2649 ll.
1529 2594 1583 2663 4,
1620 2593 1841 2667 quibus

552 2706 619 2743 ex
653 2685 987 2760 theologica
1017 2684 1301 2749 doctrina,
1337 2682 1616 2740 canonico
1651 2682 1840 2740 civili-

1907 853 2134 907 starum
2180 871 2212 906 a
2256 850 2535 925 Gregorio
2581 849 2675 908 lx.
2726 850 2799 908 ad
2847 851 3077 909 Sixtum
3109 851 3195 918 V„

1907 937 2184 1014 Lugduni
2240 947 2401 1001 1588
2450 938 2511 996 in
2561 949 2629 1008 43
2684 943 3081 997 annotationes
3135 941 3198 998 in

1905 1027 1941 1083 f.
1976 1031 2085 1084 etc.
2121 1028 2232 1095 ‚In
2266 1027 2521 1104 epistola
2553 1027 2624 1084 ad
2661 1028 2891 1086 Sixtum
2928 1029 2992 1086 V.
3029 1049 3194 1104 prae-

1904 1116 2019 1174 fixa
2066 1135 2205 1174 suae
2253 1134 2513 1176 summae
2560 1116 2875 1192 profitetur
2922 1118 3193 1176 meditari

1905 1223 1966 1262 se
1997 1224 2208 1263 novam
2243 1204 2645 1264 collectionem
2689 1206 2801 1263 sub
2835 1207 3017 1266 titulo
3052 1208 3194 1280 Sep-

1903 1295 2030 1351 timi
2079 1295 2466 1353 Dect-etalium
2515 1295 2569 1351 h.
2622 1313 2669 1352 e.
2723 1295 3193 1354 continuationis

1902 1383 2395 1442 constitutionum
2430 1403 2463 1440 a
2509 1384 2759 1441 summis
2810 1385 3193 1458 pontificibus

1900 1481 2037 1547 post
2061 1472 2523 1549 Extravagantes
2558 1472 2845 1531 editarum
2878 1473 3193 1532 asixti-Iv.

1902 1564 2166 1635 tempore
2199 1560 2272 1618 ad
2305 1561 2501 1636 ipsum
2532 1561 2761 1620 Sixtum
2786 1561 2846 1619 V.
2883 1562 2957 1620 Et.
2990 1581 3194 1620 revera

1901 1650 2078 1724 paulo
2111 1653 2248 1724 post
2279 1650 2504 1724 prodiit
2537 1650 2827 1724 Septimus
2869 1651 2968 1708 ille
3001 1652 3190 1708 decre-

1901 1735 2106 1796 talium
2129 1784 2140 1796 .
2165 1784 2175 1794 .
2199 1788 2211 1800 .
2233 1739 2387 1801 card.
2410 1740 2687 1814 Cajetano
2721 1739 2972 1806 dicatus,
3007 1741 3186 1797 Fran-

1899 1827 2118 1884 cofurti
2147 1838 2333 1895 1590,
2371 1846 2548 1902 quem
2577 1828 2816 1885 tandem
2851 1828 3188 1905 lugdunen-

1899 1934 1986 1974 ses
2018 1916 2376 1991 bibliopolae
2406 1917 2472 1974 in
2504 1917 2592 1974 ed.
2627 1918 2887 1992 corporis
2921 1919 3189 1976 canonici

1900 2024 1948 2062 a.
2012 2014 2213 2075 1622ς
2287 2017 2439 2068 1671
2518 2011 2658 2080 post
2721 2006 3187 2082 Extravagantes

1899 2112 2240 2152 communes
2290 2095 2668 2152 collocarunt.
2733 2095 2802 2151 Ei
2854 2096 3015 2169 operi
3067 2113 3189 2153 non

1897 2183 2069 2240 modo
2103 2184 2422 2242 auctoritas
2455 2182 2897 2258 publicadeest,
2935 2183 3035 2241 sed
3070 2185 3192 2243 alia

1896 2290 2014 2329 non
2049 2290 2235 2347 pauca
2267 2272 2329 2329 in
2361 2291 2428 2331 eo
2461 2272 2872 2331 desidem-ntur
2906 2277 2966 2330 et
2997 2291 3187 2347 quan-

1898 2365 2026 2418 tum
2059 2360 2132 2417 ad
2164 2361 2414 2419 titulum
2446 2363 2507 2419 et
2539 2360 2632 2419 vel
2663 2361 2849 2437 magis
2892 2369 3186 2436 quantum

1896 2448 1969 2506 ad
2002 2468 2127 2507 rem
2159 2450 2366 2525 ipsam.
2421 2451 2616 2508 Primo
2651 2449 2805 2508 enim
2839 2451 2887 2507 si
2921 2450 3188 2509 Clemens

1897 2538 1960 2594 V.
1997 2539 2331 2596 collectioni
2363 2559 2501 2599 suae
2533 2540 2783 2598 titulum
2836 2539 3011 2599 illum
3046 2538 3185 2614 Sep-

1898 2630 2025 2685 timi
2045 2629 2430 2687 Decretalium
2466 2629 2781 2687 convenire
2802 2629 3057 2705 putavit,
3093 2630 3187 2685 hic

1892 2718 2013 2792 jam
2046 2736 2165 2775 non
2214 2718 2500 2793 septimus
2533 2717 2586 2785 1.,
2639 2718 2741 2776 sed
2774 2722 2910 2793 post
2957 2717 3186 2776 additas

553 2793 667 2849 que
694 2775 848 2848 jure·
886 2789 1082 2830 ferum
1104 2775 1403 2847 gestarum
1426 2770 1671 2845 probata
1705 2791 1839 2829 nar·
1897 2806 2425 2882 Exti-evagantium
2470 2808 2617 2865 duas
2659 2807 3040 2865 collectiones
3082 2805 3183 2863 de-

550 2862 778 2920 ratione
811 2864 872 2918 et
918 2860 1292 2936 chronologia
1337 2859 1630 2928 universa,
1685 2879 1839 2934 quae

1895 2894 2083 2953 cimus
2163 2896 2546 2953 decretalium
2640 2896 2926 2953 dicendus
3011 2900 3184 2953 es=et.

553 2950 625 3009 ad
660 2952 893 3007 tantum
916 2949 1267 3025 mysterium
1293 2949 1614 3024 pertinent'
1650 2951 1837 3024 expli‘
1896 2982 2119 3042 Deinde
2165 3003 2271 3044 nec
2302 2985 2362 3041 ll.
2398 3003 2504 3042 nec
2550 2985 2870 3043 titulorum
2919 2984 3182 3042 ordinem

551 3041 762 3097 cantur
782 3044 843 3096 et
862 3038 1299 3114 probatissimis
1320 3038 1684 3096 testimoniis
1701 3057 1837 3095 con-

549 3123 941 3209 firmantur-2),
993 3127 1269 3205 Lugduni
1331 3138 1492 3189 1616
1546 3128 1608 3185 in
1649 3137 1701 3188 4.
1753 3162 1836 3171 —

1893 3072 1956 3131 in
2020 3072 2318 3148 prioribus
2381 3073 2830 3132 collectionibus
2883 3076 3184 3131 servatum

1893 3162 2092 3220 tenuit
2123 3168 2346 3231 auctor,
2383 3169 2444 3220 et
2475 3180 2659 3221 novos
2685 3181 2899 3238 magno
2932 3180 3181 3220 numero

548 3218 763 3275 Petrus
796 3217 1243 3275 Matthaeus
1289 3216 1606 3274 advocatus
1655 3219 1714 3273 “t
1746 3216 1836 3318 ,hi‘
1892 3251 2104 3309 titulos
2156 3251 2425 3319 inseruit,
2479 3270 2732 3326 quorum
2785 3251 3054 3326 plerique
3107 3250 3179 3308 ad

1893 3340 2151 3413 aliquem
2183 3360 2251 3397 ex
2292 3339 2680 3398 decretalium
2722 3340 2922 3398 titulis
2968 3339 3179 3397 referri

629 3426 664 3495 ¹)
692 3422 865 3477 Plura
905 3423 974 3475 (ῙΘ
1016 3440 1079 3477 ‘³0
1108 3423 1175 3476 cf.
1215 3440 1304 3491 aP·
1336 3420 1378 3473 Ε
1398 3440 1473 3489 ry
1491 3422 1704 3474 fibrae
1725 3439 1760 3474 1¹
1780 3440 1836 3502 m
1892 3428 2230 3503 potuissent
2273 3430 2540 3504 exemplo
2591 3430 2842 3487 aliarum
2895 3428 3178 3503 compila-

549 3494 736 3549 Pinass·
776 3498 827 3557 3,
862 3498 986 3551 361·
1031 3528 1095 3533 -
1145 3493 1373 3546 FlaViUS
1420 3492 1834 3572 chemmin}
1890 3517 2121 3576 tionum
2155 3517 2471 3578 minorum.
2539 3518 2804 3592 Denique
2838 3519 2885 3575 si
2921 3518 3052 3592 quis
3083 3538 3178 3573 ac-

546 3566 788 3620 confecit
836 3564 1073 3621 Bullarii
1124 3567 1482 3633 corripendium
1502 3607 1516 3633 ,
1572 3564 1833 3633 Lugduni
1987 3626 1997 3636 “
2861 3609 2868 3616 .
3098 3625 3110 3636 .

545 3642 687 3693 1624
712 3637 771 3689 jn
797 3641 849 3692 4·
886 3671 954 3677 ,-
994 3636 1327 3691 Laurentius
1368 3634 1539 3704 Emp
1557 3634 1658 3688 015
1690 3634 1750 3689 Ο.
1780 3636 1833 3694 S·
1893 3609 2094 3663 culate
2127 3609 2342 3664 cuncta
2373 3606 2719 3681 perpendat,
2768 3607 2933 3664 facile
2965 3605 3174 3679 depie-

550 3711 692 3777 Aug,
721 3713 767 3779 (ψ
793 3713 843 3765 9,
862 3708 1005 3763 Nov,
1030 3711 1189 3778 1632)
1218 3707 1433 3761 ordinis
1459 3708 1549 3760 gui
1575 3722 1834 3776 procura-
1892 3694 2108 3758 hendet
2141 3697 2201 3751 et
2232 3695 2409 3752 utilia
2440 3696 2856 3770 praetermissa
2883 3699 2943 3751 et
2974 3694 3180 3751 minus

546 3782 633 3833 ¹³01·
658 3779 937 3848 generalis
963 3778 1193 3859 collegit
1227 3778 1477 3847 ejusdem
1512 3782 1834 3842 nullm-ium,
1890 3783 2212 3841 necessaria
2243 3784 2381 3841 huic
2413 3785 2575 3860 operi
2612 3784 2796 3842 fuisse
2828 3784 3052 3841 intexta
3065 3778 3176 3853 1).<

548 3850 756 3956 R02mae
784 3853 925 3904 1628
960 3866 1019 3929 3¹¹
1048 3849 1118 3930 f·.
1779 3919 1789 3929 .
1889 3872 1997 3929 His
2039 3872 2199 3930 vitiis
2241 3873 2404 3931 addit.
2439 3874 2723 3932 eibertus
2756 3873 2818 3930 in
2858 3854 3175 3948 prologsp.

643 3921 906 3988 )„Opus‚
960 3921 1154 3986 inquit
1192 3919 1322 3972 Sala
1368 3920 1563 3987 [praef.
1610 3935 1734 3987 gen.
1776 3937 1836 3972 in
2014 3961 2023 3971 .
2451 3964 2461 3974 .
2548 3963 2559 3974 .

544 3990 732 4042 Bonae
775 4004 863 4056 Op,
907 4007 961 4058 p·
1004 3989 1280 4059 LXXX-fl)
1324 3990 1567 4057 plurima
1607 3990 1834 4057 quidem
1899 3971 1947 4021 1.
1982 3965 2073 4017 tit.
2112 3970 2212 4022 24.
2246 3980 2404 4036 corp.
2439 3980 2597 4036 juris
2630 3979 2753 4020 can.
2799 3962 2968 4038 longe
3002 3961 3183 4035 plura

541 4076 729 4112 rerum
775 4059 1167 4128 liturgicarum
1209 4059 1415 4113 notitia
1442 4061 1729 4125 refertum,
1778 4066 1835 4114 et·

544 4129 786 4184 eruditis
825 4130 956 4198 plus
997 4134 1249 4199 saperet,
1302 4130 1350 4183 si
1390 4132 1586 4201 majori
1634 4133 1836 4185 fuisset
3109 4167 3113 4170 <

544 4220 673 4257 cum
700 4200 921 4254 criterio
945 4201 1251 4255 discussum
1274 4226 1282 4252 r
1312 4218 1414 4256 sua
1442 4208 1633 4256 tamen
1661 4203 1832 4258 laude
1965 4209 2002 4267 ¹)
2032 4204 2119 4255 lta
2145 4204 2354 4273 Doujat
2396 4205 2649 4272 praenot.
2691 4220 2885 4257 canon.
2915 4202 2949 4257 l.
2975 4207 3011 4257 4
3036 4218 3078 4253 c.
3107 4204 3177 4256 26

543 4290 656 4326 non
685 4276 771 4327 est
795 4273 1193 4327 destituendus
1222 4278 1434 4336 auctor,
1462 4275 1558 4342 qui
1580 4276 1694 4328 fere
1723 4275 1832 4343 pri-
1887 4292 1940 4330 n.
1970 4280 2017 4329 2.
2046 4279 2095 4331 3.
2134 4274 2395 4328 Ceterum
2423 4274 2633 4327 Romae
2670 4274 2775 4327 sub
2818 4271 3180 4343 pontificibus

544 4363 665 4399 mus
703 4348 832 4414 post
860 4344 1179 4399 Durantum
1215 4347 1373 4400 brevi
1413 4346 1680 4400 methodo
1723 4346 1833 4398 sin·
1889 4344 2159 4413 Gregorio
2176 4346 2340 4409 XIII„
2370 4346 2528 4400 Sixto
2546 4346 2612 4399 V.
2641 4348 2700 4399 et
2718 4344 3006 4399 Clemente
3027 4342 3177 4398 Vm.

539 4418 706 4488 gulas
745 4418 949 4471 missae
989 4420 1179 4486 partes
1218 4417 1502 4486 mysticiS,
1548 4417 1832 4471 historicis
1887 4432 1920 4468 a
1947 4418 2330 4486 praelatorum
2358 4415 2797 4486 congregatione
2825 4415 3070 4468 multum
3100 4414 3180 4467 la-

539 4505 603 4541 ac
630 4488 963 4558 theologicis
1004 4489 1499 4544 observationibus
1524 4488 1825 4541 illustrat-⁴
1885 4487 2148 4542 boratum
2180 4488 2292 4540 fuit
2316 4489 2375 4541 in
2397 4487 2759 4569 compilando
2787 4487 2824 4540 1.
2849 4486 2964 4539 VII.
2993 4485 3177 4538 decre-

539 4558 802 4615 Defectus
829 4564 1019 4614 autem
1049 4561 1187 4614 artis
1213 4561 1451 4625 criticae,
1489 4575 1658 4628 quam
1689 4559 1828 4613 desi·
1884 4560 2088 4614 talium
2117 4558 2212 4613 sed
2248 4560 2577 4630 compilatio
2618 4575 2914 4626 nunquam
2959 4555 3179 4626 prodiit

541 4631 697 4683 derat
740 4631 887 4696 Sala,
930 4633 1176 4685 cernitur
1214 4632 1274 4683 in
1313 4649 1417 4685 usu
1460 4629 1826 4684 decretalium
1887 4632 1971 4683 vel
2001 4631 2154 4684 edita
2181 4648 2309 4683 mox
2339 4631 2453 4684 fuit
2477 4646 2797 4700 suppressa.
2826 4630 2907 4682 Cf.
2934 4626 3172 4681 Michael

539 4702 1166 4770 pseudosidorianarum
1196 4703 1550 4769 aliorumque
1578 4719 1826 4769 quorun·
1881 4717 1914 4753 a
1958 4720 1996 4755 s.
2042 4703 2153 4756 Jos.
2201 4703 2292 4765 IV,
2340 4706 2614 4761 141—44:
2661 4702 2849 4755 Kober
2894 4698 3002 4752 KL.
3052 4697 3175 4761 VII,

540 4773 668 4825 «lam
699 4774 1150 4841 apocryphorum
1187 4775 1537 4843 scriptorum.
1881 4776 2076 4829 1890-
2095 4779 2181 4830 92.
