3625 5193
426 258 453 311 1
477 258 593 310 149
1001 240 1434 311 Archaeologia.
1462 240 1784 308 Menardus‚
1814 240 1882 297 de
1910 242 2161 312 Angelis,
2189 241 2462 303 Casalius,
2877 258 2904 309 1
2927 259 3044 313 150

418 425 624 484 scebat
655 425 847 500 iisque
880 425 1131 494 selectis,
1167 443 1317 500 quos
1352 425 1511 485 inter
1541 426 1707 502 prin·
1762 425 2053 502 praefixit,
2087 426 2485 502 praefatione!
2518 427 2737 486 Verum
2768 448 2820 486 v.
2854 429 3048 488 cardi-

419 515 610 590 cipem
640 513 835 573 locum
866 512 1129 573 obtinuit
1153 513 1411 574 Jacobus
1447 515 1707 574 Sirmon-
1761 515 1887 574 nali
1920 515 2249 586 Thomasio,
2300 518 2372 574 ut
2401 515 2465 573 in
2498 516 2628 589 ejus
2660 516 2799 574 Vita
2827 536 3050 578 memo-

418 602 533 661 dus
554 606 608 666 S.
626 602 666 661 J
671 648 683 659 .
716 602 946 661 Horum
956 602 1202 677 judicio,
1237 603 1531 679 quidquid
1551 622 1706 663 com·
1763 604 1883 662 riae
1916 604 2219 681 proditum
2266 605 2416 681 lego,
2464 604 2642 663 aliter
2672 604 2868 664 visum
2913 607 3047 665 fuit.

419 695 807 762 mentm-etur,
841 691 1185 767 permittere
1216 693 1430 752 solitus
1457 696 1587 752 erat
1616 694 1709 751 vir
1765 692 1901 751 Scil.
1935 695 2201 769 optasset
2232 694 2352 764 ille,
2404 696 2475 751 ut
2506 693 2873 753 Benedictini
2905 696 3047 754 Gre-

420 800 683 840 summae
715 780 1054 844 modestiae.
1086 782 1365 840 Memoria
1384 784 1510 840 erat
1540 800 1705 858 egre-
1763 782 2081 858 gorianum
2112 802 2146 839 a
2170 782 2431 841 Pamelio
2464 782 2691 841 editum
2712 782 3049 843 Sacramen-

420 871 522 947 gia
554 873 734 946 atque
778 869 920 928 adeo
952 869 1162 939 tenaci,
1216 872 1286 928 ut
1330 890 1481 947 quae
1526 872 1710 930 semel
1764 871 1983 928 tarium
2030 871 2092 929 in
2124 870 2263 930 edit.
2310 889 2556 947 operum
2596 890 2641 930 s.
2673 871 2941 949 Gregorii
2974 875 3048 932 M.

422 961 648 1036 legerat
689 958 1141 1017 oblivisceretur
1184 978 1490 1034 nunquam
1510 1005 1524 1030 ,
1574 960 1710 1018 hinc
1765 960 2210 1032 praetulissent,
2244 978 2379 1019 cum
2410 959 2565 1019 illud
2593 962 2784 1038 magis
2817 961 3047 1032 confor-

423 1049 594 1108 nulla
622 1066 888 1122 unquam
919 1047 1278 1107 collectanea
1307 1051 1414 1107 aut
1435 1049 1708 1108 adversa·
1764 1066 1860 1106 me
1892 1067 1958 1107 ac
2003 1049 2197 1107 simile
2229 1051 2494 1108 censeret
2534 1050 2892 1127 primigenio
2923 1052 3049 1110 tex-

422 1138 512 1196 ria
542 1136 858 1196 memoriae
891 1136 1318 1196 sustentandae
1345 1138 1542 1214 gratia
1572 1157 1708 1198 con·
1764 1137 1859 1196 tui
1903 1156 1947 1196 s.
1979 1137 2293 1214 pontificis,
2341 1157 2521 1215 quam
2565 1139 2819 1198 alterum
2863 1159 2898 1197 a
2928 1142 3049 1200 Me-

423 1226 605 1284 didit:
640 1225 798 1284 unde
817 1225 1002 1284 etiam
1022 1225 1373 1286 Sirmondus
1393 1226 1584 1286 dicere
1618 1245 1708 1286 so·
1764 1225 1951 1285 nardo
2000 1226 2260 1299 editum3
2312 1227 2471 1302 quod
2519 1230 2720 1287 tamen
2767 1227 2955 1288 facere
3004 1229 3051 1288 ii

421 1315 600 1384 lebat,
637 1314 903 1373 Menardi
923 1314 1268 1374 memoriam
1288 1334 1552 1375 morosae
1573 1317 1706 1392 plu·
1768 1315 2139 1386 vetabantur,
2174 1315 2411 1391 quando
2431 1319 2771 1376 statuerant
2799 1317 3052 1377 utilissi-

423 1404 579 1462 rium
611 1403 897 1462 librorum
930 1405 1261 1464 evolutioni
1299 1422 1362 1463 se
1392 1405 1707 1481 praeferre,
1765 1422 1889 1462 mas
1920 1404 2188 1463 Menardi
2218 1407 2389 1465 notas
2422 1404 2487 1463 in
2517 1423 2684 1464 suam
2729 1405 3049 1467 editionem

422 1497 485 1552 et
519 1492 569 1551 si
615 1510 732 1567 quo
778 1510 847 1550 ex
894 1492 1192 1552 veteribus
1238 1493 1363 1552 loco
1400 1493 1475 1552 ad
1520 1494 1704 1571 expli·
1764 1492 2000 1565 inferre,
2047 1512 2199 1569 quae
2245 1493 2435 1553 textui
2482 1494 2713 1554 diverso
2754 1516 2788 1553 a
2817 1496 3051 1554 Menar-

419 1582 606 1640 canda
638 1584 934 1639 certorum
981 1582 1336 1658 scriptorum
1374 1582 1530 1641 dicta
1560 1601 1708 1658 opus
1763 1581 1906 1641 dino
1951 1582 2191 1641 minime
2252 1583 2716 1659 respondissent.
2778 1584 3051 1643 Ceterum

420 1675 594 1739 esset,
638 1670 832 1729 multo
876 1671 1336 1744 praesentiorem
1383 1672 1497 1731 sibi
1540 1691 1710 1747 opem
1765 1671 1915 1746 quin
1930 1671 2180 1730 Pamelii
2195 1675 2397 1732 textus
2419 1673 2764 1732 Menardino
2784 1673 2867 1732 sit
2884 1693 3052 1749 prae-

421 1758 963 1836 expeditioremque
1007 1778 1133 1817 rem
1177 1760 1251 1818 ab
1296 1779 1417 1819 una
1448 1761 1711 1819 Menardi
1765 1761 2059 1832 ferendus,
2105 1763 2176 1819 ut
2209 1760 2539 1820 arbitratus
2584 1765 2675 1820 est
2706 1761 3051 1821 Thomasius

422 1849 518 1906 sui
538 1846 833 1916 memoria,
867 1865 1042 1921 quam
1066 1868 1100 1906 a
1121 1848 1397 1924 pluribus
1416 1868 1710 1908 commen-
1768 1866 1835 1907 ac
1866 1847 2005 1907 dein
2049 1848 2424 1908 confirmavit
2461 1849 2714 1908 eximius
2747 1851 2807 1909 P.
2840 1851 3052 1909 Mabil-

423 1936 594 1995 tariis
639 1934 778 1994 fore.
831 1936 1018 1994 Morte
1063 1956 1213 2013 pene
1258 1939 1566 2012 repentina
1610 1947 1709 2001 20.
1768 1936 1984 2007 Ionius,
2031 1956 2202 1996 nemo
2234 1937 2507 1996 dubitare
2538 1939 2776 2015 poterit,
2823 1939 2929 2015 qui
2961 1938 3053 1997 di-

423 2024 557 2083 Jan.
614 2032 779 2085 1644
827 2024 1100 2083 sublatus
1148 2029 1240 2084 est
1283 2026 1376 2084 vir
1424 2027 1713 2104 singulari
1767 2025 2070 2102 ligentiori
2113 2027 2279 2084 lance
2324 2031 2651 2103 utrumque
2701 2028 3052 2104 expendat.‘

424 2114 649 2190 pietate
668 2112 991 2188 praeditus,
1027 2113 1413 2190 antiquitatis
1433 2116 1709 2174 ecclesia·
1766 2114 2070 2173 Hactenus
2103 2116 2408 2175 Muratori.
2439 2116 2705 2192 Epistola
2736 2135 2782 2174 s.
2810 2117 3053 2177 Barna·

421 2203 604 2261 sticae
651 2200 1052 2276 peritissimus
1098 2206 1278 2279 atque
1327 2202 1569 2263 criticus
1615 2222 1711 2264 so·
1768 2202 1870 2261 boe
1899 2220 1996 2277 ap.
2030 2221 2164 2262 cum
2194 2202 2554 2263 doctissimis
2584 2205 2762 2276 notis,
2814 2206 3055 2265 Parisiis

423 2285 870 2372 lertissimus1).
915 2290 1081 2351 Hanc
1120 2291 1418 2351 solertiam
1464 2295 1526 2352 et
1552 2292 1710 2368 peri·
1775 2301 1940 2355 1645
1976 2292 2042 2350 in
2076 2301 2133 2356 4.
2176 2287 2351 2373 (opus
2397 2289 2843 2375 posthumum);
2889 2314 3053 2353 mar-

422 2380 570 2438 tiam
586 2382 890 2437 testantur
904 2380 1033 2455 ejus
1055 2399 1246 2455 opera,
1268 2400 1460 2457 pauca
1474 2381 1710 2457 quidem
1767 2381 2109 2459 tyr-oloqium
2153 2388 2485 2440 sanctorum
2530 2381 2592 2440 Ο.
2629 2382 2684 2443 S.
2726 2383 2869 2440 Ben.
2921 2392 2955 2445 2
2990 2384 3052 2442 ll.

426 2468 529 2528 sed
550 2468 738 2527 docta.
759 2467 964 2527 Edidit
982 2468 1040 2526 in
1062 2469 1272 2545 primis
1288 2470 1350 2533 S.
1371 2471 1710 2549 GreyoriiI.
1766 2468 2246 2528 observationum
2299 2470 2700 2541 illustratum,
2752 2470 2830 2529 ib.
2885 2481 3050 2534 1629

424 2559 622 2638 Papae
651 2557 865 2616 librum
896 2565 1391 2618 sacramentorum
1433 2559 1710 2619 correcti-
1766 2558 1831 2617 in
1866 2566 1933 2628 83
1981 2560 2050 2617 de
2089 2560 2256 2618 unico
2301 2559 2582 2636 Dionysio
2625 2560 2988 2641 Areopaqita
3001 2561 3051 2641 1)

423 2666 587 2707 orem
631 2649 693 2705 et
736 2647 1180 2722 locupletiorem
1225 2667 1293 2707 ex
1330 2649 1556 2708 Missali
1601 2668 1709 2709 ms.
1767 2648 2140 2707 Athenarum
2171 2652 2232 2707 et
2252 2648 2618 2708 Parisiorum
2639 2649 2910 2727 episcopo
2929 2649 3052 2709 dis-

427 2755 473 2795 s.
504 2735 688 2812 Eligii
734 2754 868 2794 cum
899 2736 1061 2794 notis
1093 2740 1155 2795 et
1198 2737 1712 2797 observationibus
1767 2737 2011 2795 sertatio
2044 2755 2150 2796 seu
2190 2736 2463 2808 diatriba,
2511 2757 2689 2813 quam
2735 2756 3053 2816 suppresso

425 2824 865 2893 eruditissimis,
889 2824 1133 2883 Parisiis
1163 2834 1326 2888 1642
1349 2827 1414 2884 in
1435 2837 1510 2896 4.‚
1534 2827 1709 2885 etiam
1768 2843 1877 2884 suo
1928 2826 2166 2885 nomine
2224 2827 2507 2886 adversus
2557 2825 2808 2886 Joannis
2856 2828 3051 2894 Lan-

424 2914 488 2971 in
535 2912 672 2970 edit.
720 2931 813 2987 op.
862 2931 904 2974 s,
952 2913 1219 2989 Gregorii
1264 2934 1313 2973 a.
1359 2924 1517 2978 1705
1567 2918 1610 2973 t.
1657 2926 1709 2978 3.
1766 2933 1858 2973 no
1867 2914 1931 2990 ji
1963 2914 2388 2974 discussionem
2413 2915 2774 2975 Milletianae
2807 2935 3053 2992 respon-

428 3001 602 3071 ,Duo
663 3003 864 3059 autem
926 3001 1010 3059 ibi
1063 3003 1488 3062 consideranda
1549 3007 1709 3074 sunt,
1769 3003 1953 3062 sionis
1985 3004 2273 3080 vulgavit,
2306 3004 2383 3063 ib.
2426 3014 2589 3067 1644
2625 3005 2687 3063 in
2722 3014 2778 3069 8.

423 3090 635 3149 scribit
655 3090 1005 3149 Muratori
1041 3090 1182 3152 diss.
1206 3091 1276 3149 de
1296 3092 1475 3150 rebus
1504 3093 1711 3170 liturg.

426 3199 474 3237 c.
514 3189 568 3249 6,
602 3181 802 3238 textus
835 3178 1112 3238 videlicet
1141 3180 1485 3258 Gregoriani
1520 3200 1710 3240 sacra-
1864 3188 2006 3241 502.
2039 3181 2265 3240 Paulus
2297 3182 2370 3240 de
2401 3182 2718 3259 Angelis,
2765 3182 3055 3241 Clementi

425 3268 705 3327 mentarii
737 3267 1047 3344 ipsiusque
1080 3269 1348 3327 Menardi
1380 3273 1569 3331 notae.
1619 3270 1712 3328 Ad
1769 3269 1927 3328 VIII.
1958 3271 2252 3346 acceptus,
2287 3271 2604 3329 canonicus
2634 3270 2708 3329 ad
2742 3288 2786 3328 e.
2808 3270 3054 3329 Mariam

426 3358 597 3416 hasce
642 3358 801 3432 quod
846 3357 1082 3428 attinet,
1129 3377 1230 3417 eae
1279 3377 1348 3416 ex
1395 3358 1712 3434 multiplici
1769 3358 1902 3433 Maj.
1950 3353 2012 3438 (†
2051 3356 2242 3439 1647)
2290 3359 2456 3417 dedit
2498 3360 2788 3418 Basilicae
2830 3378 2875 3418 s.
2922 3359 3052 3419 Ma-

426 3446 781 3516 eruditione,
817 3446 1018 3521 quain
1052 3446 1346 3523 liturgicis
1368 3448 1547 3507 rebus
1565 3448 1711 3506 emi·
1767 3449 1896 3505 riae
1927 3447 2008 3510 M.
2041 3447 2113 3505 de
2158 3447 2305 3505 urbe
2338 3467 2371 3505 a
2400 3447 2634 3507 Liberio
2664 3467 2817 3523 papa
2861 3466 3053 3524 usque

425 3535 604 3593 nebat
636 3535 727 3593 vir
745 3535 1145 3607 doctissimae,
1178 3554 1549 3612 summopere
1570 3540 1713 3594 sunt
1769 3535 1846 3593 ad
1878 3535 2129 3593 Paulum
2155 3536 2220 3596 V.
2253 3537 2690 3610 descriptionem
2723 3543 2774 3595 et
2804 3537 3053 3595 delinea-

424 3623 935 3694 commendandae,
987 3627 1049 3682 et
1077 3624 1292 3701 dignae
1324 3644 1478 3701 quae
1523 3626 1711 3684 omni-
1768 3625 1993 3692 tionem,
2025 3624 2233 3683 Romae
2263 3633 2421 3687 1621
2464 3625 2530 3683 in
2560 3625 2597 3682 f.
2632 3628 2692 3684 et
2723 3624 3054 3685 illustravit

424 3731 529 3769 um
562 3712 837 3770 manibus
868 3716 1157 3772 terantur.
1210 3712 1379 3782 Quod
1411 3733 1550 3773 vero
1581 3733 1711 3790 per·
1767 3712 1931 3771 notis
1965 3707 2239 3771 basilicae
2270 3715 2470 3772 veteris
2518 3716 2812 3773 vaticanae
2841 3716 3053 3773 descri-

426 3800 581 3858 tinet
630 3800 703 3858 ad
755 3800 1183 3877 Gregorianum
1234 3805 1465 3861 textum
1518 3802 1592 3862 ab
1642 3822 1711 3861 eo
1758 3804 2018 3876 ptionem
2034 3802 2612 3863 auctoreRomano
2632 3800 2857 3885 (cf.11³‚
2883 3798 3052 3884 149),

425 3888 673 3959 editum,
708 3907 783 3946 en
813 3889 959 3963 quid
992 3890 1063 3947 de
1094 3909 1162 3948 eo
1183 3891 1481 3950 senserint
1512 3895 1711 3968 patres
1765 3891 2008 3954 ib.1646
2021 3890 3054 3969 inf.-JoanuesBaptistaCasalius

426 3976 803 4055 Baeenedictini
835 3978 899 4036 in
931 3977 1296 4053 praefatione
1329 3980 1401 4037 ad
1434 3980 1587 4039 idem
1611 3982 1710 4040 Sa·
1768 3981 2086 4055 Romanu8‚
2110 3980 2475 4041 Camerarius
2495 3982 2739 4058 hospitii
2763 4001 2838 4044 ss,
2861 3982 3052 4041 Trini-

426 4066 917 4124 cramentarium:
952 4067 1047 4135 ,Et
1067 4085 1222 4135 sane,
1253 4068 1553 4141 inquiunt,
1579 4088 1709 4145 per·
1767 4070 1910 4127 tatis
1945 4065 2008 4150 (†
2041 4078 2221 4141 1648,
2247 4071 2422 4146 juxta
2443 4071 2590 4130 alios
2612 4075 2747 4147 post
2778 4091 2827 4129 a.
2859 4067 3051 4150 1650)

437 4156 636 4229 pensis
670 4154 945 4213 omnibus
973 4156 1238 4230 aequiori
1271 4158 1453 4227 lance,
1476 4158 1709 4216 nullum
1767 4161 2038 4216 versatus
2071 4162 2201 4217 tum
2233 4160 2297 4217 in
2317 4161 2722 4237 archaeologia
2753 4154 3056 4241 profana2)

426 4242 541 4318 ipsi
574 4243 670 4301 vel
714 4244 789 4301 ob
836 4244 1253 4318 antiquitatem
1298 4246 1393 4303 vel
1437 4244 1512 4302 ob
1557 4246 1713 4304 inte-

425 4330 708 4406 gritatem
740 4332 1190 4407 praeferendum
1213 4333 1505 4403 ‘infimus’
1540 4334 1709 4405 lecta*
1848 4365 1885 4442 Ι)
1912 4361 2158 4419 Jacobus
2179 4363 2227 4417 D
2246 4387 2278 4419 o
2296 4383 2333 4418 u
2349 4365 2385 4418 b
2402 4365 2422 4417 l
2439 4381 2468 4418 e
2484 4367 2507 4417 t
2524 4363 2586 4419 Ο.
2605 4364 2657 4417 S.
2676 4363 2807 4415 Ben.
2831 4366 2877 4433 (ψ
2894 4364 3054 4433 1648)

428 4437 610 4492 quam
672 4419 918 4479 editioni
981 4439 1119 4480 suae
1181 4422 1273 4480 vir
1336 4422 1713 4482 doctissimus
1768 4435 1998 4503 sempsit
2025 4437 2260 4490 Histoire
2285 4439 2684 4504 chronoloyique
2717 4450 2859 4503 pour
2884 4433 2940 4485 la
2965 4448 3055 4486 ve·

1768 4503 1878 4557 rite
1905 4505 1973 4558 de
2000 4523 2042 4561 s.
2068 4505 2258 4575 Denys
2284 4506 2643 4575 Areopagite,
2670 4502 2900 4558 Parisiis
2917 4507 3055 4560 1646

507 4574 543 4643 ¹)
571 4570 654 4627 Cf.
672 4570 795 4636 Pez,
823 4572 1163 4628 bibliotheca
1181 4573 1713 4629 benedictino-mau—
1768 4575 1828 4627 in
1852 4579 1917 4636 4;
1958 4579 2198 4632 Histoire
2223 4580 2284 4631 de
2322 4581 2574 4645 l'Abbaye
2611 4580 2672 4629 de
2696 4597 2739 4630 a.
2767 4578 2946 4643 Denys
2983 4590 3055 4627 en
3157 4568 3168 4580 ’

426 4641 556 4696 rina
581 4643 615 4696 1.
647 4647 675 4698 1
704 4660 748 4696 c.
777 4643 1037 4713 13Biogr.
1066 4662 1162 4698 un.
1190 4644 1443 4714 xxvm,
1470 4650 1591 4702 264.
1633 4648 1714 4701 De
1770 4645 2001 4713 France,
2026 4648 2101 4702 ib.
2132 4653 2269 4705 1625
2294 4647 2354 4700 in
2379 4652 2430 4703 4.

426 4714 561 4801 ejus.
586 4729 740 4838 Ἕω.
763 4712 1020 4795 'Journal
1060 4715 1154 4770 des
1197 4716 1441 4787 Soavans
1472 4722 1521 4775 9.
1550 4717 1711 4773 Mart.
1845 4724 1883 4782 ²)
1913 4716 2098 4799 Opera
2143 4718 2215 4771 ad
2258 4718 2712 4788 archaeologiam
2733 4714 3054 4820 'profanam

429 4788 597 4845 1665,
680 4803 818 4855 upm
843 4785 1015 4853 XVII,
1043 4791 1163 4845 226.
1770 4790 2086 4858 spectantia
2114 4791 2181 4843 cf.
2208 4805 2299 4857 ap.
2317 4788 2501 4843 Feller
2528 4790 2595 4855 11,
2611 4791 2744 4849 369,
2774 4785 3057 4840 bchlosser
