3625 5193
523 197 644 252 407

1192 182 1564 238 1601—1620.
1589 178 1901 249 Theologia
1925 179 2169 248 polemio
2196 182 2257 234 in
2285 179 2487 240 Gallia.

3022 195 3147 251 408

520 372 693 428 aucta
721 373 814 428 est
842 368 1107 427 Perronii
1158 359 1370 443 gloria,
1413 368 1576 428 aucti
1608 371 1672 426 et
1700 368 1805 426 110-
1864 367 1968 426 has
2031 388 2074 431 s.
2136 367 2462 445 Augustini
2507 385 2677 426 voces
2742 361 3147 445 ingeminans²

518 476 707 528 nores,
758 477 894 517 nam
946 457 1419 534 archiepiscopus
1467 456 1808 516 senonensis
1869 496 1897 525 ,
1916 457 2177 527 Domine,
2213 474 2460 533 agnosce
2493 456 2653 531 quod
2684 460 2858 515 tuum
2889 462 3011 524 est3
3059 457 3149 534 ig-

520 550 582 604 et
612 567 864 624 magnus
895 546 1400 623 eleemosynarius
1421 546 1808 605 renunciatus
1865 564 2039 606 nosce
2058 545 2218 622 quod
2238 565 2437 605 meum
2457 548 2566 615 est,
2582 553 2610 583 ‘
2645 546 2890 605 Parisiis
2914 557 2970 610 5.
2993 546 3150 622 Sept.

519 637 636 694 fuit
667 656 701 695 a
729 655 869 714 rege
901 632 1126 717 (1606)
1171 641 1234 695 et
1263 655 1297 694 a
1325 635 1603 712 pontifice
1635 653 1806 694 orna·
1874 644 2038 699 1618
2091 636 2303 695 aetatis
2350 655 2399 694 a.
2448 644 2548 699 63.
2598 634 2763 694 obiit.
2825 636 2968 696 Fuit
3014 654 3153 694 sane

519 728 619 784 tus
640 744 908 802 purpura
928 721 1181 807 (1603).
1218 726 1610 803 Negotiorum
1630 742 1809 784 causa
1866 726 2185 784 P‘err'onius
2216 725 2446 784 eximiis
2486 725 2670 784 animi
2717 725 3153 803 praerogativis

520 814 764 874 Romam
797 833 970 892 saepe
1003 814 1330 884 contendit,
1377 813 1619 873 maximi
1651 814 1808 872 enim

519 907 647 962 tam
680 924 714 963 a
748 924 884 982 rege
916 924 1098 981 quam
1130 925 1164 964 a
1194 904 1577 981 pontificibus
1613 903 1808 963 fiebat.

522 992 704 1053 Paulo
737 994 805 1056 V.
837 998 1045 1053 auctor
1087 993 1268 1054 fuisse
1314 995 1693 1065 memoratur,
1739 995 1811 1051 ut

521 1083 801 1143 solemnis
832 1083 1164 1161 disputatio
1197 1083 1270 1142 de
1301 1082 1537 1142 auxiliis
1584 1083 1810 1160 gratiae

521 1171 794 1243 efficacis,
843 1173 916 1232 de
964 1172 1152 1232 libero
1199 1173 1464 1244 arbitrio,
1523 1173 1595 1231 de
1641 1191 1810 1248 prae-

523 1259 917 1322 destinatione
944 1263 1180 1321 silentio
1212 1263 1636 1325 involveretur.
1667 1262 1812 1337 Ejus

523 1369 759 1427 quoque
799 1353 1112 1430 praecipue
1145 1360 1322 1427 opera
1366 1352 1526 1410 inter
1558 1352 1812 1411 Venetos

524 1443 583 1497 et
615 1440 870 1499 Paulum
890 1441 975 1512 V„
1012 1460 1162 1517 quae
1184 1441 1289 1499 diu
1308 1440 1641 1519 viguerant,
1675 1441 1814 1500 lites

526 1530 905 1603 compositae.
959 1531 1123 1590 Adeo
1157 1532 1353 1608 gratia
1385 1531 1646 1590 voluisse
1678 1531 1815 1589 Per-

526 1618 729 1676 ronius
762 1619 919 1693 apud
950 1620 1112 1679 hunc
1132 1620 1469 1694 pontificem
1503 1619 1710 1691 fertur,
1743 1623 1817 1679 ut

526 1707 577 1764 is
599 1707 897 1782 quondam
919 1708 1320 1769 cardinalibus
1341 1709 1590 1768 dixerit:
1627 1711 1816 1769 Deum

526 1815 818 1873 rogemus,
867 1798 1218 1857 Perronium
1266 1802 1336 1858 ut
1373 1799 1660 1869 illustret,
1709 1819 1818 1875 par

525 1885 685 1944 enim
733 1890 838 1956 est,
890 1906 1094 1947 omnes
1126 1905 1234 1948 nos
1282 1889 1347 1947 in
1379 1907 1547 1948 suam
1579 1889 1816 1948 trahere

526 1975 901 2035 sententiam.
924 1977 1143 2036 Verum
1156 1996 1278 2037 non
1295 1978 1665 2037 calvinianos
1683 1982 1812 2037 tan-

527 2069 657 2123 tum
691 2083 790 2124 ore
823 2070 888 2125 et
919 2068 1139 2125 calamo
1172 2067 1566 2145 impugnavit,
1621 2067 1723 2126 sed
1757 2071 1818 2126 et

528 2155 747 2213 summi
807 2155 1105 2231 pontificis
1159 2157 1298 2232 jura
1359 2157 1640 2216 adversus
1687 2156 1816 2215 Ri-

527 2243 774 2302 cherii
807 2249 1137 2305 commenta
1167 2250 1402 2307 tutatus
1434 2249 1541 2305 est.
1575 2247 1645 2305 In
1678 2264 1816 2305 con-

525 2333 661 2392 cilio
693 2335 854 2393 enim
886 2353 1032 2394 suae
1062 2336 1404 2412 provinciae
1435 2336 1680 2395 Parisiis
1712 2335 1815 2394 ha·

526 2422 655 2482 bito
689 2422 916 2506 (1612)
949 2424 1132 2499 hujus
1175 2424 1395 2483 librum
1442 2425 1509 2482 de
1555 2426 1815 2483 ecclesia-

527 2515 673 2571 stica
706 2521 757 2571 et
778 2514 1024 2586 politica
1047 2522 1325 2586 potestate
1355 2517 1745 2589 tamquam-‚e
1757 2533 1816 2571 r-

530 2610 860 2674 roneum,
908 2603 1500 2662 schismaticum
1533 2607 1606 2661 et
1638 2603 1818 2661 hae-

529 2691 888 2750 reticum‘
937 2692 1370 2762 condemnavit,
1420 2686 1819 2767 atque'etiam

531 2779 873 2839 Bellarmini
899 2781 1125 2840 librum
1160 2781 1231 2840 de
1270 2784 1564 2856 potestate
1598 2782 1818 2840 summi

530 2868 831 2943 pontificis
863 2869 929 2928 in
960 2870 1137 2929 rebus
1158 2871 1588 2947 temporalibus
1609 2872 1816 2929 adver-

531 2966 631 3015 sus
694 2959 1043 3032 parlamenti
1105 2959 1426 3019 vindicavit
1489 2978 1818 3023 censuram.

532 3046 611 3102 Ut
657 3047 923 3121 quietius
971 3048 1167 3108 literis
1213 3049 1555 3108 incumbere
1602 3053 1819 3126 posset,

531 3136 1232 3213 Bagnoletum,quivicus
1246 3139 1820 3215 suburbanusprope

530 3223 834 3285 Lutetiam
865 3232 974 3297 est,
1024 3228 1329 3287 concessit.
1378 3228 1534 3286 Dum
1574 3245 1713 3286 vero
1745 3228 1820 3286 ad

531 3316 780 3391 Angliae
827 3321 1027 3394 'regem
1074 3336 1428 3394 responsum
1475 3335 1582 3375 seu
1619 3319 1816 3393 apolo-

529 3403 690 3478 giam
722 3413 830 3481 pro
863 3406 976 3465 fide
1009 3407 1297 3467 catholica
1317 3407 1723 3477 concinnabat,
1757 3407 1819 3464 in

528 3496 804 3553 morbum
847 3497 1079 3568 incidit,
1129 3515 1247 3571 quo
1294 3495 1670 3556 acerbissime
1715 3515 1822 3572 per

530 3585 984 3658 quatuordecim
1003 3586 1130 3644 dies
1152 3586 1471 3654 cruciatus,
1493 3585 1818 3644 identidem

531 3825 811 3879 d'Evreux
841 3830 943 3880 etc.
971 3827 1031 3879 in
1058 3831 1140 3882 12.
1177 3826 1562 3894 Reperiuntur
1590 3843 1818 3894 quoque

533 3897 592 4020 Bi
613 3897 984 4033 0p3Perrinnii
1006 3898 1046 3951 t.
1066 3902 1118 4021 ἶ..
1140 3898 1448 4021 (fipiltoqiltlsn
1470 3898 1643 4021 habgs
1664 3897 1818 3966 apud

534 3986 688 4092 teulrlg
706 3970 1359 4104 lgcclessulgleffllbfilg:
1405 3971 1596 4094 11.ιὲἰο
1612 3971 1818 4095 scal-Au}-

531 4115 707 4167 268—
645 4116 854 4181 —294).
890 4110 1078 4164 Dutch
1107 4110 1257 4164 diese
1285 4110 1708 4191 Widerlegung,
1734 4111 1818 4164 in-

533 4183 664 4250 quit
695 4182 866 4237 Raess
893 4183 928 4242 l.
958 4200 1021 4248 0.,
1063 4182 1166 4236 hat
1188 4182 1265 4236 du
1293 4182 1501 4236 Perron
1526 4201 1670 4253 ganz
1697 4200 1818 4238 vor-

1867 819 2130 883 ornatuS,
2178 813 2468 891 elegantis
2501 814 2729 890 ingenii
2775 820 2837 874 et
2867 815 3152 891 peracuti,

1866 904 2194 963 firmissimi
2232 904 2463 980 judicii,
2526 902 2808 963 indefessi
2855 905 3041 964 studii
3089 921 3156 962 ac

1866 994 2233 1053 vastissimae
2288 992 2642 1054 eruditionis
2719 993 3020 1070 miraeque
3082 992 3157 1052 ad

1869 1082 2300 1142 convincendos
2320 1082 2643 1142 haereticos
2662 1083 2981 1158 potentiae,
3012 1083 3156 1142 adeo

1868 1177 1941 1232 ut
1970 1180 2102 1232 cum
2137 1172 2209 1231 de
2232 1172 2325 1231 his
2356 1192 2392 1230 a
2423 1171 2598 1231 devio
2619 1171 2859 1231 tramite
2879 1191 3157 1232 revocan-

1871 1262 1962 1321 dis
1995 1263 2288 1339 ageretur,
2338 1261 2399 1319 id
2441 1261 2596 1319 dicto
2642 1266 2989 1337 usurperet:
3038 1263 3159 1321 Hos

1871 1352 1920 1409 si
1970 1351 2237 1410 convinci
2283 1350 2528 1427 capitia,
2576 1350 2649 1408 ad
2680 1369 2774 1409 me
2821 1351 3156 1426 perducite3

1871 1445 1935 1499 at
1949 1441 1996 1499 si
2014 1458 2326 1500 conversos
2340 1439 2547 1508 avetis,
2560 1439 2805 1515 dirigite
2816 1440 3161 1500 adFrancis·

1872 1548 2004 1588 cum
2028 1529 2099 1589 de
2132 1529 2291 1588 Sales
2311 1547 2702 1607 genevensem
2732 1529 3074 1607 episcopum
3093 1526 3159 1611 ¹).

1969 1718 2109 1770 176.
2158 1705 2400 1780 Solebat
2445 1708 2538 1766 hic
2584 1706 2927 1777 cardinalis,
2991 1713 3160 1768 aute-

1873 1816 2051 1871 quam
2084 1815 2233 1871 opus
2266 1793 2503 1872 aliquod
2536 1797 2835 1871 publicam
2870 1797 2934 1856 in
2966 1799 3161 1856 lucem

1872 1886 2090 1957 ederet,
2138 1886 2288 1944 illud
2313 1887 2442 1961 jam
2483 1886 2645 1961 typis
2693 1905 3040 1962 expressum
3073 1888 3158 1945 le-

1874 1975 2136 2051 gendum
2184 1975 2324 2035 dare
2370 1974 2574 2033 amicis
2623 1976 2767 2045 suis,
2834 1995 3161 2052 eorumque

1873 2065 2094 2124 auditis
2114 2064 2397 2135 consiliis,
2419 2064 3035 2124 animadversionibus
3051 2069 3163 2125 etc.

1875 2154 2151 2213 secundis
2192 2154 2354 2213 curis
2401 2156 2785 2214 retractatum
2832 2156 2997 2231 prelo
3044 2155 3160 2214 ite-

1874 2263 2004 2302 rum
2018 2244 2384 2303 committere
2394 2239 2463 2323 2).
2481 2242 2973 2320 Prodierunt'ej‘us
2984 2263 3162 2321 opera

1875 2333 1936 2390 in
1970 2339 2093 2391 tres
2127 2332 2455 2391 distributa
2486 2337 2679 2391 tomos
2712 2351 2852 2392 cura
2883 2333 2919 2391 J
2938 2334 3157 2392 acobi

1874 2422 2043 2498 Davy
2077 2421 2170 2480 Du
2197 2422 2430 2491 Perron,
2467 2425 2596 2496 ejus
2619 2423 2856 2497 nepotis
2875 2417 3156 2505 (episcopi

1875 2510 2317 2587 angulomensis
2349 2506 2385 2575 †
2424 2507 2617 2593 1649)
2667 2512 2916 2571 Parisiis
2979 2521 3159 2580 1620,

1874 2605 1935 2659 et
1966 2603 2187 2659 iterum
2230 2609 2414 2663 1622.
2462 2601 2687 2660 Horum
2726 2604 2952 2679 primus
3001 2622 3164 2661 com-

1954 2830 1992 2895 ι)
2031 2823 2112 2878 Cf.
2161 2785 2488 2880 Continuat.
2532 2803 2663 2878 bist.
2711 2826 2901 2880 eccles.
2949 2825 3166 2880 Fleurii

1877 2895 1914 2952 l.
1942 2901 2042 2953 191
2074 2909 2098 2958 ξ
2124 2901 2212 2953 49.
2244 2897 2466 2951 Bellum
2494 2899 2579 2950 est
2603 2896 2873 2967 elogium,
2904 2897 3059 2966 quod
3086 2914 3169 2951 re-

1874 2967 1986 3022 fert
2012 2966 2196 3022 Feller
2221 2969 2257 3024 1.
2285 2985 2331 3024 0.
2385 2968 2473 3021 011
2498 2984 2525 3020 a
2559 2962 2661 3030 dit,
2704 2969 2899 3023 scribit
2939 2968 3053 3031 ille,
3096 2969 3168 3023 de

1876 3055 1937 3093 ce
1981 3039 2262 3106 cardinal,
2309 3057 2415 3109 par
2458 3038 2705 3093 allusion
2746 3042 2780 3091 a
2823 3057 2908 3095 ses
2951 3040 3168 3110 grands

1874 3110 2087 3165 talenta
2115 3114 2173 3165 et
2198 3128 2307 3165 aux
2334 3112 2560 3166 defauts
2582 3111 2650 3164 de
2679 3128 2740 3164 sa
2761 3113 3166 3167 constitution:

1880 3182 2074 3247 „Qu’il
2114 3183 2469 3237 ressemblait
2493 3186 2527 3238 a
2553 3182 2610 3236 la
2651 3186 2838 3237 statue
2878 3184 2948 3238 de
2978 3183 3169 3239 Nabu-

1876 3253 2243 3319 chodonosor,
2281 3254 2425 3308 dont
2461 3255 2514 3307 la
2556 3256 2673 3308 tete
2700 3254 2943 3327 d'ormet-
2965 3254 3021 3307 la
3047 3255 3167 3326 poi·-

1876 3325 2025 3379 trine
2077 3324 2330 3380 d'airain
2383 3325 2599 3380 etaient
2649 3326 2867 3395 portees
2918 3344 3015 3380 sur
3068 3326 3167 3380 des

1877 3397 2038 3466 pieds
2055 3396 2111 3449 d'
2126 3398 2353 3467 argile.“
2381 3397 2464 3451 Cf.
2485 3396 2552 3451 G.
2569 3396 2796 3460 Grente,
2819 3397 2974 3462 Quae
2994 3398 3170 3453 fuerit

1876 3469 2025 3523 card.
2075 3468 2138 3524 D.
2184 3469 2260 3523 du
2306 3470 2514 3523 Pcrron
2559 3468 2642 3521 vis
2689 3468 2965 3533 oratoria,
3010 3470 3167 3524 Paris

1950 3618 1988 3677 ⁹)
2019 3611 2259 3666 Fellerl.
2282 3627 2328 3665 c.
2348 3610 2692 3665 Moliebatur
2714 3588 2939 3681 quoquc
2961 3630 3168 3666 novam

1877 3683 2192 3738 Bibliorum
2209 3680 2663 3752 polyglottorum
2681 3682 3006 3749 editionem,
3026 3687 3168 3738 teste

1875 3755 1992 3807 Jac.
2020 3758 2108 3808 Au
2149 3757 2274 3807 usto
2302 3754 2561 3820 Thuano,
2605 3754 2705 3820 qui
2731 3754 2811 3808 ita
2853 3728 3049 3811 scribit
3075 3755 3166 3821 (ad

1877 3826 2089 3880 Sebast.
2071 3768 2182 3879 nge
2227 3844 2339 3895 nag
2342 3797 2589 3881 eliumd.
2605 3829 2656 3880 4.
2670 3826 2781 3896 Maj
2787 3825 3098 3884 116131111.
3116 3832 3166 3882 1.

1876 3899 2172 3951 comment.
2232 3897 2562 3960 8111110001ᾶο
2578 3897 2844 3952 Biblioth.
2861 3899 3164 3952 vindobon.

1874 3988 1929 4038 p
1948 3972 2102 4050 150):
2135 3964 2408 4031 „Librarii
2431 3969 2607 4022 nostri
2628 3984 2835 4023 novam
2854 3969 3164 4024 Bibliorum

1875 4040 2183 4095 editionem
2219 4042 2444 4109 parant,
2491 4041 2582 4094 cui
2608 4042 2744 4109 post
2781 4040 3083 4112 hispanam
3111 4041 3169 4094 et

1876 4113 2139 4165 ultimam
2179 4113 2632 4180 antwerpianam
2675 4112 2963 4168 meliorem
3004 4128 3163 4182 para·

1877 4185 2128 4253 phrasim
2158 4183 2511 4238 chaldaicam
2536 4183 2652 4237 sive
2673 4184 2954 4252 syriacam
2974 4189 3033 4238 et
3047 4199 3167 4237 ara-

533 4254 754 4325 ziiglich
802 4255 953 4309 seine
998 4225 1384 4317 dialektische,
1430 4255 1819 4323 theologische
1876 4255 2057 4308 bicam
2073 4254 2385 4311 versionem
2401 4254 2552 4309 inv,
2574 4256 2710 4311 etN.
2727 4254 2789 4311 Τ.
2810 4256 3167 4311 addentcum

534 4326 649 4379 und
695 4325 1039 4395 polemische
1067 4325 1484 4380 Meisterschaft
1523 4327 1816 4380 bewiesen.
1873 4326 2348 4396 interpretatione
2369 4327 2552 4381 latina
2573 4327 2867 4397 peculiari.
2898 4326 3168 4381 illustris-

534 4345 756 4451 Narrat
783 4398 965 4452 Feller
1009 4398 1100 4466 Vl,
1139 4402 1274 4453 475:
1323 4397 1499 4450 Henri
1539 4398 1629 4452 IV.
1673 4398 1760 4450 dit
1784 4399 1819 4449 a
1876 4397 2050 4451 simus
2072 4398 2376 4453 cardinalis
2396 4399 2439 4452 P
2458 4416 2486 4452 e
2502 4415 2616 4452 rro
2632 4417 2670 4452 n
2688 4400 2706 4452 i
2726 4416 2761 4452 u
2778 4416 2803 4451 s
2830 4415 2975 4471 opus
2998 4402 3169 4469 urget

533 4471 679 4522 cette
707 4470 962 4523 occasion
992 4486 1066 4523 au
1086 4441 1200 4522 'duc
1227 4469 1297 4522 de
1314 4468 1506 4536 Sully:
1537 4470 1642 4531 „Le
1671 4485 1819 4539 pape
1876 4473 1935 4523 et
1962 4469 2172 4523 vicaria
2200 4486 2372 4539 opera
2410 4475 2606 4525 nostra
2634 4470 2704 4524 ad
2747 4487 2870 4524 earn
2914 4488 3029 4525 rem
3060 4471 3167 4524 uti-

533 4541 631 4594 des
697 4544 1005 4595 rotestants
1032 4558 1066 4593 a
1091 4542 1180 4595 ete
1209 4541 1497 4593 terrassem

534 4558 738 4680 pongirt
761 4612 813 4666 10
854 4613 981 4676 duc,
1024 4629 1054 4665 0
1061 4614 1175 4667 'est
1197 4629 1331 4666 avec
1370 4613 1586 4681 grande
1629 4613 1818 4666 raison

1541 4539 1816 4603 ..811010-
1876 4542 2018 4642 tur.“
2062 4542 2144 4595 cf.
2188 4541 2358 4610 plura
2397 4542 2460 4595 111
2488 4542 2561 4596 Le
2589 4542 2767 4611 Long,
2809 4542 3169 4598 Bibliotheca

1906 4629 1990 4666 c.
2034 4618 2081 4669 1.
2135 4612 2343 4667 Verum
2388 4631 2538 4668 mors
2582 4613 2883 4667 cardinalis
2928 4614 3199 4695 editioni

535 4700 645 4751 que
687 4700 823 4737 vous
862 4683 1118 4753 appellez
1158 4685 1394 4751 Mornay
1434 4699 1599 4753 pape,
1642 4700 1735 4737 car
1774 4683 1818 4737 il
1875 4700 2091 4737 moram
2118 4685 2334 4738 attulit.
2363 4685 2570 4739 Lucem
2597 4702 2664 4739 ea
2689 4685 2937 4756 aspexit
2941 4674 3166 4739 nonnisi

534 4755 650 4810 fera
680 4755 768 4809 Du
797 4756 1002 4811 Perron
1030 4755 1332 4810 cardinal!-

1876 4774 1925 4810 a.
1956 4759 2331 4813 1628—1645.
