3625 5193
418 273 582 328 1073

408 444 713 501 thesaurus
760 443 1167 519 antiquitatum
1211 443 1697 515 sacro-profana-

409 551 559 590 rum.
611 532 772 607 Opus
804 531 913 590 hoc
960 529 1255 607 singulari
1287 532 1348 587 et
1391 530 1699 589 recondita

410 621 743 681 eruditione
775 623 868 678 est
898 619 1204 688 refertum,
1258 621 1328 676 ut
1356 619 1577 695 passim
1608 623 1697 678 te-

413 713 651 768 stantur
683 709 923 779 eruditi,
958 708 1129 767 Mich.
1164 727 1198 765 a
1230 726 1275 767 s.
1307 707 1546 784 Joseph,
1582 708 1698 766 Leo

1320 253 1661 325 Patrologia.
1689 254 1717 308 J
1726 271 1808 309 ac.
1834 254 2110 310 Sirmond.

2864 270 3032 323 1074

1754 439 2041 517 mysteria
2087 438 2318 498 facilius
2367 439 2668 514 percipere
2719 440 2928 514 queat,
2997 447 3032 498 3

1755 529 2036 588 distincta
2067 547 2162 605 pp.
2183 527 2447 586 Venetiis
2486 537 2685 605 16093
2724 527 2871 586 alias
2903 546 3034 585 ver·

1755 619 2025 677 sionibus
2057 620 2245 686 aucta,
2293 617 2669 694 Antwerpiae
2709 627 2873 679 1616
2908 635 2963 677 v.
2999 624 3032 676 3

1755 709 1819 765 in
1851 708 1919 778 f.;
1953 707 2043 765 De
2071 707 2227 764 cultu
2252 713 2302 765 et
2332 707 2685 764 veneratione
2703 712 3035 764 sanctorum

412 798 671 857 Allatius
687 793 754 878 ¹),
787 798 1009 872 Dupin,
1042 797 1246 867 Feller,
1280 797 1358 854 Le
1392 797 1559 874 Long
1589 799 1696 855 etc.
1723 756 1729 896 Ι
1753 797 1818 854 in
1851 796 2055 856 ordine
2090 794 2162 855 ad
2204 795 2697 854 beatificationem
2729 793 2823 852 vel
2868 811 3037 852 cano-

411 888 704 963 Cogitavit
763 887 1014 962 adjicere
1066 889 1345 961 quartum
1397 887 1696 962 myrothe-

412 976 568 1035 cium
601 980 660 1034 et
694 977 972 1051 quintum
994 976 1064 1035 de
1096 975 1436 1034 condiendis
1453 974 1696 1034 defunc·-

411 1068 613 1125 torum
645 1066 1005 1140 corporibus,
1046 1064 1149 1123 sed
1180 1082 1299 1122 non
1329 1064 1695 1138 prodierunt.

429 1154 728 1212 Volumina
758 1173 831 1213 ss.
865 1154 1168 1212 bibliorum
1200 1171 1268 1211 ex
1288 1153 1468 1212 variis
1497 1156 1692 1211 trans·

412 1242 739 1301 lationibus
775 1238 868 1325 (ex
902 1243 1162 1320 vulgata,
1210 1241 1594 1302 translatione
1627 1261 1695 1300 ex

1754 886 2108 944 nizationem
2154 902 2304 961 opus
2354 885 2417 942 in
2452 891 2487 947 8
2523 883 2585 942 ll.
2632 882 3036 959 dispertitum,

1754 993 1785 1032 e
1819 974 2039 1049 quibus
2081 973 2312 1048 primus
2358 976 2597 1032 tantum
2644 972 2739 1050 (de
2783 971 2943 1030 notis
2973 988 3040 1030 ac

1754 1062 1943 1139 signis
1976 1057 2331 1142 sanctitatis)
2365 1061 2590 1137 prodiit
2614 1062 2830 1119 Romae
2872 1070 3034 1123 1639

1752 1153 1818 1210 in
1852 1162 1908 1213 4.

1832 1271 1871 1340 ¹)
1897 1269 1962 1321 ln
1986 1268 2203 1338 Apibus
2230 1265 2462 1320 urbanis
2534 1310 2545 1322 .
2567 1271 2673 1324 110
2693 1283 2733 1320 Β.
2762 1266 2844 1321 Cf.
2866 1264 3038 1319 etiam

414 1332 663 1391 hebraeo
716 1332 947 1391 Sanctis
995 1332 1274 1408 Pagnini,
1337 1349 1580 1390 romana
1627 1350 1694 1390 ex
1751 1339 1939 1404 crisin,
1968 1356 2142 1407 quam
2175 1338 2432 1393 instituit
2459 1337 2501 1392 C
2526 1338 2706 1391 ericus
2746 1338 2804 1390 in
2836 1335 3040 1390 Biblio-

412 1420 580 1492 Lxx,
628 1426 687 1479 et
726 1420 1064 1480 chaldaicae
1110 1417 1510 1501 paraphrasis)
1558 1438 1694 1479 con-

412 1512 583 1586 gesta
614 1510 858 1585 suisque
903 1510 1167 1568 numeris
1200 1509 1344 1568 adeo
1390 1509 1610 1567 distinc

1754 1411 1967 1479 theque
2008 1409 2221 1465 choisie
2249 1410 2363 1475 XX,
2391 1414 2497 1467 316
2509 1413 2691 1473 -324,
2734 1409 2831 1463 ubi
2859 1407 3041 1462 erudi-

1612 1511 1676 1566 ta
1753 1481 1997 1546 tionem,
2041 1480 2350 1563 judicium,
2395 1480 2749 1550 diligentiam
2792 1480 3039 1533 auctoris

1680 1554 1693 1580 ’
1750 1553 1980 1620 laudat,
2031 1552 2324 1606 meliorem
2368 1554 2559 1606 tamen
2606 1551 2937 1606 methodum
2983 1553 3040 1604 et

413 1602 485 1656 Ut
532 1599 675 1657 dum
725 1617 934 1658 VOI'SUS
980 1599 1181 1659 versui
1231 1597 1566 1674 respondet,
1619 1616 1693 1656 ³⁸·
1753 1624 1945 1678 stilum
1990 1623 2305 1684 desiderat;
2356 1623 2599 1677 Journal
2645 1623 2741 1676 des
2786 1622 3040 1693 Scavans

414 1688 721 1746 literarum
757 1688 891 1763 pius
922 1687 1354 1762 contemplator
1372 1687 1692 1746 eorundem
1720 1683 1726 1752 ἰ
1753 1699 1894 1752 1703
1921 1712 1975 1765 p.
2002 1699 2103 1752 531
2133 1712 2201 1751 ss.

1350 2018 1497 2117 lv.
1566 2018 2117 2134 patrologia.

509 2265 654 2316 460.
686 2256 852 2313 Inter
882 2273 998 2324 008,
1033 2253 1135 2328 qui
1169 2254 1242 2311 de
1265 2254 1540 2329 patribus
1572 2271 1697 2311 me·
1724 2249 1729 2298 l
1757 2253 1997 2312 Baronii
2042 2253 2114 2310 de
2162 2252 2473 2313 Sirmondo
2524 2250 2796 2333 elogia1).
2848 2254 3041 2313 Natus

416 2347 686 2413 ruerunt,
739 2344 929 2418 prima
978 2342 1277 2402 communi
1327 2343 1701 2401 eruditorum
1757 2346 1850 2401 est
1894 2341 2165 2400 Sirmond
2221 2350 2313 2402 12.
2367 2341 2493 2401 Oct.
2546 2352 2710 2405 1559
2763 2343 2826 2401 in
2870 2344 3039 2402 Riom

416 2432 695 2509 suffragio
728 2433 1023 2491 debentur
1041 2431 1262 2491 Jacobo
1292 2427 1698 2511 Sirmond1).
1759 2431 1979 2489 Galliae
2011 2429 2244 2506 oppido.
2290 2430 2436 2489 Post
2479 2450 2651 2490 suum
2696 2432 2759 2489 in
2791 2433 3040 2491 societa-

417 2522 523 2580 Vir
567 2521 861 2598 siquidem
914 2524 1041 2580 erat
1085 2521 1271 2580 totius
1321 2519 1701 2595 antiquitatis
1746 2527 1879 2579 tem
1911 2519 2057 2579 Jesu
2088 2519 2428 2598 ingressum
2450 2515 2676 2602 (1579)
2708 2521 2934 2579 scholas
2966 2523 3040 2580 li-

417 2612 686 2670 curiosus
718 2612 1050 2687 indagator,
1085 2614 1144 2668 et
1168 2610 1354 2669 latine
1374 2628 1699 2688 graeceque
1757 2612 2058 2669 teraturae
2103 2610 2472 2669 humanioris
2517 2610 2798 2669 decennio
2843 2613 3042 2670 tenuit

418 2702 680 2775 impense
714 2701 921 2759 doctus
954 2702 1015 2757 et
1059 2700 1122 2756 in
1154 2701 1316 2759 omni
1347 2719 1531 2776 paene
1564 2700 1698 2757 lite-

421 2808 621 2848 rarum
666 2807 881 2866 genere
927 2788 1389 2861 excultissimuS,
1438 2787 1543 2863 qui
1586 2789 1699 2846 hu-

416 2879 707 2936 maniores
740 2878 947 2936 literas
993 2877 1340 2954 theologicis
1386 2877 1701 2935 admodum

417 2967 625 3025 decore
657 2966 981 3041 conjunxit,
1016 2967 1075 3023 et
1105 2964 1466 3041 infatigabili
1500 2965 1702 3024 studio

416 3056 743 3130 penetralia
792 3073 1063 3130 quaeque
1106 3053 1498 3112 bibliothecae
1546 3053 1700 3112 vati-

416 3161 595 3202 canae
612 3144 1018 3220 perlustravit,
1037 3142 1141 3218 qui
1158 3143 1317 3201 inter
1331 3142 1514 3202 seculi
1524 3142 1702 3201 XVII.

416 3233 636 3309 primos
684 3233 845 3292 viros
898 3233 1150 3291 disertos
1201 3232 1411 3290 merito
1462 3235 1553 3290 est
1602 3232 1703 3290 ad—

416 3322 852 3381 numerandus:
907 3340 1059 3397 quae
1108 3322 1307 3379 omnia
1358 3323 1503 3379 sunt
1549 3321 1702 3380 card.

494 3583 530 3649 ¹)
558 3580 689 3635 Nou
729 3580 1161 3635 confundendus
1204 3596 1334 3633 cum
1376 3582 1616 3649 cognato
1648 3581 1706 3633 et

417 3650 597 3705 sodali
623 3654 801 3707 Anto
818 3652 930 3706 nio
958 3651 1224 3707 Sirmond
1250 3654 1298 3733 (τ
1325 3653 1502 3723 1643),
1535 3653 1707 3721 prout

416 3722 720 3776 confundit
745 3722 985 3777 Pascal
1010 3723 1071 3776 in
1091 3722 1209 3776 suis
1233 3722 1414 3776 literis
1452 3721 1702 3792 provinc.

417 3793 716 3858 Antonius,
758 3811 874 3847 non
899 3794 1161 3858 Jacobus,
1207 3797 1401 3848 auctor
1426 3796 1513 3847 est
1535 3793 1573 3847 1.
1620 3796 1705 3847 La

416 3867 624 3932 deffense
647 3868 709 3920 de
735 3869 787 3919 la
818 3875 982 3931 verta,
1026 3865 1257 3918 Parisiis
1285 3869 1420 3922 1641
1465 3864 1526 3917 in
1552 3872 1602 3928 8,
1642 3863 1705 3917 in

418 3953 528 4003 quo
552 3936 821 3990 damnata
839 3936 1116 3991 statuitur
1135 3935 1409 4000 doctrina,
1431 3935 1705 4005 assignari

418 4024 533 4062 non
562 4024 722 4077 posse
749 4014 992 4076 tempus,
1020 4022 1135 4075 quo
1162 4006 1331 4060 homo
1358 4009 1587 4061 tenetur
1623 4023 1705 4060 sa·

418 4078 678 4134 tisfacere
700 4080 1002 4148 praecepto
1022 4078 1091 4130 de
1118 4077 1360 4131 amando
1375 4077 1508 4141 Deo,
1530 4079 1704 4145 atque

418 4149 554 4203 huic
580 4152 881 4220 praecepto
921 4148 1201 4213 satisfieri,
1242 4147 1549 4202 dummodo
1577 4148 1707 4216 quis

416 4220 499 4273 nil
539 4224 732 4275 contra
773 4222 878 4275 hoc

419 4290 735 4346 doctrinam
760 4292 889 4361 ipsa
955 4291 1163 4346 ocietas
1189 4290 1322 4344 Jesu
1362 4290 1704 4360 reprobavit.

418 4360 558 4415 Eam
583 4363 952 4433 impugnavit
973 4363 1022 4417 J.
1051 4361 1112 4417 P.
1130 4362 1353 4416 Carnus.
1386 4365 1467 4416 De
1494 4366 1705 4417 immor·

418 4437 619 4488 talitate
643 4438 872 4492 animae.
898 4433 975 4490 ib.
994 4437 1151 4499 1635,
1177 4435 1374 4488 contra
1389 4432 1705 4504 Pompona-

418 4504 580 4559 tium.
610 4504 797 4572 Hujus
817 4506 992 4559 frater
1007 4504 1309 4559 Joannes
1330 4504 1525 4575 gallici
1542 4504 1705 4575 regni

419 4574 909 4658 historiographus
943 4584 989 4642 (τ
1016 4579 1177 4648 1649)
1204 4578 1427 4645 praeter
1464 4575 1580 4630 alia
1605 4576 1704 4629 mi-

418 4647 567 4702 noris
647 4647 777 4702 retii
817 4648 1043 4717 scripsit
1091 4649 1177 4702 Vie
1214 4651 1289 4702 du
1328 4650 1474 4703 card.
1515 4649 1567 4701 d’
1578 4651 1703 4702 Am·

416 4721 569 4785 boiae,
644 4719 755 4774 aris
782 4723 920 4777 1631
950 4720 1059 4774 sub
1084 4718 1306 4774 nomine
1333 4718 1400 4774 D.
1426 4718 1523 4773 des
1549 4718 1705 4773 Mon-

959 4223 1287 4289 raeceptum
1324 4221 1461 4289 agat
1477 4240 1489 4280 ;
1516 4235 1705 4286 >quam

1759 2699 2048 2776 singulari
2094 2718 2229 2759 cum
2274 2700 2580 2759 doctrinae
2625 2699 2813 2769 laude,
2863 2703 3042 2775 atque

1761 2789 1826 2845 in.
1860 2789 1931 2847 iis
1964 2789 2326 2864 discipulum
2360 2790 2571 2848 habuit
2602 2808 2646 2847 a.
2667 2789 3043 2849 Franciscum
3149 2861 3153 2865 <

1760 2877 2068 2937 Salesium.
2131 2878 2285 2936 Hinc
2347 2880 2654 2936 assecutus
2716 2882 2807 2936 est
2867 2879 3042 2938 latini

1760 2968 2076 3043 graecique
2106 2966 2409 3026 idiomatis
2431 2966 2705 3042 peritiam
2725 2970 2905 3043 atque
2936 2969 3042 3027 sti·

1760 3057 1890 3113 lum
1921 3055 2089 3114 illum
2122 3056 2454 3126 classicum,
2489 3074 2608 3130 quo
2628 3057 3043 3131 praecellentis

1759 3144 1986 3220 ingenii
2020 3144 2114 3202 sui
2147 3163 2318 3203 sensa
2364 3143 2506 3202 adeo
2537 3144 2774 3220 proprie
2819 3148 2879 3203 et
2911 3145 3043 3203 lim-

1761 3233 1901 3309 pide
1932 3234 2238 3307 expressit,
2283 3235 2355 3290 ut
2387 3232 2682 3307 quidquid
2716 3233 3042 3309 scripserit,

1761 3341 1977 3400 magno
2023 3321 2314 3381 habeatur
2356 3321 2419 3378 in
2466 3317 2740 3402 preti02).
2801 3322 3046 3381 Romam

1760 3413 2043 3470 evocatus
2076 3431 2109 3467 a
2142 3411 2201 3468 P.
2235 3409 2480 3469 Claudio
2512 3409 2824 3485 Aquaviva
2863 3410 3044 3470 socie-

1762 3500 1905 3558 tatis
1952 3499 2100 3557 Jesu
2145 3499 2478 3575 praeposito
2524 3498 2785 3575 generali
2817 3493 3042 3580 (1590)

1761 3588 1817 3647 ei
1850 3608 1883 3646 a
1930 3587 2171 3646 secretis
2224 3598 2299 3649 16
2350 3606 2638 3645 annorum
2687 3588 2883 3663 spatio
2929 3587 3048 3648 fuit

1762 3677 1827 3735 in
1873 3676 2312 3736 conscribendis
2353 3675 2544 3735 literis
2588 3676 2809 3735 latinis.
2855 3677 3046 3736 Horas

1762 3766 1836 3824 ab
1870 3766 1979 3824 hoc
2009 3783 2253 3823 munere
2285 3783 2499 3823 vacuas
2516 3766 2902 3841 antiquitatis
2924 3769 3047 3826 stu-

1762 3855 1888 3924 dio,
1941 3853 2379 3930 perlustrandis
2426 3853 2835 3926 bibliothecis,
2888 3857 3047 3916 evol-

1761 3942 1972 4003 vendis
1993 3942 2293 4001 codicibus
2322 3942 2935 4021 inscriptionibusque
2954 3946 3047 4004 in-

1765 4031 2132 4110 vestigandis
2179 4031 2500 4108 impendit,
2567 4033 2724 4092 unde
2772 4054 3050 4111 magnam

1762 4120 2119 4181 eruditionis
2154 4121 2582 4197 supellectilem
2628 4123 2894 4181 corrasit.
2940 4124 3049 4181 Fa-

1760 4210 1982 4269 miliari
2001 4210 2426 4269 consuetudine
2441 4210 2752 4270 fruebatur
2767 4231 2900 4269 cum
2916 4211 3051 4270 doc-

1762 4300 2013 4358 tissimis
2076 4298 2475 4358 cardinalibus
2525 4300 2758 4370 Toleto,
2822 4298 3047 4357 Bellar-

1837 4511 1874 4572 ι)
1902 4504 2109 4558 Annal.
2149 4506 2190 4558 t.
2230 4509 2279 4562 5.
2322 4505 2384 4559 in
2423 4503 2664 4576 append.
2686 4527 2696 4565 ;
2740 4504 2780 4559 t.
2821 4509 2855 4558 9
2895 4504 2972 4557 ad
2996 4522 3046 4558 a.

1759 4581 1896 4639 8142
1921 4581 1967 4632 t.
1996 4581 2067 4633 10
2090 4576 2163 4630 ad
2189 4593 2236 4630 a.
2259 4581 2394 4638 956;
2421 4576 2483 4629 in
2508 4575 2752 4645 append.
2778 4593 2834 4645 p.
2856 4579 2976 4634 662.

1854 4652 1895 4720 ²)
1922 4650 2074 4717 Dup
2093 4646 2168 4701 in
2208 4648 2382 4712 XVII,
2425 4651 2562 4704 210:
2617 4645 2746 4708 „Ses
2789 4645 3049 4701 disserta-

1759 4719 1912 4773 sions
1931 4723 2035 4775 out
2052 4720 2218 4789 passe
2238 4733 2382 4787 pour
2403 4736 2482 4773 un
2503 4717 2722 4773 modele
2743 4736 2840 4772 sur
2859 4718 3049 4787 lequel

416 4792 633 4860 tagnes.
682 4789 764 4845 cf.
792 4790 859 4846 de
898 4790 987 4845 his
1026 4789 1210 4845 tribus
1234 4789 1417 4846 Feller
1442 4790 1590 4858 VIII,
1615 4795 1704 4849 43.
1758 4790 1803 4844 il
1830 4789 2006 4845 seroit
2029 4808 2063 4845 a
2088 4789 2378 4845 souhaiter
2404 4791 2591 4858 qu’on
2618 4806 2675 4844 se
2707 4788 2962 4847 formum
