3625 5193
398 283 516 335 931
1030 264 1290 330 Jacobus‚
1319 265 1430 320 Leo
1457 284 1490 319 a
1523 265 1792 336 Regibus,
1820 266 2070 331 poncius,
2100 264 2404 333 Wadding.
2901 280 3023 332 962

399 456 590 526 ceptae
633 451 932 525 Deiparae
975 450 1183 527 absque
1235 451 1358 509 labe
1415 453 1689 529 oriyinali
1743 451 2353 528 loqicumadmentem
2374 449 2547 519 Scoti,
2566 448 2810 508 Parisiis
2841 458 3026 517 1652;

400 559 469 598 ex
521 539 813 600 canonicis
853 542 1034 613 atque
1077 539 1425 599 orthodoxis
1469 540 1686 599 funda-
1742 540 2021 617 Lugduni
2066 550 2221 603 1671
2261 538 2326 597 in
2358 539 2398 596 f.
2431 533 2712 619 (rarum);
2735 538 3027 611 judicium

401 628 636 688 mentis
671 628 806 687 Jam
840 628 1108 702 ejusdem
1140 629 1581 705 sacrosyllabus
1614 629 1687 687 de
1740 631 2038 688 doctrinae
2067 648 2144 689 ss.
2174 628 2495 706 Anqustini
2529 634 2581 685 et
2618 628 2881 695 Thomae,
2915 628 3024 685 Pa·

399 718 691 795 explicats
724 717 799 776 ab
829 717 1089 775 Ecclesia
1119 721 1180 776 et
1223 718 1497 794 patribus
1531 718 1683 777 Scri·
1743 718 1904 777 risiis
1944 727 2107 781 1657
2145 718 2209 775 in
2244 727 2313 787 8;
2354 717 2556 775 Scotus
2589 716 2903 775 Hiberniae
2934 734 3025 772 re-

399 811 583 882 ptura
609 825 720 883 pro
746 806 1128 866 immaculata
1147 806 1550 882 conceptione,
1573 808 1685 866 Va·
1739 809 1990 877 stitutus,
2037 808 2118 866 ib.
2162 816 2323 869 1660
2372 806 2437 864 in
2473 815 2539 876 83
2587 807 3027 863 commentarios

398 895 615 954 lentiae
655 904 819 959 1656
854 895 920 953 in
956 905 1027 965 ὃς
1077 896 1149 953 de
1176 898 1476 954 sanctitate
1518 898 1682 954 insti·
1739 897 2089 975 theoloqicos,
2140 895 2204 954 in
2234 896 2456 970 quibus
2487 894 2726 954 subtilis
2765 893 3025 953 doctoris

397 987 508 1043 tuti
532 985 668 1058 festi
699 991 855 1042 certa
887 987 948 1043 et
982 985 1310 1043 necessaria
1349 984 1422 1043 ad
1455 985 1684 1044 cultum
1740 1004 1838 1061 qq.
1868 986 1932 1044 in
1963 986 2028 1044 ll.
2073 985 2507 1045 sententiarum
2552 982 2935 1043 elucidantur
2964 985 3027 1040 et

398 1073 881 1142 ecclesiasticum,
917 1073 1270 1149 singillatim
1299 1073 1364 1132 in
1392 1074 1543 1133 sesto
1571 1073 1683 1132 im·
1738 1074 2140 1146 illustrantur,
2188 1074 2265 1132 ib.
2310 1084 2462 1136 1661
2506 1093 2558 1133 v.
2596 1083 2629 1136 5
2667 1073 2731 1130 in
2761 1072 2800 1136 f.
2845 1066 3025 1154 (opus

399 1163 731 1222 maculatae
802 1163 1201 1238 conceptionis
1275 1167 1590 1239 praecepto
1651 1184 1686 1220 a
1737 1160 2151 1246 rarissimum).
2167 1163 2574 1237 Supplementa
2589 1161 2854 1237 ejusdem
2872 1161 3023 1218 Pon-

399 1252 650 1311 summis
700 1249 1099 1326 pontificibus,
1147 1251 1227 1310 ib.
1283 1260 1442 1314 1657
1499 1252 1562 1310 in
1611 1260 1681 1321 8;
1739 1252 1817 1311 cii
1850 1254 1927 1312 ad
1947 1255 2153 1327 plures
2187 1272 2272 1330 qq.
2304 1253 2552 1327 ejusdem
2599 1252 2845 1309 doctoris
2889 1249 3022 1307 sub-

396 1341 536 1399 haec
556 1340 740 1398 simul
775 1343 836 1398 et
856 1340 971 1397 alia
1003 1340 1245 1399 collecta
1263 1341 1538 1416 prodiere
1569 1342 1680 1400 sub
1738 1343 1858 1401 tilis
1903 1343 2083 1401 habes
2130 1344 2194 1400 in
2238 1360 2486 1417 operum
2532 1339 2692 1399 Scoti
2743 1337 3020 1404 editione,

395 1430 601 1488 titulo:
637 1429 828 1506 Opera
846 1428 1190 1503 parthenice.
1206 1431 1275 1488 de
1292 1432 1682 1509 superaimia
1737 1450 1917 1506 quam
1936 1432 2171 1490 curavit
2190 1431 2376 1490 Lucas
2394 1431 2456 1488 W
2475 1429 2563 1490 ad
2577 1429 2616 1487 d
2632 1428 2712 1487 in
2725 1448 2766 1505 g
2780 1448 2825 1486 u
2839 1446 2867 1486 s
2897 1427 3021 1486 ord.

395 1526 447 1576 et
475 1519 806 1577 omnimoda
826 1519 1089 1592 puritate
1115 1517 1330 1577 Matris
1359 1520 1489 1593 Dei,
1521 1519 1679 1597 Lug·
1738 1521 1878 1579 Min.
1928 1521 2168 1580 natione
2213 1522 2436 1596 pariter
2465 1518 2784 1587 Hiberum,
2828 1516 3025 1592 patria

395 1607 541 1666 duni
580 1617 748 1670 1659
783 1608 847 1664 in
878 1606 915 1664 f.
935 1602 1039 1688 (m.
1061 1602 1207 1690 40.).
1229 1642 1280 1649 —
1305 1607 1680 1667 Carolus-Ia·
1738 1608 2232 1669 waterfordensis
2282 1605 2366 1691 (n.
2424 1617 2620 1678 15883
2672 1604 2707 1673 †
2745 1615 2841 1668 17.
2876 1605 3020 1664 Nov-

395 1697 627 1755 cobus
661 1696 725 1754 Ο.
749 1695 801 1753 S.
822 1695 1039 1755 Bened.
1068 1696 1479 1755 emonasterio
1499 1696 1677 1755 ande-
1747 1708 1907 1762 1657
1946 1718 1995 1757 a.
2028 1699 2239 1758 aetatis
2277 1697 2399 1777 70),
2452 1698 2546 1756 vir
2577 1694 3022 1773 religiosissima

397 1786 555 1845 censi
605 1785 1038 1861 philosophiam
1088 1784 1293 1845 docuit
1323 1785 1677 1863 Salisburgi,
1734 1786 1959 1863 pietate
2000 1806 2065 1846 ac
2111 1787 2383 1846 doctrina
2428 1787 2798 1862 conspicuus,
2850 1785 3020 1860 cujus

394 1874 532 1933 dein
563 1874 930 1950 theologiam
963 1870 1208 1955 (1627),
1247 1876 1679 1933 controversias
1735 1877 1983 1936 consilio
2028 1881 2091 1935 et
2138 1894 2314 1952 opera
2358 1894 2479 1935 non
2525 1874 2708 1934 semel
2737 1872 2832 1932 usi
2878 1876 3021 1931 sunt

396 1961 529 2021 fidei
570 1960 827 2044 (1648);
866 1963 1283 2022 vicerectorem
1313 1964 1438 2040 egit
1477 1974 1677 2034 16:383
1733 1966 2008 2025 Urbanus
2055 1966 2211 2024 VIII.
2261 1970 2321 2024 et
2372 1962 2760 2025 Innocentius
2806 1962 2899 2033 X.,
2950 1966 3023 2020 ut

393 2052 924 2128 procaneellarium
972 2052 1047 2111 ad
1077 2072 1124 2109 a·
1168 2062 1330 2115 1658
1377 2071 1569 2128 usque
1617 2050 1678 2133 (†
1732 2054 1849 2130 ipsi
1880 2054 2189 2131 pontifices
2221 2057 2524 2113 testantur
2566 2052 2633 2109 in
2664 2052 2791 2109 suis
2821 2050 2911 2112 lit.
2946 2050 3021 2109 ad

401 2137 612 2221 1661).
647 2141 982 2199 Secundum
1030 2140 1337 2200 historiam
1379 2142 1677 2200 universi-
1733 2143 2043 2202 Hibernos.
2075 2142 2358 2201 Pluribus
2377 2143 2442 2200 in
2461 2139 3020 2216 congregationibus

391 2229 534 2288 tatis
580 2230 1038 2305 salisburgensis
1086 2226 1148 2312 (l.
1186 2240 1219 2292 2
1262 2250 1309 2287 c.
1347 2240 1379 2290 7
1428 2250 1485 2289 n.
1522 2225 1676 2311 257)
1732 2233 1993 2291 romanis
2039 2237 2167 2290 erat
2211 2232 2542 2299 consultor,
2595 2229 2779 2287 etiam
2824 2228 2887 2285 in
2931 2247 3016 2297 ea,

392 2318 668 2394 reliquit:
701 2318 791 2377 De
819 2321 1014 2394 qratia
1046 2320 1262 2389 divina,
1303 2329 1468 2383 1630
1504 2320 1569 2378 in
1605 2330 1675 2388 4;
1733 2321 1832 2379 cui
1876 2320 2263 2380 examinanda
2309 2319 2528 2378 tradita
2576 2321 2702 2375 erat
2749 2316 3021 2374 Janscnii

393 2408 740 2466 theoremata
793 2403 934 2490 (34)
986 2426 1056 2467 ea:
1108 2410 1381 2467 universa
1430 2410 1678 2467 doctoris
1732 2410 2016 2469 doctrina.
2069 2409 2250 2468 Initio
2296 2409 2535 2484 quidem
2579 2407 2717 2465 huic
2760 2404 3015 2474 favebat,

391 2498 629 2573 anqelioi
659 2497 903 2555 Summa
922 2540 935 2565 ,
984 2507 1167 2559 1630.
1211 2506 1372 2559 1642
1408 2498 1472 2555 in
1507 2507 1575 2567 43
1608 2500 1677 2556 de
1733 2498 1836 2557 sed
1869 2498 1993 2557 lata
2022 2498 2530 2558 condemnationis
2561 2495 2859 2554 sententia
2890 2496 3017 2552 toto

405 2584 579 2644 Verbo
624 2586 737 2644 Dei
781 2582 1085 2645 incarnato
1096 2632 1117 2664 ‚
1181 2595 1345 2649 1642
1397 2586 1460 2645 in
1507 2599 1575 2656 43
1608 2588 1678 2646 de
1731 2608 1798 2647 ex
1851 2588 2026 2648 corde
2067 2587 2295 2664 judicio
2344 2587 2499 2646 sedis
2549 2584 2907 2662 apostolicae
2956 2602 3016 2642 se

390 2675 510 2734 Deo
540 2677 604 2733 in
633 2694 692 2733 se
723 2683 773 2732 et
794 2683 961 2734 extra
990 2694 1065 2752 se,
1102 2676 1174 2734 de
1204 2677 1323 2734 Deo
1357 2680 1427 2735 ut
1458 2677 1676 2736 ultimo
1732 2677 2001 2753 subjecit.
2034 2677 2411 2754 Theologiam
2443 2676 2645 2735 docuit
2673 2674 2737 2732 in
2766 2673 3017 2749 collegio

391 2764 504 2821 fine
535 2768 598 2822 et
629 2764 949 2834 Salvatore,
990 2776 1016 2826 1
1034 2775 1191 2834 642;
1225 2772 1386 2823 actus
1415 2767 1673 2835 humani,
1731 2767 2129 2828 Hiber-norum
2161 2786 2205 2826 s.
2236 2766 2449 2825 Isidori
2479 2784 2661 2842 opera
2679 2781 2790 2822 sua
2817 2768 3031 2821 erecto.

399 2862 562 2916 1643
589 2851 655 2911 in
678 2863 743 2922 43
791 2854 861 2911 de
892 2854 1014 2911 Deo
1046 2872 1162 2912 uno
1192 2861 1245 2911 et
1272 2855 1444 2930 trino,
1505 2864 1671 2916 1644
1731 2856 1794 2913 in
1828 2856 1999 2926 Urbe,
2034 2857 2132 2914 cui
2164 2859 2223 2914 et
2254 2855 2532 2932 praefuit.
2583 2855 2655 2912 In
2685 2851 2891 2928 primis
2924 2854 3016 2910 ts-

388 2943 454 2999 in
478 2952 511 3002 4
532 2963 545 3010 ;
569 2944 726 3019 triya
743 2943 1018 3000 virtutum
1039 2944 1477 3018 theoloyicarum
1508 2953 1671 3006 1648
1730 2964 1865 3002 men
1898 2949 1993 3002 est
2020 2944 2531 3003 nominatissimus
2551 2948 2793 3019 propter
2810 2942 3019 3000 Anna-

389 3029 456 3087 in
489 3041 560 3100 43
595 3032 823 3105 dejure
843 3039 892 3088 et
909 3033 1164 3107 justitia,
1206 3041 1372 3094 1650
1407 3031 1471 3088 in
1506 3041 1561 3093 4.
1587 3065 1671 3075 —
1730 3035 1810 3091 les
1842 3034 2160 3104 Minor-um,
2194 3035 2257 3091 in
2289 3033 2512 3108 quibus
2545 3051 2639 3090 res
2670 3048 2871 3089 omnes
2904 3030 3015 3088 tri-

388 3119 529 3178 Leo
562 3139 596 3178 a
628 3119 890 3196 Regibus
931 3120 993 3178 Ο.
1029 3121 1212 3179 Carm.
1261 3123 1440 3178 natus
1472 3122 1673 3179 Mona·
1729 3142 1833 3180 um
1879 3122 2157 3180 ordinum
2201 3143 2235 3180 a
2266 3141 2310 3180 s.
2342 3121 2650 3180 Francisco
2701 3120 3017 3177 instituto-

387 3207 504 3265 chii
534 3218 719 3277 1615,
752 3209 1048 3284 professor
1077 3209 1408 3285 theologiae
1438 3209 1503 3267 in
1535 3227 1674 3267 con-
1730 3231 1861 3270 rum
1883 3218 2251 3280 asseruntur,
2286 3210 2617 3269 calumniae
2636 3208 3013 3274 refelluntur,

390 3300 576 3355 ventu
634 3297 1043 3372 neapolitano,
1119 3301 1288 3374 peste
1359 3302 1676 3374 correptus
1732 3301 2031 3375 praeclara
2060 3318 2330 3376 quaeque
2349 3301 2736 3358 monumenta
2769 3296 2843 3354 ab
2863 3295 3014 3354 obli-

389 3381 616 3466 (1656)
652 3385 897 3462 reliquit
928 3387 997 3444 de
1027 3406 1101 3448 ss.
1134 3388 1440 3445 Trinitatis
1470 3396 1673 3463 myste-
1729 3390 1904 3447 vione
1934 3389 2315 3449 vindicantur
2329 3384 2393 3469 ²),
2446 3406 2701 3463 quorum
2731 3388 2774 3443 t.
2811 3393 2845 3445 8
2880 3384 2943 3443 in
2975 3384 3013 3444 f.

387 3477 480 3533 rio
498 3474 861 3534 theoremata
877 3475 1224 3552 theologica,
1248 3476 1476 3534 Graecii
1509 3487 1669 3538 1649
1730 3477 2083 3553 prodierunt
2130 3477 2410 3553 Lugduni
2467 3483 2844 3542 1625—54‚
2910 3473 3016 3547 qui

387 3562 449 3621 in
485 3575 540 3624 4.
1727 3566 2084 3642 pertingunt
2116 3585 2306 3641 usque
2337 3565 2411 3623 ad
2445 3585 2495 3624 a.
2538 3574 2720 3626 1500.
2763 3561 3013 3638 Supple-

1728 3658 1933 3713 menta
1981 3655 2195 3724 adiecit
2245 3654 2544 3712 Antonius
2590 3672 2623 3708 a
2668 3651 2912 3709 Marco
2947 3649 3010 3708 Ο.

479 3751 620 3802 408.
667 3743 874 3799 Plures
920 3742 1180 3818 theologi
1226 3744 1454 3801 scholae
1501 3748 1672 3802 erant
1728 3744 1868 3802 Min.
1940 3743 2289 3802 Melissanus
2346 3742 2420 3801 ab
2469 3762 2520 3801 a.
2577 3749 3008 3803 1213—1500

386 3830 627 3888 natione
649 3830 909 3899 Hiber-ni,
944 3850 974 3887 e
1008 3831 1227 3904 quibus
1248 3833 1471 3889 eminet
1490 3832 1670 3890 Joan-
1728 3834 1975 3891 collect-a
2006 3833 2314 3891 continens
2348 3850 2430 3902 ea,
2467 3848 2617 3908 quae
2650 3827 3010 3887 L.Waddin-

386 3937 489 3976 nes
509 3919 555 3975 P
573 3938 659 3976 on
672 3937 743 3978 ce
762 3916 1068 4002 (Poncius)
1089 3919 1152 3976 Ο.
1172 3920 1227 3978 S.
1247 3921 1445 3978 Franc.
1466 3922 1669 3980 Corca-
1726 3939 1869 3999 gum
1905 3923 2147 3992 latuere,
2183 3921 2342 3980 edita
2362 3940 2469 3997 per
2487 3919 2815 3979 Antonium
2836 3918 3015 3975 Maria

385 4007 707 4083 giensiS‚in
722 4027 962 4068 romano
983 4009 1228 4085 collegio
1251 4029 1294 4066 S.
1315 4009 1530 4068 Isidori
1550 4012 1670 4086 pri·
1726 4011 1798 4069 de
1846 4009 2085 4071 Turre
2129 4010 2314 4086 ejusd.
2362 4010 2503 4080 ord„
2535 4008 2774 4067 Taurini
2829 4015 3014 4069 1710.

384 4098 608 4155 marius
642 4098 936 4172 professor
969 4091 1031 4176 (†
1061 4095 1272 4176 1660),
1306 4099 1411 4172 qui
1435 4103 1672 4173 praeter
1725 4099 1872 4158 Inde
1934 4101 2228 4159 derivavit
2276 4099 2549 4158 Castet
2598 4098 2859 4157 Annales
2917 4097 3015 4154 des

383 4186 684 4262 integrum
715 4187 1109 4262 philosophiae
1138 4205 1372 4244 cursum
1398 4187 1471 4244 ad
1501 4206 1669 4246 men·
1727 4190 1849 4247 FF.
1883 4190 2146 4248 Mineurs
2190 4190 2467 4265 abregees
2500 4191 2563 4247 et
2612 4185 2906 4244 traduites
2937 4203 3011 4243 en

382 4278 501 4332 tem
551 4276 707 4335 Scoti
755 4275 819 4333 in
869 4285 904 4336 3
953 4296 1051 4350 pp.
1099 4274 1388 4345 divisum,
1452 4276 1667 4335 Romae
1723 4278 1979 4354 francois
2031 4278 2268 4338 Tolosae
2320 4285 2663 4341 1680-82
2712 4278 2755 4335 t.
2792 4284 2827 4339 8
2873 4273 2935 4330 in
2972 4283 3007 4333 4

390 4372 554 4426 1643
589 4364 654 4422 in
678 4376 748 4434 43
782 4364 1026 4423 Parisiis
1055 4372 1217 4426 1648
1252 4369 1314 4423 et
1342 4375 1526 4435 1656,
1561 4385 1665 4424 au·
1726 4386 1777 4426 v.
1808 4367 1875 4425 in
1910 4377 1963 4429 4.
2016 4365 2111 4448 (fr.
2158 4363 2329 4446 250).
2381 4366 2717 4424 Editionem
2764 4363 3011 4420 alteram

382 4455 544 4510 ctum
565 4458 628 4512 et
648 4456 980 4513 correctum
1006 4453 1284 4531 Lugduni
1315 4464 1496 4522 1672,
1532 4473 1664 4512 cum

382 4543 692 4640 appendice
721 4544 1089 4620 apoloyetica,
1124 4543 1189 4600 in
1216 4562 1343 4644 flua
1371 4543 1668 4618 plurimae
1803 4615 1814 4644 ἱ
2130 4608 2139 4617 ,
2302 4627 2310 4640 ¹
2747 4603 2782 4655 d
2841 4602 2877 4656 d
2915 4603 3011 4655 heb

381 4629 767 4691 difficultates
788 4651 854 4690 ac
885 4633 1014 4691 loca
1034 4633 1070 4690 S
1083 4651 1157 4691 co
1172 4635 1198 4689 t
1211 4652 1234 4689 1
1267 4637 1663 4707 exponuntur,
1728 4608 2109 4748 ngltffnlgaff
2126 4607 2750 4732 ἓὸἓζοῗξὲἓθξῡῖἧθὲ
2766 4621 2842 4727 ὅθι.
2858 4618 2954 4727 een
2977 4689 3009 4725 ο

383 4718 597 4820 ΒΟἚΠΒῨ
639 4731 799 4784 1645
852 4726 893 4782 t·
930 4733 967 4784 4
1017 4722 1079 4779 in
1114 4731 1172 4782 4·
1216 4715 1319 4802 (ω’
1356 4717 1484 4802 6⁰)⁷
1532 4739 1665 4778 ΕΘΗ·
1723 4754 1781 4803 et
1805 4752 2049 4804 Marco
2079 4750 2476 4818 Olisiponensi,
2505 4749 2574 4801 de
2598 4746 2808 4815 quibus
2835 4759 3009 4814 supra

383 4812 622 4882 scripsit
653 4829 889 4885 quoque
921 4811 1224 4887 integrum
1249 4829 1482 4868 cursum
1516 4811 1664 4868 theo·
1724 4822 1947 4891 egimus
1977 4838 2032 4889 p.
2055 4826 2159 4878 317
2181 4839 2220 4875 s.

600 4917 793 4974 Hmter,
833 4919 1170 4965 Nomenclator
1204 4916 1286 4962 111.
1314 4918 1390 4963 ed.
1420 4919 1468 4964 3.
2619 4911 2686 4964 31
