3625 5193
475 250 596 305 677
1138 236 1371 303 Ramon,
1399 237 1617 305 Davila,
1647 237 1871 306 Farfan,
1900 237 2093 293 Falces
2117 238 2186 291 de
2212 238 2405 308 Steph.
2959 256 3083 312 678

472 420 837 496 proprietate
856 421 1194 491 abdicanda,
1223 422 1294 481 de
1314 424 1558 482 licentia
1577 443 1752 498 supe·
1807 442 1912 483 cus
1946 424 2234 483 Romulus
2266 425 2314 482 B
2333 444 2365 483 e
2387 426 2408 483 l
2428 425 2447 482 1
2469 445 2502 482 a
2521 444 2551 482 r
2570 445 2629 483 m
2649 425 2731 482 in
2750 445 2792 484 u
2811 444 2863 495 s,
2897 427 3090 501 patria

472 510 698 568 riorum
729 511 1177 585 praerequisita,
1211 511 1283 571 de
1314 513 1436 571 vita
1456 513 1751 572 communi
1809 513 2157 584 PolitianuS,
2188 514 2448 572 Marcelli
2464 515 2538 572 11.
2556 515 2773 573 sororis
2802 515 3088 590 Cynthiae

474 616 542 656 ac
559 603 912 673 paupertate
933 601 996 659 in
1016 601 1316 659 communi
1336 602 1587 666 disserit,
1622 602 1754 676 Adj.
1811 602 2092 661 Cervinae
2116 602 2276 661 filius
2322 603 2416 661 die
2451 613 2507 665 4.
2541 598 2729 683 Oct.¹)
2773 613 2934 666 1542
2982 623 3088 661 na·

473 687 780 763 Expositio
812 688 876 747 in
909 707 1110 749 omnes
1141 690 1263 748 fere
1295 691 1531 767 regulas
1559 710 1604 750 s.
1642 692 1754 748 Ba-
1811 696 1930 750 tus.
1978 692 2136 749 Puer
2165 692 2434 768 egregiae
2479 691 2696 750 indolis
2740 697 2802 750 et
2849 692 3090 767 pietatis

475 777 611 848 silii,
670 778 1015 853 Augustini,
1079 779 1403 849 Benedicti,
1463 780 1756 839 Francisci
1809 780 2077 839 nondum
2111 781 2469 839 sexennium
2488 798 2762 857 egressus
2782 781 3089 839 conciona-

475 874 604 935 etc„
651 867 966 941 praecipue
999 867 1064 925 in
1101 869 1367 944 regulam
1415 870 1753 928 carmelita·
1810 873 1973 928 tores
2004 869 2324 939 aemulam,
2358 869 2570 928 lineam
2600 869 2851 928 indutus
2867 873 3089 929 vestem

475 974 606 1012 rum
655 975 750 1030 pp.
801 964 833 1015 2
888 956 951 1014 in
1003 967 1027 1017 1
1072 976 1142 1027 v.,
1190 959 1548 1034 Antverpiae
1586 968 1748 1022 1617
1811 978 1844 1017 e
1876 959 2177 1033 superiore
2209 958 2337 1017 loco
2369 959 2439 1016 ad
2474 959 2570 1017 sui
2598 958 2818 1017 similes
2837 958 2910 1017 de
2931 977 3091 1018 acer·

477 1043 542 1101 in
575 1043 611 1101 f.
645 1039 746 1119 (m.
782 1038 909 1126 80).
960 1045 1140 1103 Libro
1183 1047 1252 1104 de
1303 1048 1361 1105 la
1406 1047 1758 1125 antiquedad
1810 1048 1905 1106 bis
1936 1047 2149 1105 Christi
2196 1047 2553 1106 cruciatibus
2599 1048 2939 1122 saepissime
2984 1065 3093 1106 nec

477 1152 515 1208 y
547 1136 778 1190 sanctos
809 1132 882 1192 de
911 1134 970 1191 la
1001 1134 1182 1193 orden
1215 1135 1287 1194 de
1317 1137 1390 1194 N.
1424 1138 1479 1195 S.
1510 1137 1605 1195 del
1632 1155 1756 1195 car·
1811 1137 2014 1211 inepte
2045 1136 2413 1211 loquebatur.
2460 1136 2907 1210 condiscipulos
2952 1154 3092 1195 suos

476 1240 614 1280 men
645 1222 947 1281 Salmanca
973 1232 1161 1292 1599,
1194 1225 1419 1300 pariter
1447 1244 1637 1284 rarus.
1668 1256 1758 1268 ———
1810 1228 2019 1283 tenera
2049 1224 2242 1283 adhuc
2271 1228 2462 1283 aetate
2490 1224 2834 1283 aedificabat
2851 1224 3091 1299 pietate,

479 1310 725 1369 Thomas
770 1312 1047 1370 Ramon
1094 1312 1158 1371 Ο.
1209 1314 1410 1371 Praed.
1443 1315 1755 1391 Aragonus
1811 1313 2120 1381 modestia,
2162 1313 2492 1389 diligentia,
2544 1318 2722 1388 atque
2783 1313 2927 1371 adeo
2969 1314 3092 1388 jam

478 1405 715 1474 praeter
756 1400 1007 1459 ascetica
1051 1402 1292 1476 scripsit
1322 1405 1392 1461 de
1419 1405 1680 1478 primatu
1711 1420 1755 1460 s.
1811 1407 1959 1461 tunc
1991 1402 2300 1461 voracitati
2332 1402 2629 1471 studebat,
2672 1405 2743 1460 ut
2786 1421 3093 1477 nunquam

478 1489 640 1548 Petri
672 1509 762 1565 ap.
794 1494 855 1548 et
888 1508 963 1548 ss.
998 1490 1345 1565 pontificum
1383 1511 1757 1551 romanorum
1812 1491 2105 1550 mendacii
2138 1491 2230 1549 vel
2259 1491 2548 1549 levissimi
2589 1510 2757 1549 reum
2788 1509 2850 1549 se
2882 1509 3094 1567 agnos·

480 1578 610 1653 ejus
661 1596 1065 1637 successorum
1120 1580 1466 1638 fasciculum
1512 1599 1757 1639 aureum
1816 1583 1989 1639 ceret.
2041 1580 2197 1638 Puer
2229 1583 2408 1639 noctu
2446 1580 2519 1638 ad
2564 1580 2854 1639 orandum
2887 1598 3093 1656 surge·

479 1668 542 1725 in
578 1676 612 1730 3
646 1667 709 1724 ll.
742 1667 1013 1737 divisum,
1042 1669 1105 1725 in
1138 1668 1358 1743 quibus
1390 1687 1457 1727 ex
1490 1668 1760 1746 plurimis
1814 1669 1937 1739 bat,
1970 1668 2194 1743 prolixe
2227 1688 2425 1728 coram
2456 1687 2529 1727 se.
2576 1672 2939 1729 sacramento
2969 1686 3095 1726 ora·

478 1756 621 1814 locis
653 1756 972 1831 utriusque
1005 1756 1086 1827 Τ.,
1127 1776 1204 1815 ss.
1246 1758 1623 1817 conciliorum
1656 1757 1759 1816 de·
1817 1759 1939 1827 bat,
1974 1757 2565 1832 mortificationisque
2607 1758 2850 1834 gerebat
2879 1776 3095 1816 curam.

478 1845 656 1904 cretis
686 1849 748 1903 et
777 1845 1046 1919 antiquis
1090 1846 1363 1921 patribus
1410 1847 1758 1906 catholicae·
1818 1846 2106 1922 Diligenti
2137 1865 2315 1920 opera
2347 1847 2483 1905 data
2512 1847 2949 1922 grammaticae,
2989 1846 3098 1904 hu-

482 1953 598 2009 que
628 1934 922 1992 Ecclesiae
959 1934 1300 1994 doctoribus
1347 1955 1577 1994 summa
1620 1954 1758 2011 apo·
1816 1936 2091 1994 manitati
2124 1943 2185 1992 et
2214 1935 2559 2003 rhetoricae,
2612 1953 2851 2010 graecas
2896 1935 3098 1993 literas

482 2023 725 2082 stolicae
756 2041 1144 2098 romanaeque
1177 2025 1333 2083 sedis
1352 2026 1678 2084 auctoritas
1700 2026 1761 2081 et
1818 2024 2065 2083 solerter
2098 2023 2507 2099 apprehendit,
2552 2024 2931 2100 multumque
2962 2022 3099 2081 ado-

481 2116 747 2187 potestas
790 2112 1252 2183 demonstratur,
1299 2114 1540 2173 Tolosae
1594 2121 1757 2176 1617
1818 2113 2043 2171 lescens
2077 2112 2485 2170 delectabatur
2530 2110 2768 2193 poesi2).
2818 2111 3099 2170 Adultior

480 2202 547 2258 in
568 2210 623 2261 4.
655 2234 744 2244 —
776 2201 1020 2260 Saucius
1053 2202 1326 2260 Davila
1357 2206 1420 2261 et
1439 2202 1653 2261 Toledo
1677 2197 1757 2282 (n.
1816 2202 2011 2259 factus
2044 2203 2115 2258 ut
2144 2200 2517 2276 gravioribus
2551 2200 2769 2259 studiis
2788 2199 3098 2276 ingenium

491 2298 675 2358 1546,
698 2287 732 2355 †
760 2300 785 2351 1
802 2298 879 2351 62
893 2286 974 2369 5),
1007 2290 1376 2365 aliquamdiu
1395 2310 1439 2354 s.
1456 2291 1762 2350 Theresiae

482 2382 610 2436 erat
641 2398 675 2434 a
698 2378 1182 2450 confessionibus,
1213 2400 1246 2437 a
1266 2399 1382 2455 qua
1401 2381 1619 2439 meruit
1637 2379 1760 2455 epi·

485 2467 667 2525 stolas
700 2468 975 2543 accipere,
1011 2468 1168 2527 unde
1200 2469 1386 2545 ipsius
1419 2470 1484 2527 in
1515 2470 1639 2528 vita
1659 2467 1760 2525 ad·

485 2557 599 2615 huc
609 2556 867 2633 juvenili
884 2557 1179 2617 virtutum
1201 2560 1532 2634 profectum
1550 2575 1762 2636 agnos·

485 2664 615 2705 cere
633 2646 788 2705 licet.
805 2646 1026 2714 Quater
1036 2647 1362 2707 academiae
1375 2649 1764 2707 salmantinae

482 2739 679 2793 rector
697 2740 826 2793 erat
845 2738 907 2792 et
925 2735 1238 2810 episcopus
1255 2738 1614 2807 murcianus‚
1629 2754 1764 2795 mox

483 2824 844 2900 giennensiS‚
856 2823 996 2882 inde
1011 2825 1384 2902 seguntinus,
1397 2826 1633 2884 demum
1643 2827 1766 2902 pla·-

484 2912 773 2971 centinus.
804 2913 1077 2988 Scripsit:
1099 2914 1264 2971 Dela
1298 2914 1641 2972 Veneracion
1662 2935 1766 2992 que

484 3019 543 3060 se
573 3001 706 3059 debe
736 3021 772 3059 a
804 3003 890 3060 los
923 3002 1175 3077 Cuerpos
1211 3003 1279 3060 de
1309 3004 1392 3061 los
1424 3004 1631 3061 Samos
1661 3024 1698 3079 y
1728 3023 1765 3062 a

485 3109 586 3148 sus
616 3091 915 3166 reliquias,
944 3111 981 3166 y
1012 3092 1079 3148 de
1110 3093 1169 3148 la
1198 3093 1482 3167 sinyular,
1516 3111 1620 3149 con
1663 3111 1767 3168 que

485 3197 543 3236 se
571 3179 647 3235 ha
679 3179 746 3236 de
778 3181 1002 3238 adorar
1031 3175 1082 3238 el
1107 3179 1331 3253 Cuerpo
1351 3180 1575 3238 deJesu
1597 3181 1763 3239 Chri-

485 3274 573 3325 sto
604 3267 679 3324 N.
713 3267 772 3330 S.
805 3287 873 3326 en
905 3269 953 3326 el
985 3268 1299 3326 Samisimo
1332 3269 1705 3333 Sacramento
1726 3272 1763 3328 4

487 3356 564 3424 u„
601 3357 828 3416 Matriti
874 3369 1027 3420 1611
1070 3358 1131 3416 in
1162 3357 1201 3416 f.
1234 3376 1385 3432 opus
1419 3377 1619 3416 rarum
1667 3354 1766 3439 (m.

496 3440 626 3525 30).
660 3478 747 3489 -
780 3447 1080 3505 Antonius
1113 3447 1396 3504 Farfan
1430 3447 1502 3505 de
1536 3449 1622 3505 los
1657 3448 1768 3505 Go-

488 3533 593 3591 dos
628 3533 993 3609 Hispalensis
1028 3535 1091 3594 Ο.
1127 3535 1182 3596 S.
1202 3535 1293 3595 Jo.
1316 3537 1544 3594 Hieros.
1581 3536 1766 3594 edidit

487 3622 797 3681 Discursos
825 3643 890 3681 en
923 3625 1156 3697 defensa
1187 3625 1256 3680 de
1297 3626 1355 3682 la
1386 3625 1644 3702 Reliyion
1674 3645 1771 3681 ca-

489 3710 698 3769 tholica
730 3712 960 3787 Hispali
1001 3722 1163 3776 1623
1217 3716 1422 3770 contra
1467 3713 1771 3772 illumina-

489 3804 690 3858 torum
712 3802 1230 3864 sectam—som.
1247 3801 1446 3860 Falces
1467 3803 1539 3860 de
1562 3821 1603 3862 8.
1631 3804 1708 3861 St
1720 3821 1778 3860 e-

491 3888 743 3963 phano
784 3891 1120 3966 Aragonius
1164 3889 1228 3948 Ο.
1275 3891 1328 3948 S.
1373 3893 1534 3949 Hier.
1581 3891 1771 3950 archi-

489 3977 804 4053 episcopus
814 3979 1229 4038 Brundusinus
1242 3976 1307 4058 (†
1324 3991 1348 4041 1
1367 3990 1418 4042 5.
1438 3981 1562 4038 Oct.
1591 3977 1779 4061 1636)

494 4065 779 4124 describit
795 4068 1121 4126 Methodum
1135 4071 1215 4127 ad
1224 4071 1636 4145 coquoseendas
1645 4071 1777 4127 hae-

495 4173 647 4212 reses
676 4155 891 4213 Romae
937 4167 1096 4219 1630
1133 4157 1195 4214 in
1227 4157 1265 4215 f.

586 4289 730 4342 295.
782 4281 1198 4340 Fortissimum
1260 4281 1526 4340 omnium
1576 4282 1776 4339 Eccle-

493 4367 610 4426 siae
643 4369 964 4427 catholicae
996 4371 1278 4428 adversus
1311 4371 1776 4444 protestantium

495 4474 720 4515 errores
753 4463 1253 4535 propugnatorem
1286 4459 1496 4516 habuit
1517 4459 1620 4516 hac
1643 4478 1778 4533 epo-

495 4544 600 4602 cha
632 4543 814 4605 Italia
831 4542 894 4626 ¹),
942 4547 998 4604 Is
1032 4548 1150 4605 fuit
1182 4547 1475 4606 Robertus
1508 4548 1775 4606 Francis-

575 4718 610 4785 ¹)
637 4715 1144 4769 Praetermittimus
1171 4716 1452 4771 Joanuem
1469 4716 1779 4770 Antonium

1817 2290 1966 2348 mira
1990 2290 2114 2364 jam
2147 2285 2483 2347 eruditione
2515 2292 2822 2364 praestans
2842 2288 3100 2363 amplius

1818 2379 2123 2445 excoleret,
2187 2377 2499 2436 Patavium
2548 2378 2725 2454 petiit
2773 2378 2975 2452 ibique
3025 2376 3099 2435 de

1820 2584 1966 2640 card.
1998 2583 2144 2639 Frid.
2178 2584 2549 2638 Borromaeus
2589 2600 2718 2638 cum
2756 2582 2939 2638 tribus
2978 2581 3106 2636 aliis

1820 2657 1955 2711 viris
1994 2657 2065 2710 ad
2104 2656 2318 2710 incolas
2358 2656 2596 2709 vallium
2637 2653 2985 2708 dioecesibus
3023 2670 3107 2707 co·

1820 2727 2002 2782 mensi
2029 2730 2087 2782 et
2109 2727 2352 2781 curiensi
2378 2728 2659 2781 sub'ectos
2684 2725 2855 2791 misit,
2889 2726 2957 2778 ut
2978 2724 3109 2780 illos

1820 2801 1882 2853 in
1910 2817 2041 2853 vera
2078 2799 2403 2853 institueret
2428 2799 2464 2850 fi
2507 2814 2568 2851 e:
2609 2797 2759 2866 quod
2784 2799 2903 2852 tam
2938 2795 3110 2850 felici-

1820 2874 1906 2925 ter
1947 2870 2247 2939 praestitit,
2288 2871 2354 2923 ut
2392 2869 2780 2924 Helvetiorum
2819 2867 3111 2937 apostolus

1823 2940 2143 3010 nuncupari
2174 2939 2463 3003 meruerit,
2505 2957 2609 3008 pro
2638 2940 2848 3008 quibus
2871 2938 3111 3007 reliquit

1822 3012 1994 3066 etiam
2047 3012 2265 3080 aliquot
2307 3011 2528 3066 libellos
2573 3011 2817 3066 dialecto
2860 3011 3112 3079 ipsorum

1823 3083 2187 3153 conscriptos
2214 3082 2376 3137 Peste
2403 3084 2691 3151 correptus
2718 3082 2861 3137 obiit
2887 3100 2936 3136 a.
2955 3085 3112 3138 1630.

1824 3155 1905 3208 Cf.
1935 3154 2188 3224 Argelati
2214 3159 2259 3209 1.
2282 3155 2349 3218 ΙΙ,
2376 3158 2495 3209 261.
2520 3186 2581 3194 -
2601 3152 2886 3206 Benedicti
2914 3152 2983 3206 de
3003 3152 3112 3204 Be-

1823 3244 1864 3278 n
1880 3241 1909 3278 e
1926 3225 1962 3277 d
1979 3226 1998 3277 i
2016 3242 2045 3278 c
2063 3226 2119 3277 ti
2136 3244 2161 3278 s
2200 3225 2432 3293 parochi
2461 3224 2531 3277 ad
2558 3241 2601 3280 s.
2628 3223 2859 3276 Luciam
2887 3222 3111 3276 Patavii

1824 3300 1874 3368 (†
1890 3300 2051 3368 1631)
2078 3299 2304 3350 exstant
2313 3299 2503 3364 jacula
2520 3298 2787 3348 Ecclesiae
2802 3297 3003 3348 Christi
3025 3313 3113 3347 ca-

1826 3372 2043 3421 tholicae
2068 3384 2135 3421 ex
2163 3367 2569 3420 catholicorum
2597 3365 2966 3434 ipsorumque
2985 3365 3115 3417 hae·

1825 3438 2124 3493 reticorum
2166 3437 2569 3491 assertionibus
2596 3436 2952 3505 deprompta,
2991 3434 3116 3502 qui-

1834 3513 1934 3564 bus
1951 3509 2289 3562 christianae
2311 3508 2443 3562 fidei
2463 3508 2671 3561 veritas
2698 3506 3013 3559 firmissime
3032 3521 3117 3557 ro-

1829 3582 2063 3634 boratur
2088 3582 2146 3633 et
2169 3579 2484 3633 haereticae
2512 3577 2643 3631 fidei
2683 3577 2901 3630 falsitas
2928 3576 3116 3630 certis-

1831 3652 1967 3704 sime
1992 3652 2287 3716 refutatur,
2316 3649 2569 3704 Venetiis
2598 3651 2752 3705 1608.

1909 3725 1946 3793 ¹)
1974 3721 2121 3774 Hinc
2160 3738 2366 3790 magno
2402 3721 2564 3774 cultu
2604 3720 3050 3789 prosequebatur
3075 3735 3117 3773 s.

1832 3792 2188 3846 Franciscum
2230 3792 2617 3855 Assisinatem‚
2660 3792 2823 3861 cujus
2847 3790 3120 3844 memoria

1834 3882 1901 3919 ea
1928 3864 2016 3917 die
2036 3864 2317 3927 recolitur,
2345 3866 2517 3931 atque
2543 3861 2894 3932 impetravit,
2919 3864 2985 3914 ut
3002 3860 3121 3914 offi-

1836 3936 1983 3989 cium
2011 3934 2395 4004 impressionis
2433 3934 2763 4004 stigmatum
2802 3933 2863 3985 in
2889 3949 3120 4001 corpore

1835 4025 1876 4061 s.
1905 4006 2183 4059 Francisci
2211 4025 2245 4060 a
2270 4006 2398 4061 sede
2434 4005 2750 4075 apostolica
2783 4005 3123 4073 approbare-

1837 4082 1944 4130 tur.
1990 4078 2042 4130 N
2046 4095 2118 4131 on
2145 4077 2263 4133 sine
2290 4076 2523 4146 speciali
2551 4076 2721 4145 hujus
2751 4074 2931 4129 sancti
2960 4077 3124 4130 bene·

1835 4149 2119 4203 volentiae
2132 4148 2548 4218 significatione
2562 4147 2788 4201 videtur
2800 4145 3121 4216 contigisse,

1838 4220 1992 4288 quod
2020 4224 2137 4273 tam
2165 4222 2400 4274 devotus
2420 4219 2593 4272 cliens
2617 4221 2931 4272 recurrente
2952 4217 3123 4286 hujus

1838 4291 1968 4344 festi
2009 4292 2276 4344 memoria
2304 4294 2410 4361 (17.
2439 4291 2591 4358 Sept.
2620 4294 2799 4352 1621.)
2840 4288 2911 4340 ad
2950 4288 3123 4340 coele-

1836 4365 1980 4415 stem
2006 4362 2252 4430 patriam
2278 4362 2566 4430 migraret.

1912 4436 1952 4504 2)
1980 4433 2136 4486 Licet
2161 4432 2499 4502 provectiori
2539 4431 2601 4483 in
2626 4431 2813 4484 aetate
2841 4428 3017 4480 musis
3041 4444 3123 4482 re-

1838 4504 2173 4567 nunciasset,
2204 4506 2395 4556 tamen
2422 4502 2660 4555 subinde
2686 4502 2757 4553 ad
2784 4499 2915 4552 illas
2938 4499 3125 4562 rediit,

1838 4579 1896 4629 et
1907 4575 2055 4628 inter
2066 4575 2178 4627 alia
2189 4576 2466 4641 hymnum
2480 4571 2799 4641 composuit
2814 4570 2882 4624 de
2895 4588 2935 4622 s.
2950 4570 3128 4622 Maria

1837 4646 2209 4714 Magdalena:
2250 4645 2436 4708 ,Pater
2462 4645 2692 4712 superni
2721 4642 2971 4696 luminis‘
3002 4645 3126 4704 etc.,

1838 4718 1939 4784 qui
1966 4718 2172 4786 dignus
2197 4716 2430 4768 habitus
2459 4716 2573 4768 fuit.
2599 4732 2633 4767 a
2660 4715 2949 4768 (lemente
2975 4713 3128 4767 VIII.

498 4784 538 4839 C
556 4786 623 4840 al
640 4806 672 4841 v
690 4803 719 4840 e
739 4805 772 4838 n
790 4805 817 4839 z
835 4804 869 4839 a
885 4805 920 4838 n
937 4805 974 4840 u
990 4805 1045 4841 m
1073 4787 1569 4858 Mediolanensem,
1609 4806 1780 4856 quem
1835 4788 1896 4841 in
1916 4788 2261 4842 Breviarium
2288 4787 2484 4857 recipi.

2703 4878 2803 4930 22·
