3625 5193
573 221 650 273 39
808 207 1184 261 1564—1580.
1212 202 1522 272 Theologia
1547 201 1663 271 pol.
1692 200 1752 254 in
1780 200 1999 271 Belgio.
2026 200 2364 269 Ravesteym
2391 200 2658 263 Sonnius,
2685 199 2953 264 Coninck,
3110 218 3193 270 40

560 408 673 464 per
703 389 867 448 XVI
891 407 999 449 sec.
1030 406 1336 448 consensus
1349 408 1377 459 ,·
1418 387 1641 447 accedit
1672 387 1851 446 sacri-
1908 390 2039 461 tini,
2092 405 2243 462 quae
2294 387 2367 444 ad
2417 386 2762 462 religionem
2814 387 3196 445 christianam

567 478 686 536 ficii
736 479 965 546 missae,
1018 496 1258 553 precum
1319 475 1852 536 caeremoniarum·
1907 477 2229 552 pertinent,
2262 475 2541 534 adversus
2590 474 3101 534 Chemnitium
3137 494 3191 550 p.

570 586 685 642 que
718 586 943 625 necnon
978 572 1039 624 et
1069 566 1426 641 epitetorum
1468 584 1537 623 ex
1578 566 1851 641 patribus
1919 576 1985 634 1.,
2020 564 2264 623 Lovanii
2293 573 2492 634 15683
2525 583 2580 638 p.
2607 573 2661 625 2.
2704 575 2898 633 15703
2921 565 3196 624 Coloniae

567 656 809 715 collecta
868 655 1132 723 asserti0‚
1214 656 1580 729 Antverpiae
1649 665 1806 718 1561
1837 677 1850 725 ;
1918 664 2104 718 1608.
2157 653 2431 712 Vindicat
2482 653 2543 710 in
2594 672 2662 711 ea
2694 653 2928 712 decreta
2961 672 3099 712 sese.
3136 664 3192 715 4.

578 755 775 815 15693
818 754 1013 814 15753
1067 744 1327 801 Mortuos
1375 746 1633 802 vivorum
1656 746 1849 817 preci-
1914 752 1966 804 5.
2004 753 2058 802 6.
2097 752 2152 803 7.
2185 746 2247 799 et
2285 752 2380 804 13.
2415 741 2559 817 Ejus
2592 738 2681 821 (et
2709 738 2986 823 Tiletani)
3029 742 3192 818 jndi-

566 835 669 892 bus
720 834 991 909 adjuvari
1041 852 1110 890 ex
1142 851 1211 891 ss.
1266 832 1536 907 patribus
1581 833 1848 900 asserti0‚

575 933 773 992 1575,
824 924 894 980 de
924 930 1255 981 sanctorum
1288 923 1662 997 invocatione,
1695 923 1852 980 Gan-

567 1011 702 1070 davi
747 1022 926 1074 1570.
979 1011 1043 1069 in
1099 1022 1195 1074 16.
1231 1013 1357 1079 etc,
1409 1010 1627 1087 dignus
1670 1029 1850 1087 prop·

566 1106 744 1171 terea,
778 1100 853 1158 al
887 1118 1063 1174 quem
1078 1099 1485 1169 Bellarminus‚
1509 1101 1720 1158 Suarez
1740 1103 1849 1158 etc.

567 1190 852 1249 lectorem
885 1189 1122 1263 saepius
1156 1189 1442 1265 delegant.
1495 1189 1853 1247 Prodierunt

567 1279 706 1337 haec
737 1277 1022 1353 opuscula
1071 1278 1247 1335 etiam
1293 1278 1500 1353 gallice
1532 1278 1849 1354 inscripta:

570 1366 890 1442 Perpetui&
933 1368 1003 1425 de
1044 1368 1103 1424 la
1130 1368 1236 1440 foi,
1284 1367 1657 1426 adumbratio
1702 1367 1850 1426 cele·

566 1457 689 1514 bris
720 1456 879 1513 illius
915 1456 1108 1531 operis
1142 1456 1401 1532 majoris,
1436 1457 1597 1531 quod
1628 1456 1738 1515 hoc
1767 1456 1847 1514 ti-

566 1544 696 1604 tulo
729 1548 867 1619 post
904 1545 1168 1603 seculum
1218 1545 1283 1602 in
1316 1543 1502 1603 Gallia
1546 1541 1848 1625 prodiitl).

568 1634 909 1692 mJodocus
945 1634 1382 1711 Ravesteyn
1418 1631 1850 1714 (Tiletanus

567 1724 744 1781 etiam
777 1718 999 1803 dictus)
1036 1722 1303 1793 Flander,
1340 1722 1654 1782 canonicus
1687 1723 1851 1782 lova-

565 1811 794 1869 niensis
831 1807 896 1893 (†
922 1821 974 1871 7.
997 1811 1163 1872 Febr.
1195 1809 1387 1891 1570)
1425 1814 1486 1870 et
1504 1812 1851 1870 Franciscus

568 1900 657 1958 So
676 1920 713 1957 n
735 1901 911 1958 nius
943 1900 1051 1979 (ita
1070 1900 1404 1975 appellatus
1437 1922 1470 1958 a
1500 1901 1624 1961 loco
1657 1900 1849 1976 patrio

568 1989 766 2048 Sonn
815 1989 878 2046 in
929 1984 1298 2069 Brabantia)‚
1371 1990 1519 2048 alias
1571 2009 1685 2048 van
1734 1990 1851 2048 den

567 2077 818 2147 Velde,
871 2078 1006 2136 hinc
1056 2078 1236 2136 etiam
1286 2098 1320 2136 a
1368 2078 1587 2152 Campo
1631 2078 1847 2148 dictae,

1908 831 2061 889 cium
2110 831 2183 889 de
2233 830 2501 890 articulis
2550 833 2621 889 de
2668 833 2953 905 sacrificio
2987 835 3196 890 missae

1909 921 2152 979 concilio
2184 920 2513 979 tridentino
2565 922 2936 996 propositum
2969 921 3194 997 legitur

1910 1009 2068 1085 apud
2100 1009 2180 1068 Le
2213 1009 2349 1068 Plat
2367 1008 2465 1080 IV,
2491 1018 2857 1072 :350—359.
2892 1010 3192 1068 Sue-cincta

1907 1100 2219 1173 confutatio
2264 1100 2656 1173 confessionis,
2700 1117 2851 1173 quae
2883 1100 3042 1158 edita
3074 1100 3196 1158 fuit

1908 1208 1941 1246 a
1970 1188 2280 1257 ministris,
2346 1188 2452 1263 qui
2503 1187 2566 1245 in
2617 1188 2917 1246 ecclesiam
2953 1193 3191 1247 antver-

1908 1276 2174 1352 piensem
2205 1277 2574 1352 irrepserunt
2592 1281 2654 1335 et
2671 1281 3037 1354 augustanae
3054 1297 3189 1337 con-

1906 1365 2148 1423 fessioni
2181 1384 2242 1424 se
2274 1364 2547 1425 assentiri
2578 1365 2951 1441 profitentur,
3004 1368 3193 1426 Lova·

1906 1454 1991 1512 nii
2034 1464 2236 1525 1567„
2280 1474 2413 1513 cum
2446 1456 2711 1531 apoloyia
2742 1456 3019 1514 adversus
3054 1457 3187 1513 Fla-

1906 1543 2061 1601 cium
2096 1543 2420 1619 Illyricum,
2474 1544 2578 1619 qui
2608 1543 2767 1602 illam
2800 1544 3192 1620 impugnave-

1907 1635 2016 1703 rat,
2068 1632 2145 1691 ib.
2192 1641 2371 1693 1568.
2433 1633 2548 1690 Pro
2598 1632 2706 1691 hoc
2755 1651 2927 1708 opere
2978 1634 3190 1708 poculo

1907 1740 2087 1780 aureo
2137 1740 2170 1778 a
2219 1724 2434 1780 senatu
2485 1723 2882 1797 antverpiensi
2931 1722 3189 1781 donatus

1905 1813 2012 1868 est.
2033 1811 2117 1868 De
2135 1810 2439 1869 concordia
2447 1812 2675 1886 qratiae
2692 1811 2914 1868 etliberi
2929 1813 3188 1886 arbitrii,

1907 1898 2241 1973 epistolaris
2274 1899 2700 1975 disputationis
2752 1901 2815 1958 in
2844 1900 2899 1958 J.
2933 1900 2996 1957 R.
3031 1905 3091 1958 et
3121 1901 3186 1958 R.

1906 1988 2134 2063 Tapper
2183 1988 2220 2045 l.
2270 1988 2685 2065 apologeticae,
2738 1990 2949 2048 Romae
3007 1999 3186 2051 1734.

1905 2077 2038 2152 Baji
2070 2077 2440 2136 novitatibus
2490 2080 2732 2136 strenue
2782 2098 2844 2137 se
2892 2080 3188 2153 opposuit,

567 2170 758 2226 rector
789 2166 1195 2225 universitatis
1226 2166 1586 2226 lovaniensis
1617 2164 1847 2248 (1543)
1905 2166 2461 2242 propositionesque
2492 2185 2764 2224 erroneas
2814 2186 2882 2226 ex
2924 2168 3188 2241 ejusdem

569 2260 628 2313 et
661 2255 990 2331 theologiae
1020 2256 1315 2330 professor
1348 2252 1595 2336 (1544),
1629 2256 1849 2332 episco-

565 2365 679 2419 pus
712 2344 1150 2413 silvaducensis,
1185 2343 1323 2404 dein
1351 2345 1581 2420 primus
1611 2350 1847 2404 antver-

565 2434 788 2509 piensis
812 2430 872 2513 (†
896 2445 913 2495 1
938 2445 970 2496 5
983 2445 1014 2496 ἰ’
1026 2430 1110 2514 6),
1137 2434 1539 2492 interfuerunt
1557 2438 1689 2492 tum
1709 2453 1849 2492 con-

565 2522 701 2581 cilio
734 2523 1057 2581 tridentino
1093 2518 1338 2602 (1551),
1392 2525 1523 2579 tum
1555 2522 1850 2598 colloquio

569 2613 964 2672 wormatiensi
1028 2609 1271 2692 (1557).
1336 2613 1421 2670 De
1483 2611 1581 2670 illo
1642 2612 1851 2669 scribit

569 2702 869 2759 Aubertus
906 2700 1265 2757 Miraeus:
1335 2700 1518 2766 ,Erat
1550 2718 1724 2774 porro
1758 2719 1849 2757 se-

1908 2256 2139 2330 scriptis
2173 2254 2414 2314 haustas
2447 2255 2660 2313 Romae
2692 2255 3090 2323 denunciavit,
3126 2260 3188 2314 et

1906 2348 1977 2401 ut
2038 2344 2463 2402 damnarentur
2522 2344 2747 2402 institit
2763 2341 2826 2423 ¹).
2880 2378 2965 2388 —
3020 2345 3188 2403 Alter

1906 2433 2027 2494 scil.
2090 2433 2426 2491 Sonnius
2488 2433 2561 2491 de
2610 2435 2904 2492 erectione
2956 2433 3187 2508 aliquot

1906 2521 2328 2595 episcopalium
2379 2521 2608 2581 sedium
2660 2523 2873 2581 Romae
2907 2522 3189 2582 sollicitus

1906 2610 2022 2668 fuit
2053 2614 2112 2667 et
2144 2611 2454 2685 episcopus
2487 2611 2676 2670 factus
2708 2613 2975 2671 sollerter
3006 2613 3187 2671 eccle-

1908 2699 2024 2756 sias
2059 2698 2173 2757 sibi
2204 2700 2549 2758 commissas
2580 2697 2813 2781 rexit2).
2866 2701 3030 2758 Inter
3060 2702 3190 2774 ejus

567 2789 743 2847 dulus
794 2789 856 2846 in
902 2787 1180 2856 docendo,
1232 2788 1383 2846 acris
1431 2791 1492 2846 et
1540 2788 1849 2846 vehemens
1907 2806 2085 2862 opera
2115 2788 2497 2863 praecipuum
2544 2788 2781 2847 videtur
2812 2791 3184 2848 Demonstra-

567 2878 629 2935 in
669 2876 1051 2951 disputando,
1082 2877 1144 2934 in
1178 2876 1438 2935 consiliis
1491 2876 1703 2935 dandis
1734 2877 1847 2935 cir·
1906 2880 2126 2934 tionum
2156 2877 2449 2954 reliyionis
2477 2879 2828 2936 christianae
2860 2879 2916 2935 ll.
2944 2889 2997 2947 3,
3033 2881 3184 2936 Ant-

568 2968 944 3041 cumspectus
1005 2985 1070 3023 ac
1133 2970 1423 3035 matur-ue,
1487 2965 1851 3043 theologicae
1905 2966 2137 3040 verpiae
2165 2975 2352 3035 1564,
2385 2967 2602 3041 quibus
2622 2974 2759 3041 post
2791 2969 2918 3042 ejus
2937 2972 3186 3024 mortem

569 3055 800 3113 scholae
863 3054 1140 3130 splendor
1212 3058 1271 3113 et
1347 3054 1663 3114 catholicae
1741 3054 1850 3112 Ec·
1906 3055 2177 3130 adjectus
2227 3058 2318 3113 est
2368 3056 2402 3116 l.
2459 3065 2513 3116 4.
2565 3057 2633 3114 de
2662 3058 3056 3131 sacramentis,
3110 3057 3186 3112 ib.

568 3144 777 3202 clesiae
847 3145 1276 3202 incrementum
1358 3144 1421 3201 in
1483 3144 1689 3219 primis
1754 3144 1847 3201 illi
1916 3151 2099 3207 1577.

568 3251 743 3292 curae
776 3237 959 3290 erat.‘
1026 3232 1126 3291 Bis
1156 3236 1443 3291 rectorem
1488 3233 1613 3309 egit
1644 3233 1851 3290 acade-

566 3321 717 3380 miae
767 3320 1139 3380 lovaniensis.
1204 3321 1573 3380 Eruditionis
1615 3340 1758 3379 suae
1790 3324 1853 3379 et
1970 3321 2741 3399 20.PetrusRegisvulgo
2776 3322 3187 3380 ConinckO.

566 3410 670 3467 zeli
720 3413 903 3468 testes
964 3413 1108 3468 sunt
1157 3409 1331 3485 plura
1390 3427 1584 3484 opera,
1636 3412 1707 3467 ut
1754 3410 1848 3467 de-
1909 3411 1961 3468 S.
1979 3411 2179 3469 Franc.
2201 3411 2537 3486 provinciae
2553 3431 2694 3469 suae
2715 3411 2887 3469 annis
2919 3424 3183 3486 llprae·

569 3501 1210 3575 vrwnstratioreliqionis
1224 3499 1570 3557 christianae
1586 3517 1652 3556 ex
1671 3499 1851 3557 verbo
1907 3499 2153 3574 posituS,
2187 3499 2480 3558 Leonorae
2511 3502 2570 3557 et
2605 3500 2814 3558 Mariae
2860 3501 3186 3568 austriaciS,

567 3588 673 3646 Dei
707 3588 765 3649 ll.
806 3598 861 3658 3,
902 3588 1136 3646 Parisiis
1180 3598 1376 3657 15663
1409 3589 1731 3663 Apoloyirze
1748 3605 1852 3646 seu
1908 3589 2188 3647 Franciae
2207 3592 2386 3664 atque
2408 3588 2746 3665 Hungariae
2762 3590 3188 3665 reginisacon·

565 3677 912 3749 defensionis
961 3678 1313 3734 decretorum
1362 3678 1584 3735 concilii
1628 3678 1849 3734 triden-
1909 3677 2262 3736 sessionibus
2312 3674 2372 3757 (†
2406 3686 2504 3739 20.
2539 3676 2672 3738 Jan.
2716 3674 2927 3756 1573),
2977 3678 3186 3753 lingua

572 3783 611 3786 ὴ
645 3833 681 3898 ¹)
710 3828 892 3882 Feller
919 3828 1010 3892 IV,
1041 3832 1175 3884 104:
1221 3831 1371 3882 Ceux
1400 3829 1498 3896 qui
1526 3828 1608 3881 les
1633 3831 1736 3881 ont
1761 3828 1848 3881 lus
1906 3767 2102 3841 patria
2146 3767 2210 3823 in
2254 3766 2440 3824 forma
2485 3764 2700 3841 dialogi
2746 3766 3076 3842 disput³Wit
3121 3767 3190 3823 de

567 3900 749 3967 etqui
775 3900 852 3952 les
880 3902 979 3951 ont
1005 3899 1322 3952 confrontes
1364 3915 1500 3952 avec
1538 3898 1700 3960 celui,
1746 3900 1848 3968 qui
1905 3875 1979 3913 33⁶
2031 3856 2240 3913 allans
2283 3862 2658 3926 sacramento'
2703 3856 2944 3914 Lovmm
3007 3863 3185 3917 ¹³³6&

567 3987 695 4025 sous
721 3989 781 4023 ce
808 3970 1029 4024 dernier
1067 3971 1217 4034 titre,
1257 3987 1291 4023 a
1330 3970 1437 4024 fait
1480 3973 1611 4024 tant
1636 3972 1690 4024 (Γ
1710 3971 1849 4024 hon·
1907 3945 1952 4000 P
1955 3945 2231 4001 lurinmm
2254 3943 2543 4000 gonieitus
2563 3943 2696 4010 sum
2721 3949 2791 4001 ω’
2812 3945 2938 4019 Baji
2960 3960 3186 4001 errores

566 4059 703 4094 neur
728 4059 761 4094 a
788 4041 980 4094 Nicole
1008 4044 1063 4094 et
1089 4041 1320 4105 Arnald,
1348 4044 1621 4094 n’auront
1647 4060 1751 4112 pas
1781 4042 1850 4095 de
1905 4052 1939 4090 a
1969 4032 2259 4108 theologis
2305 4032 2583 4106 primum,
2627 4036 2757 4090 tum
2789 4052 2823 4091 a
2854 4033 2989 4091 sede
3021 4032 3185 4089 dam·

566 4114 731 4181 peine
758 4131 791 4166 a
816 4115 1019 4181 grossir
1044 4112 1082 4165 l'
1104 4113 1333 4166 histoire
1369 4113 1466 4166 des
1492 4113 1851 4182 reputations
1905 4127 2193 4178 narentur
2211 4116 2591 4203 apostolicae)
2615 4154 2700 4166 ...
2722 4122 3060 4180 Doctl-jnam
3092 4139 3185 4176 ca-

566 4185 882 4252 usurpees.“
964 4184 1048 4239 Cf.
1109 4184 1273 4253 plura
1324 4185 1475 4253 apud
1530 4184 1729 4238 Penoti
1779 4183 1850 4237 de

568 4274 608 4309 s.
636 4254 1046 4324 apostolirique
1086 4256 1202 4308 ord.
1243 4273 1363 4309 can.
1405 4272 1521 4324 reg.
1550 4255 1766 4325 origine
1793 4259 1853 4308 et

568 4343 753 4396 progr.
782 4325 815 4378 l.
845 4331 892 4381 2.
922 4345 968 4381 e.
993 4330 1079 4384 65.
1133 4326 1283 4396 Opus
1326 4329 1393 4380 ut
1417 4327 1641 4380 videtur
1666 4325 1850 4379 simile

567 4403 643 4466 (et.
670 4398 970 4450 admodum
1019 4401 1228 4466 rarum)
1272 4398 1639 4451 concinnavit
1662 4397 1851 4451 Domi·
1907 4396 2012 4456 bit,
2061 4395 2155 4458 IV,
2182 4400 2315 4456 279:
2359 4401 2495 4467 473;
2541 4395 2870 4466 allgemeine
2917 4394 3188 4448 deutsche

566 4468 727 4521 nicus
753 4467 890 4522 Gra
911 4469 1150 4522 minea
1188 4469 1257 4522 de
1298 4469 1545 4538 Vigiliis,
1584 4469 1700 4523 scil.
1742 4471 1848 4522 the·
1905 4467 2092 4537 Biogr.
2123 4468 2346 4532 XXVII,
2372 4473 2494 4523 472.

564 4558 767 4594 saurus
792 4544 1116 4594 onhodoms
1159 4544 1217 4593 et
1242 4556 1542 4594 consensus
1571 4538 1850 4593 Ecclesiae
1981 4547 2019 4603 ²)
2049 4538 2160 4593 KL.
2187 4539 2282 4602 ΧΙ,
2309 4542 2431 4594 508.

565 4611 874 4665 catholicae
900 4611 959 4664 in
988 4610 1366 4666 controversia
1406 4611 1534 4664 fidei
1575 4611 1642 4664 de
1682 4627 1725 4666 s.
1760 4627 1849 4663 cu·
1980 4617 2020 4677 ⁸)
2048 4611 2130 4664 Cf.
2159 4609 2218 4664 P.
2245 4610 2551 4678 Bergmans
2579 4608 2764 4678 Biogr.
2792 4609 2908 4662 nat.
2937 4607 3004 4660 de
3033 4605 3187 4676 Belg.

565 4682 827 4736 charistia
871 4682 1137 4737 adversus
1183 4683 1500 4745 Calvinum,
1540 4698 1848 4735 sacramen·
1907 4682 1998 4746 XI,
2026 4685 2162 4746 923:
2209 4680 2380 4734 Dirks
2423 4680 2539 4736 His.
2584 4680 2670 4735 lit.
2715 4681 2810 4734 des
2854 4680 3025 4732 freres
3049 4678 3186 4730 min.

567 4753 752 4820 tariOS,
782 4755 1132 4821 Umquam,
1161 4754 1423 4807 Coloniae
1452 4757 1608 4810 1575.
1905 4771 1960 4822 p.
1989 4755 2216 4809 72—78.

1986 4329 2022 4394 ¹)
2049 4325 2130 4377 Cf.
2183 4322 2417 4379 Werner
2469 4323 2662 4378 Gesch.
2729 4324 2823 4378 der
2872 4324 3002 4392 apol
3006 4364 3184 4379 .....
