<?xml version="1.0" encoding="UTF-8"?>
<!DOCTYPE html PUBLIC "-//W3C//DTD XHTML 1.0 Transitional//EN"
    "http://www.w3.org/TR/xhtml1/DTD/xhtml1-transitional.dtd">
<html xmlns="http://www.w3.org/1999/xhtml" xml:lang="en" lang="en">
 <head>
  <title>
</title>
<meta http-equiv="Content-Type" content="text/html;charset=utf-8" />
  <meta name='ocr-system' content='tesseract 3.04.00' />
  <meta name='ocr-capabilities' content='ocr_page ocr_carea ocr_par ocr_line ocrx_word'/>
</head>
<body>
  <div class='ocr_page' id='page_1' title='image "./nomenclatorlite11hurtgoog_0075.png"; bbox 0 0 3625 5193; ppageno 0'>
   <div class='ocr_carea' id='block_1_1' title="bbox 1032 252 2980 325">
    <p class='ocr_par' dir='ltr' id='par_1_1' title="bbox 1032 252 2980 325">
     <span class='ocr_line' id='line_1_1' title="bbox 1032 252 2980 325; baseline 0.004 -18"><span class='ocrx_word' id='word_1_1' title='bbox 1032 252 1225 308; x_wconf 84' lang='lat' dir='ltr'>Theol.</span> <span class='ocrx_word' id='word_1_2' title='bbox 1254 253 1514 322; x_wconf 87' lang='lat' dir='ltr'>mystica.</span> <span class='ocrx_word' id='word_1_3' title='bbox 1540 253 1765 319; x_wconf 80' lang='lat' dir='ltr'>Bobius,</span> <span class='ocrx_word' id='word_1_4' title='bbox 1793 253 2034 318; x_wconf 72' lang='lat' dir='ltr'>Blosiu8‚</span> <span class='ocrx_word' id='word_1_5' title='bbox 2061 252 2301 308; x_wconf 89' lang='lat' dir='ltr'>Broilus.</span> <span class='ocrx_word' id='word_1_6' title='bbox 2861 270 2980 325; x_wconf 85' lang='lat'>134</span> 
     </span>
    </p>
   </div>
   <div class='ocr_carea' id='block_1_2' title="bbox 354 274 3000 870">
    <p class='ocr_par' dir='ltr' id='par_1_2' title="bbox 354 274 3000 870">
     <span class='ocr_line' id='line_1_2' title="bbox 367 274 485 327; baseline 0 0"><span class='ocrx_word' id='word_1_7' title='bbox 367 274 485 327; x_wconf 81' lang='lat'>133</span> 
     </span>
     <span class='ocr_line' id='line_1_3' title="bbox 358 439 3000 516; baseline -0 -15"><span class='ocrx_word' id='word_1_8' title='bbox 358 441 716 511; x_wconf 85' lang='lat' dir='ltr'>studiorum,</span> <span class='ocrx_word' id='word_1_9' title='bbox 751 447 843 500; x_wconf 87' lang='lat' dir='ltr'>ter</span> <span class='ocrx_word' id='word_1_10' title='bbox 870 441 1131 516; x_wconf 78' lang='lat' dir='ltr'><strong>praefuit</strong></span> <span class='ocrx_word' id='word_1_11' title='bbox 1149 459 1287 499; x_wconf 89' lang='lat' dir='ltr'>suae</span> <span class='ocrx_word' id='word_1_12' title='bbox 1307 439 1646 516; x_wconf 86' lang='lat' dir='ltr'>provinciae</span> <span class='ocrx_word' id='word_1_13' title='bbox 1704 444 1859 498; x_wconf 87' lang='lat' dir='ltr'>stres</span> <span class='ocrx_word' id='word_1_14' title='bbox 1889 458 2107 515; x_wconf 86' lang='lat' dir='ltr'>pueros</span> <span class='ocrx_word' id='word_1_15' title='bbox 2138 440 2483 499; x_wconf 89' lang='lat' dir='ltr'>honorarios</span> <span class='ocrx_word' id='word_1_16' title='bbox 2504 439 2646 516; x_wconf 85' lang='lat' dir='ltr'>egit,</span> <span class='ocrx_word' id='word_1_17' title='bbox 2669 444 3000 516; x_wconf 80' lang='lat' dir='ltr'><strong>gratusque</strong></span> 
     </span>
     <span class='ocr_line' id='line_1_4' title="bbox 356 528 2998 605; baseline -0.001 -15"><span class='ocrx_word' id='word_1_18' title='bbox 356 536 420 590; x_wconf 89' lang='lat' dir='ltr'>et</span> <span class='ocrx_word' id='word_1_19' title='bbox 450 530 786 589; x_wconf 88' lang='lat' dir='ltr'>destinatus</span> <span class='ocrx_word' id='word_1_20' title='bbox 839 534 929 588; x_wconf 89' lang='lat' dir='ltr'>est</span> <span class='ocrx_word' id='word_1_21' title='bbox 976 535 1323 605; x_wconf 85' lang='lat' dir='ltr'>procurator</span> <span class='ocrx_word' id='word_1_22' title='bbox 1353 529 1644 605; x_wconf 87' lang='lat' dir='ltr'>generalis</span> <span class='ocrx_word' id='word_1_23' title='bbox 1702 528 1795 587; x_wconf 91' lang='lat' dir='ltr'>illi</span> <span class='ocrx_word' id='word_1_24' title='bbox 1831 548 1896 586; x_wconf 87' lang='lat' dir='ltr'>m</span> <span class='ocrx_word' id='word_1_25' title='bbox 1929 528 2139 604; x_wconf 89' lang='lat' dir='ltr'>primis</span> <span class='ocrx_word' id='word_1_26' title='bbox 2169 529 2429 599; x_wconf 84' lang='lat' dir='ltr'>exstitit;</span> <span class='ocrx_word' id='word_1_27' title='bbox 2479 528 2687 587; x_wconf 89' lang='lat' dir='ltr'>eodem</span> <span class='ocrx_word' id='word_1_28' title='bbox 2724 548 2860 587; x_wconf 91' lang='lat' dir='ltr'>cum</span> <span class='ocrx_word' id='word_1_29' title='bbox 2891 530 2998 588; x_wconf 92' lang='lat' dir='ltr'>illo</span> 
     </span>
     <span class='ocr_line' id='line_1_5' title="bbox 354 615 2998 701; baseline -0.002 -19"><span class='ocrx_word' id='word_1_30' title='bbox 354 615 875 701; x_wconf 85' lang='lat'>(1554—1561).</span> <span class='ocrx_word' id='word_1_31' title='bbox 922 619 1056 677; x_wconf 85' lang='lat' dir='ltr'>Jam</span> <span class='ocrx_word' id='word_1_32' title='bbox 1102 636 1277 677; x_wconf 83' lang='lat' dir='ltr'>senex</span> <span class='ocrx_word' id='word_1_33' title='bbox 1309 618 1646 694; x_wconf 89' lang='lat' dir='ltr'>postulatus</span> <span class='ocrx_word' id='word_1_34' title='bbox 1704 635 1851 676; x_wconf 90' lang='lat' dir='ltr'>usus</span> <span class='ocrx_word' id='word_1_35' title='bbox 1886 622 1979 676; x_wconf 88' lang='lat' dir='ltr'>est</span> <span class='ocrx_word' id='word_1_36' title='bbox 2009 621 2389 693; x_wconf 78' lang='lat' dir='ltr'>praeceptore</span> <span class='ocrx_word' id='word_1_37' title='bbox 2418 616 2741 687; x_wconf 88' lang='lat' dir='ltr'>Hadriano,</span> <span class='ocrx_word' id='word_1_38' title='bbox 2769 618 2874 693; x_wconf 90' lang='lat' dir='ltr'>qui</span> <span class='ocrx_word' id='word_1_39' title='bbox 2893 637 2998 694; x_wconf 92' lang='lat' dir='ltr'>po-</span> 
     </span>
     <span class='ocr_line' id='line_1_6' title="bbox 362 705 2998 783; baseline -0.002 -16"><span class='ocrx_word' id='word_1_40' title='bbox 362 713 452 767; x_wconf 87' lang='lat' dir='ltr'>est</span> <span class='ocrx_word' id='word_1_41' title='bbox 484 710 559 767; x_wconf 89' lang='lat' dir='ltr'>ab</span> <span class='ocrx_word' id='word_1_42' title='bbox 591 708 829 766; x_wconf 88' lang='lat' dir='ltr'>Andrea</span> <span class='ocrx_word' id='word_1_43' title='bbox 873 708 1061 765; x_wconf 86' lang='lat' dir='ltr'>Auria</span> <span class='ocrx_word' id='word_1_44' title='bbox 1098 707 1186 766; x_wconf 89' lang='lat' dir='ltr'>rei</span> <span class='ocrx_word' id='word_1_45' title='bbox 1239 708 1512 783; x_wconf 90' lang='lat' dir='ltr'>publicae</span> <span class='ocrx_word' id='word_1_46' title='bbox 1543 725 1646 783; x_wconf 90' lang='lat' dir='ltr'>ge·</span> <span class='ocrx_word' id='word_1_47' title='bbox 1703 709 1830 765; x_wconf 89' lang='lat' dir='ltr'>stea</span> <span class='ocrx_word' id='word_1_48' title='bbox 1861 705 1981 764; x_wconf 85' lang='lat' dir='ltr'>fuit</span> <span class='ocrx_word' id='word_1_49' title='bbox 2021 724 2297 766; x_wconf 89' lang='lat' dir='ltr'>romanus</span> <span class='ocrx_word' id='word_1_50' title='bbox 2345 706 2610 781; x_wconf 75' lang='lat' dir='ltr'>pontifex</span> <span class='ocrx_word' id='word_1_51' title='bbox 2659 706 2843 782; x_wconf 86' lang='lat' dir='ltr'>hujus</span> <span class='ocrx_word' id='word_1_52' title='bbox 2893 723 2998 766; x_wconf 92' lang='lat' dir='ltr'>no-</span> 
     </span>
     <span class='ocr_line' id='line_1_7' title="bbox 361 794 2999 870; baseline -0.001 -15"><span class='ocrx_word' id='word_1_53' title='bbox 361 797 607 855; x_wconf 88' lang='lat' dir='ltr'>nuensis</span> <span class='ocrx_word' id='word_1_54' title='bbox 677 796 827 855; x_wconf 90' lang='lat' dir='ltr'>duce</span> <span class='ocrx_word' id='word_1_55' title='bbox 890 796 1071 855; x_wconf 89' lang='lat' dir='ltr'>abbas</span> <span class='ocrx_word' id='word_1_56' title='bbox 1132 796 1426 855; x_wconf 88' lang='lat' dir='ltr'>infulatus</span> <span class='ocrx_word' id='word_1_57' title='bbox 1477 796 1550 854; x_wconf 89' lang='lat' dir='ltr'>ad</span> <span class='ocrx_word' id='word_1_58' title='bbox 1603 814 1646 854; x_wconf 91' lang='lat' dir='ltr'>s.</span> <span class='ocrx_word' id='word_1_59' title='bbox 1702 795 1885 853; x_wconf 87' lang='lat' dir='ltr'>minis</span> <span class='ocrx_word' id='word_1_60' title='bbox 1937 798 2159 854; x_wconf 82' lang='lat' dir='ltr'>sextus.</span> <span class='ocrx_word' id='word_1_61' title='bbox 2207 796 2386 854; x_wconf 85' lang='lat' dir='ltr'>Gravi</span> <span class='ocrx_word' id='word_1_62' title='bbox 2435 794 2640 854; x_wconf 89' lang='lat' dir='ltr'>morbo</span> <span class='ocrx_word' id='word_1_63' title='bbox 2694 799 2999 870; x_wconf 89' lang='lat' dir='ltr'>correptus</span> 
     </span>
    </p>
   </div>
   <div class='ocr_carea' id='block_1_3' title="bbox 356 881 1653 2110">
    <p class='ocr_par' dir='ltr' id='par_1_3' title="bbox 356 881 1653 2110">
     <span class='ocr_line' id='line_1_8' title="bbox 361 881 1645 965; baseline -0.002 -21"><span class='ocrx_word' id='word_1_64' title='bbox 361 887 726 945; x_wconf 87' lang='lat' dir='ltr'>Matthaeum</span> <span class='ocrx_word' id='word_1_65' title='bbox 760 885 823 943; x_wconf 93' lang='grc' dir='ltr'>Ο.</span> <span class='ocrx_word' id='word_1_66' title='bbox 858 885 913 942; x_wconf 90' lang='lat' dir='ltr'>S.</span> <span class='ocrx_word' id='word_1_67' title='bbox 934 886 1076 944; x_wconf 89' lang='lat' dir='ltr'>Ben.</span> <span class='ocrx_word' id='word_1_68' title='bbox 1101 881 1161 965; x_wconf 94' lang='lat'>(†</span> <span class='ocrx_word' id='word_1_69' title='bbox 1187 894 1241 947; x_wconf 93' lang='lat'>2.</span> <span class='ocrx_word' id='word_1_70' title='bbox 1262 886 1401 961; x_wconf 85' lang='lat' dir='ltr'>Apr.</span> <span class='ocrx_word' id='word_1_71' title='bbox 1432 881 1645 964; x_wconf 85' lang='lat'>1569).</span> 
     </span>
     <span class='ocr_line' id='line_1_9' title="bbox 360 974 1650 1050; baseline -0.002 -17"><span class='ocrx_word' id='word_1_72' title='bbox 360 975 592 1033; x_wconf 88' lang='lat' dir='ltr'>Prodiit</span> <span class='ocrx_word' id='word_1_73' title='bbox 622 974 775 1032; x_wconf 90' lang='lat' dir='ltr'>illud</span> <span class='ocrx_word' id='word_1_74' title='bbox 807 992 958 1050; x_wconf 90' lang='lat' dir='ltr'>opus</span> <span class='ocrx_word' id='word_1_75' title='bbox 989 974 1207 1032; x_wconf 84' lang='lat' dir='ltr'>Romae</span> <span class='ocrx_word' id='word_1_76' title='bbox 1248 983 1450 1044; x_wconf 82' lang='lat'>15553</span> <span class='ocrx_word' id='word_1_77' title='bbox 1490 974 1650 1033; x_wconf 89' lang='lat' dir='ltr'>inter</span> 
     </span>
     <span class='ocr_line' id='line_1_10' title="bbox 358 1062 1646 1133; baseline -0.002 -12"><span class='ocrx_word' id='word_1_78' title='bbox 358 1066 530 1125; x_wconf 86' lang='lat' dir='ltr'>tract.</span> <span class='ocrx_word' id='word_1_79' title='bbox 566 1063 827 1122; x_wconf 78' lang='lat' dir='ltr'>venetiis</span> <span class='ocrx_word' id='word_1_80' title='bbox 865 1074 893 1125; x_wconf 92' lang='lat'>1</span> <span class='ocrx_word' id='word_1_81' title='bbox 909 1071 1034 1125; x_wconf 85' lang='lat'>584</span> <span class='ocrx_word' id='word_1_82' title='bbox 1051 1062 1241 1122; x_wconf 88' lang='lat' dir='ltr'>editos</span> <span class='ocrx_word' id='word_1_83' title='bbox 1265 1062 1362 1133; x_wconf 88' lang='lat' dir='ltr'>VI,</span> <span class='ocrx_word' id='word_1_84' title='bbox 1387 1072 1513 1125; x_wconf 85' lang='lat'>410</span> <span class='ocrx_word' id='word_1_85' title='bbox 1537 1080 1611 1120; x_wconf 89' lang='lat' dir='ltr'>ss.</span> <span class='ocrx_word' id='word_1_86' title='bbox 1633 1084 1646 1133; x_wconf 84' lang='lat'><em>3</em></span> 
     </span>
     <span class='ocr_line' id='line_1_11' title="bbox 364 1152 1647 1215; baseline -0.002 -4"><span class='ocrx_word' id='word_1_87' title='bbox 364 1154 607 1212; x_wconf 86' lang='lat' dir='ltr'>Genuae</span> <span class='ocrx_word' id='word_1_88' title='bbox 645 1164 670 1214; x_wconf 85' lang='lat'>1</span> <span class='ocrx_word' id='word_1_89' title='bbox 688 1162 829 1215; x_wconf 88' lang='grc'><strong>596.</strong></span> <span class='ocrx_word' id='word_1_90' title='bbox 877 1152 970 1209; x_wconf 87' lang='lat' dir='ltr'>Tr.</span> <span class='ocrx_word' id='word_1_91' title='bbox 1004 1153 1073 1210; x_wconf 84' lang='lat' dir='ltr'>de</span> <span class='ocrx_word' id='word_1_92' title='bbox 1102 1153 1305 1210; x_wconf 79' lang='lat' dir='ltr'>usuris</span> <span class='ocrx_word' id='word_1_93' title='bbox 1334 1159 1385 1210; x_wconf 87' lang='lat' dir='ltr'>et</span> <span class='ocrx_word' id='word_1_94' title='bbox 1414 1153 1647 1210; x_wconf 83' lang='lat' dir='ltr'>restitu-</span> 
     </span>
     <span class='ocr_line' id='line_1_12' title="bbox 356 1241 1650 1300; baseline -0.002 0"><span class='ocrx_word' id='word_1_95' title='bbox 356 1243 611 1300; x_wconf 72' lang='lat' dir='ltr'>tionibus</span> <span class='ocrx_word' id='word_1_96' title='bbox 643 1241 968 1300; x_wconf 82' lang='lat' dir='ltr'>Gerardi</span> <span class='ocrx_word' id='word_1_97' title='bbox 1016 1241 1270 1299; x_wconf 84' lang='lat' dir='ltr'>correxit</span> <span class='ocrx_word' id='word_1_98' title='bbox 1320 1243 1383 1300; x_wconf 90' lang='lat' dir='ltr'>et</span> <span class='ocrx_word' id='word_1_99' title='bbox 1431 1242 1650 1299; x_wconf 86' lang='lat' dir='ltr'>Romae</span> 
     </span>
     <span class='ocr_line' id='line_1_13' title="bbox 363 1330 1649 1392; baseline -0.002 -3"><span class='ocrx_word' id='word_1_100' title='bbox 363 1330 548 1389; x_wconf 89' lang='lat' dir='ltr'>edidit</span> <span class='ocrx_word' id='word_1_101' title='bbox 589 1338 773 1392; x_wconf 88' lang='grc'><strong>1556.</strong></span> <span class='ocrx_word' id='word_1_102' title='bbox 804 1362 890 1374; x_wconf 89' lang='grc'>--</span> <span class='ocrx_word' id='word_1_103' title='bbox 922 1330 1222 1389; x_wconf 88' lang='lat' dir='ltr'>Antonius</span> <span class='ocrx_word' id='word_1_104' title='bbox 1239 1330 1311 1389; x_wconf 89' lang='lat' dir='ltr'>de</span> <span class='ocrx_word' id='word_1_105' title='bbox 1329 1331 1378 1388; x_wconf 92' lang='lat' dir='ltr'>B</span> <span class='ocrx_word' id='word_1_106' title='bbox 1396 1349 1428 1388; x_wconf 93' lang='lat' dir='ltr'>e</span> <span class='ocrx_word' id='word_1_107' title='bbox 1444 1349 1475 1388; x_wconf 92' lang='lat' dir='ltr'>r</span> <span class='ocrx_word' id='word_1_108' title='bbox 1490 1350 1530 1387; x_wconf 95' lang='lat' dir='ltr'>n</span> <span class='ocrx_word' id='word_1_109' title='bbox 1549 1349 1649 1387; x_wconf 91' lang='lat' dir='ltr'>ar-</span> 
     </span>
     <span class='ocr_line' id='line_1_14' title="bbox 363 1418 1650 1495; baseline -0.001 -18"><span class='ocrx_word' id='word_1_110' title='bbox 363 1419 479 1477; x_wconf 90' lang='lat' dir='ltr'>dis</span> <span class='ocrx_word' id='word_1_111' title='bbox 525 1418 933 1494; x_wconf 80' lang='lat' dir='ltr'>philosophiae</span> <span class='ocrx_word' id='word_1_112' title='bbox 978 1419 1294 1494; x_wconf 82' lang='lat' dir='ltr'>professor,</span> <span class='ocrx_word' id='word_1_113' title='bbox 1340 1419 1650 1495; x_wconf 88' lang='lat' dir='ltr'>episcopus</span> 
     </span>
     <span class='ocr_line' id='line_1_15' title="bbox 357 1507 1648 1577; baseline -0.002 -10"><span class='ocrx_word' id='word_1_114' title='bbox 357 1508 712 1567; x_wconf 70' lang='lat' dir='ltr'>casertanus</span> <span class='ocrx_word' id='word_1_115' title='bbox 754 1516 938 1577; x_wconf 86' lang='lat'>1552,</span> <span class='ocrx_word' id='word_1_116' title='bbox 987 1508 1084 1566; x_wconf 87' lang='lat' dir='ltr'>cui</span> <span class='ocrx_word' id='word_1_117' title='bbox 1132 1507 1260 1565; x_wconf 89' lang='lat' dir='ltr'>sedi</span> <span class='ocrx_word' id='word_1_118' title='bbox 1305 1510 1505 1566; x_wconf 90' lang='lat' dir='ltr'>tamen</span> <span class='ocrx_word' id='word_1_119' title='bbox 1556 1526 1648 1565; x_wconf 91' lang='lat' dir='ltr'>re-</span> 
     </span>
     <span class='ocr_line' id='line_1_16' title="bbox 364 1595 1649 1666; baseline 0 -11"><span class='ocrx_word' id='word_1_120' title='bbox 364 1597 676 1655; x_wconf 75' lang='lat' dir='ltr'><strong>nunciavit</strong></span> <span class='ocrx_word' id='word_1_121' title='bbox 726 1605 912 1666; x_wconf 84' lang='lat'>1554,</span> <span class='ocrx_word' id='word_1_122' title='bbox 964 1601 1035 1655; x_wconf 90' lang='lat' dir='ltr'>ut</span> <span class='ocrx_word' id='word_1_123' title='bbox 1080 1595 1155 1654; x_wconf 90' lang='lat' dir='ltr'>ad</span> <span class='ocrx_word' id='word_1_124' title='bbox 1188 1597 1527 1655; x_wconf 73' lang='lat' dir='ltr'>cathedram</span> <span class='ocrx_word' id='word_1_125' title='bbox 1558 1615 1649 1655; x_wconf 89' lang='lat' dir='ltr'>re-</span> 
     </span>
     <span class='ocr_line' id='line_1_17' title="bbox 358 1680 1653 1766; baseline -0.001 -23"><span class='ocrx_word' id='word_1_126' title='bbox 358 1685 514 1744; x_wconf 81' lang='lat' dir='ltr'>diret</span> <span class='ocrx_word' id='word_1_127' title='bbox 545 1680 659 1766; x_wconf 46' lang='lat'>(†‡1</span> <span class='ocrx_word' id='word_1_128' title='bbox 675 1696 729 1747; x_wconf 88' lang='grc'>9.</span> <span class='ocrx_word' id='word_1_129' title='bbox 749 1684 890 1742; x_wconf 86' lang='lat' dir='ltr'>Jun.</span> <span class='ocrx_word' id='word_1_130' title='bbox 922 1680 1133 1765; x_wconf 85' lang='grc'><strong>1565),</strong></span> <span class='ocrx_word' id='word_1_131' title='bbox 1156 1685 1401 1759; x_wconf 86' lang='lat' dir='ltr'>reliquit</span> <span class='ocrx_word' id='word_1_132' title='bbox 1419 1689 1653 1761; x_wconf 89' lang='lat' dir='ltr'>praeter</span> 
     </span>
     <span class='ocr_line' id='line_1_18' title="bbox 365 1774 1649 1849; baseline 0 -17"><span class='ocrx_word' id='word_1_133' title='bbox 365 1776 481 1833; x_wconf 85' lang='lat' dir='ltr'>alia</span> <span class='ocrx_word' id='word_1_134' title='bbox 527 1774 984 1843; x_wconf 78' lang='lat' dir='ltr'>disputationeS,</span> <span class='ocrx_word' id='word_1_135' title='bbox 1029 1774 1095 1833; x_wconf 91' lang='lat' dir='ltr'>in</span> <span class='ocrx_word' id='word_1_136' title='bbox 1128 1774 1349 1848; x_wconf 91' lang='lat' dir='ltr'>quibus</span> <span class='ocrx_word' id='word_1_137' title='bbox 1401 1793 1471 1832; x_wconf 84' lang='lat' dir='ltr'>ex</span> <span class='ocrx_word' id='word_1_138' title='bbox 1515 1793 1649 1849; x_wconf 92' lang='lat' dir='ltr'>pro-</span> 
     </span>
     <span class='ocr_line' id='line_1_19' title="bbox 362 1863 1649 1938; baseline 0.001 -17"><span class='ocrx_word' id='word_1_139' title='bbox 362 1863 515 1923; x_wconf 89' lang='lat' dir='ltr'>fesso</span> <span class='ocrx_word' id='word_1_140' title='bbox 577 1864 995 1934; x_wconf 77' lang='lat' dir='ltr'>Monomachia,</span> <span class='ocrx_word' id='word_1_141' title='bbox 1058 1882 1239 1938; x_wconf 88' lang='lat' dir='ltr'>quam</span> <span class='ocrx_word' id='word_1_142' title='bbox 1292 1863 1649 1922; x_wconf 74' lang='lat' dir='ltr'>recentiores</span> 
     </span>
     <span class='ocr_line' id='line_1_20' title="bbox 358 1951 1649 2028; baseline -0.001 -18"><span class='ocrx_word' id='word_1_143' title='bbox 358 1952 631 2011; x_wconf 89' lang='lat' dir='ltr'>duellum</span> <span class='ocrx_word' id='word_1_144' title='bbox 671 1955 901 2022; x_wconf 85' lang='lat' dir='ltr'>vocant,</span> <span class='ocrx_word' id='word_1_145' title='bbox 929 1951 1355 2028; x_wconf 88' lang='lat' dir='ltr'>philosophicis</span> <span class='ocrx_word' id='word_1_146' title='bbox 1401 1952 1649 2011; x_wconf 89' lang='lat' dir='ltr'>rationi-</span> 
     </span>
     <span class='ocr_line' id='line_1_21' title="bbox 364 2040 1333 2110; baseline 0.004 -12"><span class='ocrx_word' id='word_1_147' title='bbox 364 2041 475 2099; x_wconf 86' lang='lat' dir='ltr'>bus</span> <span class='ocrx_word' id='word_1_148' title='bbox 506 2041 814 2110; x_wconf 84' lang='lat' dir='ltr'>evertitur,</span> <span class='ocrx_word' id='word_1_149' title='bbox 848 2040 1109 2099; x_wconf 87' lang='lat' dir='ltr'>Basileae</span> <span class='ocrx_word' id='word_1_150' title='bbox 1150 2049 1333 2103; x_wconf 87' lang='grc'><strong>1562.</strong></span> 
     </span>
    </p>
   </div>
   <div class='ocr_carea' id='block_1_4' title="bbox 346 2218 1652 3449">
    <p class='ocr_par' dir='ltr' id='par_1_4' title="bbox 346 2218 1652 3449">
     <span class='ocr_line' id='line_1_22' title="bbox 455 2218 1652 2295; baseline -0.003 -17"><span class='ocrx_word' id='word_1_151' title='bbox 455 2228 553 2281; x_wconf 88' lang='grc'>63.</span> <span class='ocrx_word' id='word_1_152' title='bbox 619 2219 689 2276; x_wconf 92' lang='lat' dir='ltr'>In</span> <span class='ocrx_word' id='word_1_153' title='bbox 733 2218 1034 2295; x_wconf 82' lang='lat' dir='ltr'>theologia</span> <span class='ocrx_word' id='word_1_154' title='bbox 1077 2221 1319 2293; x_wconf 82' lang='lat' dir='ltr'>mystica</span> <span class='ocrx_word' id='word_1_155' title='bbox 1381 2222 1652 2276; x_wconf 83' lang='lat' dir='ltr'>versatur</span> 
     </span>
     <span class='ocr_line' id='line_1_23' title="bbox 365 2301 1648 2387; baseline 0 -23"><span class='ocrx_word' id='word_1_156' title='bbox 365 2306 645 2366; x_wconf 80' lang='lat' dir='ltr'>Nicolaus</span> <span class='ocrx_word' id='word_1_157' title='bbox 695 2326 812 2365; x_wconf 82' lang='lat' dir='ltr'>van</span> <span class='ocrx_word' id='word_1_158' title='bbox 855 2306 1048 2365; x_wconf 87' lang='lat' dir='ltr'>Esch</span> <span class='ocrx_word' id='word_1_159' title='bbox 1097 2301 1421 2387; x_wconf 85' lang='lat' dir='ltr'>(Eschius),</span> <span class='ocrx_word' id='word_1_160' title='bbox 1473 2308 1648 2366; x_wconf 87' lang='lat' dir='ltr'>Bata·</span> 
     </span>
     <span class='ocr_line' id='line_1_24' title="bbox 363 2395 1648 2472; baseline -0.002 -18"><span class='ocrx_word' id='word_1_161' title='bbox 363 2414 493 2464; x_wconf 75' lang='lat' dir='ltr'>vus,</span> <span class='ocrx_word' id='word_1_162' title='bbox 525 2396 813 2472; x_wconf 78' lang='lat' dir='ltr'>magister</span> <span class='ocrx_word' id='word_1_163' title='bbox 855 2395 919 2452; x_wconf 92' lang='lat' dir='ltr'>in</span> <span class='ocrx_word' id='word_1_164' title='bbox 966 2395 1092 2454; x_wconf 84' lang='lat' dir='ltr'>vita</span> <span class='ocrx_word' id='word_1_165' title='bbox 1120 2395 1425 2470; x_wconf 82' lang='lat' dir='ltr'>spirituali</span> <span class='ocrx_word' id='word_1_166' title='bbox 1457 2396 1511 2453; x_wconf 92' lang='lat' dir='ltr'>b.</span> <span class='ocrx_word' id='word_1_167' title='bbox 1544 2395 1648 2453; x_wconf 90' lang='lat' dir='ltr'>Ca-</span> 
     </span>
     <span class='ocr_line' id='line_1_25' title="bbox 365 2484 1650 2543; baseline -0.001 -1"><span class='ocrx_word' id='word_1_168' title='bbox 365 2485 505 2542; x_wconf 89' lang='lat' dir='ltr'>nisii</span> <span class='ocrx_word' id='word_1_169' title='bbox 539 2490 600 2542; x_wconf 92' lang='lat' dir='ltr'>et</span> <span class='ocrx_word' id='word_1_170' title='bbox 630 2484 940 2543; x_wconf 89' lang='lat' dir='ltr'>Laurentii</span> <span class='ocrx_word' id='word_1_171' title='bbox 974 2484 1150 2543; x_wconf 90' lang='lat' dir='ltr'>Surii.</span> <span class='ocrx_word' id='word_1_172' title='bbox 1179 2485 1452 2543; x_wconf 89' lang='lat' dir='ltr'>Piissime</span> <span class='ocrx_word' id='word_1_173' title='bbox 1498 2484 1650 2542; x_wconf 82' lang='lat' dir='ltr'>vixit</span> 
     </span>
     <span class='ocr_line' id='line_1_26' title="bbox 366 2573 1651 2650; baseline -0.001 -18"><span class='ocrx_word' id='word_1_174' title='bbox 366 2573 774 2649; x_wconf 86' lang='lat' dir='ltr'>solicitamque</span> <span class='ocrx_word' id='word_1_175' title='bbox 805 2573 931 2650; x_wconf 88' lang='lat' dir='ltr'>egit</span> <span class='ocrx_word' id='word_1_176' title='bbox 963 2592 1164 2633; x_wconf 88' lang='lat' dir='ltr'>curam</span> <span class='ocrx_word' id='word_1_177' title='bbox 1185 2574 1515 2632; x_wconf 88' lang='lat' dir='ltr'>animarum</span> <span class='ocrx_word' id='word_1_178' title='bbox 1536 2573 1651 2631; x_wconf 89' lang='lat' dir='ltr'>sibi</span> 
     </span>
     <span class='ocr_line' id='line_1_27' title="bbox 362 2663 1648 2738; baseline -0.002 -16"><span class='ocrx_word' id='word_1_179' title='bbox 362 2664 832 2730; x_wconf 88' lang='lat' dir='ltr'>commissarum,</span> <span class='ocrx_word' id='word_1_180' title='bbox 869 2666 939 2721; x_wconf 90' lang='lat' dir='ltr'>ut</span> <span class='ocrx_word' id='word_1_181' title='bbox 967 2664 1160 2738; x_wconf 89' lang='lat' dir='ltr'>patris</span> <span class='ocrx_word' id='word_1_182' title='bbox 1194 2664 1390 2724; x_wconf 86' lang='lat' dir='ltr'>sancti</span> <span class='ocrx_word' id='word_1_183' title='bbox 1410 2663 1648 2721; x_wconf 88' lang='lat' dir='ltr'>nomine</span> 
     </span>
     <span class='ocr_line' id='line_1_28' title="bbox 366 2752 1649 2814; baseline -0.001 -5"><span class='ocrx_word' id='word_1_184' title='bbox 366 2752 711 2811; x_wconf 84' lang='lat' dir='ltr'>innotuerit.</span> <span class='ocrx_word' id='word_1_185' title='bbox 746 2752 1001 2809; x_wconf 89' lang='lat' dir='ltr'>Vocatus</span> <span class='ocrx_word' id='word_1_186' title='bbox 1036 2772 1085 2810; x_wconf 93' lang='lat' dir='ltr'>a.</span> <span class='ocrx_word' id='word_1_187' title='bbox 1129 2761 1292 2814; x_wconf 84' lang='lat'>1538</span> <span class='ocrx_word' id='word_1_188' title='bbox 1330 2752 1403 2810; x_wconf 90' lang='lat' dir='ltr'>ad</span> <span class='ocrx_word' id='word_1_189' title='bbox 1445 2769 1649 2809; x_wconf 86' lang='lat' dir='ltr'>curam</span> 
     </span>
     <span class='ocr_line' id='line_1_29' title="bbox 362 2840 1649 2917; baseline -0.001 -19"><span class='ocrx_word' id='word_1_190' title='bbox 362 2841 716 2917; x_wconf 86' lang='lat' dir='ltr'>Begginagii</span> <span class='ocrx_word' id='word_1_191' title='bbox 764 2859 807 2898; x_wconf 91' lang='lat' dir='ltr'>s.</span> <span class='ocrx_word' id='word_1_192' title='bbox 854 2840 1203 2899; x_wconf 77' lang='lat' dir='ltr'>catharinae</span> <span class='ocrx_word' id='word_1_193' title='bbox 1255 2841 1649 2899; x_wconf 88' lang='lat' dir='ltr'>diesthemen·</span> 
     </span>
     <span class='ocr_line' id='line_1_30' title="bbox 346 2929 1650 3006; baseline -0.002 -19"><span class='ocrx_word' id='word_1_194' title='bbox 346 2929 447 2988; x_wconf 57' lang='lat' dir='ltr'>&#39;sis</span> <span class='ocrx_word' id='word_1_195' title='bbox 492 2935 662 2989; x_wconf 81' lang='lat' dir='ltr'>tanto</span> <span class='ocrx_word' id='word_1_196' title='bbox 707 2929 830 2987; x_wconf 88' lang='lat' dir='ltr'>zelo</span> <span class='ocrx_word' id='word_1_197' title='bbox 864 2930 1202 3005; x_wconf 83' lang='lat' dir='ltr'>pietateque</span> <span class='ocrx_word' id='word_1_198' title='bbox 1232 2929 1543 3006; x_wconf 81' lang='lat' dir='ltr'>praeluxit,</span> <span class='ocrx_word' id='word_1_199' title='bbox 1580 2932 1650 2985; x_wconf 92' lang='lat' dir='ltr'>ut</span> 
     </span>
     <span class='ocr_line' id='line_1_31' title="bbox 362 3017 1649 3088; baseline -0.001 -13"><span class='ocrx_word' id='word_1_200' title='bbox 362 3037 479 3077; x_wconf 90' lang='lat' dir='ltr'>non</span> <span class='ocrx_word' id='word_1_201' title='bbox 496 3019 668 3078; x_wconf 89' lang='lat' dir='ltr'>modo</span> <span class='ocrx_word' id='word_1_202' title='bbox 690 3018 856 3075; x_wconf 87' lang='lat' dir='ltr'>illius</span> <span class='ocrx_word' id='word_1_203' title='bbox 877 3017 1240 3088; x_wconf 88' lang='lat' dir='ltr'>reformator,</span> <span class='ocrx_word' id='word_1_204' title='bbox 1275 3018 1376 3076; x_wconf 88' lang='lat' dir='ltr'>sed</span> <span class='ocrx_word' id='word_1_205' title='bbox 1395 3020 1456 3076; x_wconf 92' lang='lat' dir='ltr'>et</span> <span class='ocrx_word' id='word_1_206' title='bbox 1473 3035 1649 3076; x_wconf 83' lang='lat' dir='ltr'>verus</span> 
     </span>
     <span class='ocr_line' id='line_1_32' title="bbox 362 3106 1649 3182; baseline -0.001 -17"><span class='ocrx_word' id='word_1_207' title='bbox 362 3115 536 3182; x_wconf 81' lang='lat' dir='ltr'>pater</span> <span class='ocrx_word' id='word_1_208' title='bbox 579 3111 638 3165; x_wconf 85' lang='lat' dir='ltr'>et</span> <span class='ocrx_word' id='word_1_209' title='bbox 684 3106 964 3165; x_wconf 86' lang='lat' dir='ltr'>fundator</span> <span class='ocrx_word' id='word_1_210' title='bbox 1007 3107 1312 3176; x_wconf 79' lang='lat' dir='ltr'>habeatur,</span> <span class='ocrx_word' id='word_1_211' title='bbox 1358 3107 1649 3181; x_wconf 86' lang='lat' dir='ltr'>pluraque</span> 
     </span>
     <span class='ocr_line' id='line_1_33' title="bbox 362 3190 1650 3275; baseline -0.001 -22"><span class='ocrx_word' id='word_1_212' title='bbox 362 3197 481 3253; x_wconf 87' lang='lat' dir='ltr'>alia</span> <span class='ocrx_word' id='word_1_213' title='bbox 529 3197 827 3254; x_wconf 86' lang='lat' dir='ltr'>virtutum</span> <span class='ocrx_word' id='word_1_214' title='bbox 878 3196 1195 3254; x_wconf 88' lang='lat' dir='ltr'>seminaria</span> <span class='ocrx_word' id='word_1_215' title='bbox 1262 3195 1528 3254; x_wconf 88' lang='lat' dir='ltr'>condidit</span> <span class='ocrx_word' id='word_1_216' title='bbox 1588 3190 1650 3275; x_wconf 93' lang='lat'>(†</span> 
     </span>
     <span class='ocr_line' id='line_1_34' title="bbox 375 3278 1648 3363; baseline -0.004 -17"><span class='ocrx_word' id='word_1_217' title='bbox 375 3295 467 3346; x_wconf 84' lang='lat'>19.</span> <span class='ocrx_word' id='word_1_218' title='bbox 519 3284 642 3344; x_wconf 86' lang='lat' dir='ltr'>Jul.</span> <span class='ocrx_word' id='word_1_219' title='bbox 698 3278 909 3363; x_wconf 83' lang='grc'><strong>1578).</strong></span> <span class='ocrx_word' id='word_1_220' title='bbox 974 3284 1224 3360; x_wconf 88' lang='lat' dir='ltr'>Scripsit</span> <span class='ocrx_word' id='word_1_221' title='bbox 1272 3286 1648 3342; x_wconf 82' lang='lat' dir='ltr'>introductio-</span> 
     </span>
     <span class='ocr_line' id='line_1_35' title="bbox 369 3373 1649 3449; baseline -0.002 -19"><span class='ocrx_word' id='word_1_222' title='bbox 369 3392 496 3430; x_wconf 82' lang='lat' dir='ltr'>nem</span> <span class='ocrx_word' id='word_1_223' title='bbox 531 3374 597 3431; x_wconf 91' lang='lat' dir='ltr'>in</span> <span class='ocrx_word' id='word_1_224' title='bbox 646 3374 830 3431; x_wconf 82' lang='lat' dir='ltr'>vitam</span> <span class='ocrx_word' id='word_1_225' title='bbox 883 3373 1297 3444; x_wconf 63' lang='lat' dir='ltr'>intr-mersam,</span> <span class='ocrx_word' id='word_1_226' title='bbox 1333 3392 1486 3448; x_wconf 91' lang='lat' dir='ltr'>quae</span> <span class='ocrx_word' id='word_1_227' title='bbox 1511 3389 1649 3449; x_wconf 90' lang='lat' dir='ltr'>pro-</span> 
     </span>
    </p>
   </div>
   <div class='ocr_carea' id='block_1_5' title="bbox 1704 883 3000 3446">
    <p class='ocr_par' dir='ltr' id='par_1_5' title="bbox 1704 883 3000 3446">
     <span class='ocr_line' id='line_1_36' title="bbox 1704 883 3000 943; baseline 0 0"><span class='ocrx_word' id='word_1_228' title='bbox 1704 883 2228 943; x_wconf 87' lang='lat' dir='ltr'>Benedictinorum</span> <span class='ocrx_word' id='word_1_229' title='bbox 2262 884 2612 943; x_wconf 90' lang='lat' dir='ltr'>institutum</span> <span class='ocrx_word' id='word_1_230' title='bbox 2631 884 2697 943; x_wconf 88' lang='lat' dir='ltr'>in</span> <span class='ocrx_word' id='word_1_231' title='bbox 2728 885 3000 943; x_wconf 88' lang='lat' dir='ltr'>laetiensi</span> 
     </span>
     <span class='ocr_line' id='line_1_37' title="bbox 1705 969 3000 1054; baseline 0.001 -23"><span class='ocrx_word' id='word_1_232' title='bbox 1705 969 1953 1054; x_wconf 84' lang='lat' dir='ltr'>(Liesse)</span> <span class='ocrx_word' id='word_1_233' title='bbox 1989 973 2145 1048; x_wconf 89' lang='lat' dir='ltr'>apud</span> <span class='ocrx_word' id='word_1_234' title='bbox 2175 973 2496 1032; x_wconf 89' lang='lat' dir='ltr'>Hannones</span> <span class='ocrx_word' id='word_1_235' title='bbox 2519 972 2762 1032; x_wconf 89' lang='lat' dir='ltr'>abbatia</span> <span class='ocrx_word' id='word_1_236' title='bbox 2783 974 3000 1032; x_wconf 86' lang='lat' dir='ltr'>statuit</span> 
     </span>
     <span class='ocr_line' id='line_1_38' title="bbox 1705 1058 2998 1143; baseline 0 -24"><span class='ocrx_word' id='word_1_237' title='bbox 1705 1061 1986 1136; x_wconf 86' lang='lat' dir='ltr'>amplecti</span> <span class='ocrx_word' id='word_1_238' title='bbox 2018 1058 2266 1143; x_wconf 81' lang='lat'>(1520).</span> <span class='ocrx_word' id='word_1_239' title='bbox 2302 1063 2518 1139; x_wconf 86' lang='lat' dir='ltr'>Magna</span> <span class='ocrx_word' id='word_1_240' title='bbox 2550 1062 2858 1121; x_wconf 87' lang='lat' dir='ltr'>alacritate</span> <span class='ocrx_word' id='word_1_241' title='bbox 2878 1062 2998 1120; x_wconf 82' lang='lat' dir='ltr'>vir-</span> 
     </span>
     <span class='ocr_line' id='line_1_39' title="bbox 1705 1150 3000 1220; baseline 0.002 -11"><span class='ocrx_word' id='word_1_242' title='bbox 1705 1154 1913 1209; x_wconf 90' lang='lat' dir='ltr'>tutum</span> <span class='ocrx_word' id='word_1_243' title='bbox 1965 1150 2165 1209; x_wconf 81' lang='lat' dir='ltr'>studio</span> <span class='ocrx_word' id='word_1_244' title='bbox 2216 1169 2277 1209; x_wconf 90' lang='lat' dir='ltr'>se</span> <span class='ocrx_word' id='word_1_245' title='bbox 2327 1151 2508 1220; x_wconf 87' lang='lat' dir='ltr'>dedit,</span> <span class='ocrx_word' id='word_1_246' title='bbox 2544 1151 2704 1209; x_wconf 91' lang='lat' dir='ltr'>unde</span> <span class='ocrx_word' id='word_1_247' title='bbox 2768 1152 3000 1211; x_wconf 86' lang='lat' dir='ltr'>abbatis</span> 
     </span>
     <span class='ocr_line' id='line_1_40' title="bbox 1705 1240 2999 1314; baseline 0.001 -16"><span class='ocrx_word' id='word_1_248' title='bbox 1705 1240 2137 1314; x_wconf 88' lang='lat' dir='ltr'>meliorumque</span> <span class='ocrx_word' id='word_1_249' title='bbox 2188 1240 2478 1300; x_wconf 88' lang='lat' dir='ltr'>sodalium</span> <span class='ocrx_word' id='word_1_250' title='bbox 2550 1241 2753 1301; x_wconf 91' lang='lat' dir='ltr'>oculos</span> <span class='ocrx_word' id='word_1_251' title='bbox 2809 1241 2874 1298; x_wconf 91' lang='lat' dir='ltr'>in</span> <span class='ocrx_word' id='word_1_252' title='bbox 2937 1258 2999 1299; x_wconf 88' lang='lat' dir='ltr'>se</span> 
     </span>
     <span class='ocr_line' id='line_1_41' title="bbox 1707 1328 2997 1402; baseline 0.002 -16"><span class='ocrx_word' id='word_1_253' title='bbox 1707 1329 2020 1398; x_wconf 82' lang='lat' dir='ltr'>convertit,</span> <span class='ocrx_word' id='word_1_254' title='bbox 2073 1348 2107 1386; x_wconf 90' lang='lat' dir='ltr'>a</span> <span class='ocrx_word' id='word_1_255' title='bbox 2158 1329 2382 1402; x_wconf 88' lang='lat' dir='ltr'>quibus</span> <span class='ocrx_word' id='word_1_256' title='bbox 2430 1328 2608 1387; x_wconf 87' lang='lat' dir='ltr'>etiam</span> <span class='ocrx_word' id='word_1_257' title='bbox 2657 1329 2720 1387; x_wconf 92' lang='lat' dir='ltr'>in</span> <span class='ocrx_word' id='word_1_258' title='bbox 2767 1329 2997 1388; x_wconf 84' lang='lat' dir='ltr'>abbatis</span> 
     </span>
     <span class='ocr_line' id='line_1_42' title="bbox 1707 1412 2998 1499; baseline 0.001 -24"><span class='ocrx_word' id='word_1_259' title='bbox 1707 1416 2111 1492; x_wconf 88' lang='lat' dir='ltr'>coadjutorem</span> <span class='ocrx_word' id='word_1_260' title='bbox 2176 1412 2403 1499; x_wconf 84' lang='lat'>(1527)</span> <span class='ocrx_word' id='word_1_261' title='bbox 2469 1421 2530 1474; x_wconf 89' lang='lat' dir='ltr'>et</span> <span class='ocrx_word' id='word_1_262' title='bbox 2607 1421 2744 1492; x_wconf 87' lang='lat' dir='ltr'>post</span> <span class='ocrx_word' id='word_1_263' title='bbox 2816 1418 2998 1494; x_wconf 89' lang='lat' dir='ltr'>hujus</span> 
     </span>
     <span class='ocr_line' id='line_1_43' title="bbox 1706 1505 2998 1565; baseline 0.002 -2"><span class='ocrx_word' id='word_1_264' title='bbox 1706 1509 1959 1565; x_wconf 88' lang='lat' dir='ltr'>mortem</span> <span class='ocrx_word' id='word_1_265' title='bbox 1991 1506 2055 1564; x_wconf 90' lang='lat' dir='ltr'>in</span> <span class='ocrx_word' id='word_1_266' title='bbox 2088 1506 2366 1564; x_wconf 86' lang='lat' dir='ltr'>abbatem</span> <span class='ocrx_word' id='word_1_267' title='bbox 2409 1505 2677 1565; x_wconf 89' lang='lat' dir='ltr'>nondum</span> <span class='ocrx_word' id='word_1_268' title='bbox 2724 1507 2998 1565; x_wconf 87' lang='lat' dir='ltr'>sacerdos</span> 
     </span>
     <span class='ocr_line' id='line_1_44' title="bbox 1707 1590 2998 1676; baseline 0.002 -24"><span class='ocrx_word' id='word_1_269' title='bbox 1707 1594 1825 1653; x_wconf 84' lang='lat' dir='ltr'>suit</span> <span class='ocrx_word' id='word_1_270' title='bbox 1875 1595 2099 1653; x_wconf 87' lang='lat' dir='ltr'>electus</span> <span class='ocrx_word' id='word_1_271' title='bbox 2155 1590 2402 1676; x_wconf 89' lang='grc'><strong>(1530).</strong></span> <span class='ocrx_word' id='word_1_272' title='bbox 2469 1596 2815 1654; x_wconf 84' lang='lat' dir='ltr'>Monasterii</span> <span class='ocrx_word' id='word_1_273' title='bbox 2878 1596 2998 1654; x_wconf 89' lang='lat' dir='ltr'>dis·</span> 
     </span>
     <span class='ocr_line' id='line_1_45' title="bbox 1707 1683 2999 1758; baseline 0.001 -16"><span class='ocrx_word' id='word_1_274' title='bbox 1707 1683 1991 1758; x_wconf 90' lang='lat' dir='ltr'>ciplinam</span> <span class='ocrx_word' id='word_1_275' title='bbox 2065 1684 2342 1742; x_wconf 88' lang='lat' dir='ltr'>nonnihil</span> <span class='ocrx_word' id='word_1_276' title='bbox 2417 1685 2735 1758; x_wconf 88' lang='lat' dir='ltr'>collapsam</span> <span class='ocrx_word' id='word_1_277' title='bbox 2806 1704 2999 1744; x_wconf 87' lang='lat' dir='ltr'>exem-</span> 
     </span>
     <span class='ocr_line' id='line_1_46' title="bbox 1707 1772 3000 1849; baseline -0.001 -18"><span class='ocrx_word' id='word_1_278' title='bbox 1707 1773 1827 1848; x_wconf 84' lang='lat' dir='ltr'>p10,</span> <span class='ocrx_word' id='word_1_279' title='bbox 1869 1772 2145 1847; x_wconf 86' lang='lat' dir='ltr'>precibus</span> <span class='ocrx_word' id='word_1_280' title='bbox 2194 1778 2256 1830; x_wconf 90' lang='lat' dir='ltr'>et</span> <span class='ocrx_word' id='word_1_281' title='bbox 2304 1773 2599 1849; x_wconf 81' lang='lat' dir='ltr'>lacrymiS,</span> <span class='ocrx_word' id='word_1_282' title='bbox 2652 1774 2895 1847; x_wconf 85' lang='lat' dir='ltr'>scriptis</span> <span class='ocrx_word' id='word_1_283' title='bbox 2941 1778 3000 1832; x_wconf 91' lang='lat' dir='ltr'>et</span> 
     </span>
     <span class='ocr_line' id='line_1_47' title="bbox 1706 1861 2999 1937; baseline 0 -17"><span class='ocrx_word' id='word_1_284' title='bbox 1706 1865 1959 1937; x_wconf 86' lang='lat' dir='ltr'>paterna</span> <span class='ocrx_word' id='word_1_285' title='bbox 2016 1861 2342 1936; x_wconf 88' lang='lat' dir='ltr'>prudentia</span> <span class='ocrx_word' id='word_1_286' title='bbox 2400 1861 2771 1921; x_wconf 81' lang='lat' dir='ltr'>restauravit</span> <span class='ocrx_word' id='word_1_287' title='bbox 2819 1866 2999 1937; x_wconf 86' lang='lat' dir='ltr'>atque</span> 
     </span>
     <span class='ocr_line' id='line_1_48' title="bbox 1705 1946 2999 2031; baseline 0.002 -24"><span class='ocrx_word' id='word_1_288' title='bbox 1705 1950 2007 2025; x_wconf 85' lang='lat' dir='ltr'>promovit</span> <span class='ocrx_word' id='word_1_289' title='bbox 2071 1948 2131 2031; x_wconf 90' lang='lat'>(†</span> <span class='ocrx_word' id='word_1_290' title='bbox 2182 1962 2235 2013; x_wconf 84' lang='lat'>7.</span> <span class='ocrx_word' id='word_1_291' title='bbox 2283 1951 2416 2009; x_wconf 84' lang='lat' dir='ltr'>Jan.</span> <span class='ocrx_word' id='word_1_292' title='bbox 2472 1946 2686 2031; x_wconf 88' lang='grc'><strong>1566).</strong></span> <span class='ocrx_word' id='word_1_293' title='bbox 2751 1952 2999 2026; x_wconf 84' lang='lat' dir='ltr'>Propter</span> 
     </span>
     <span class='ocr_line' id='line_1_49' title="bbox 1705 2039 2998 2115; baseline 0.001 -19"><span class='ocrx_word' id='word_1_294' title='bbox 1705 2039 2048 2097; x_wconf 88' lang='lat' dir='ltr'>unctionem</span> <span class='ocrx_word' id='word_1_295' title='bbox 2067 2039 2192 2097; x_wconf 89' lang='lat' dir='ltr'>suis</span> <span class='ocrx_word' id='word_1_296' title='bbox 2210 2040 2448 2114; x_wconf 88' lang='lat' dir='ltr'>scriptis</span> <span class='ocrx_word' id='word_1_297' title='bbox 2477 2040 2777 2115; x_wconf 89' lang='lat' dir='ltr'>propriam</span> <span class='ocrx_word' id='word_1_298' title='bbox 2801 2040 2998 2099; x_wconf 85' lang='lat' dir='ltr'>dictus</span> 
     </span>
     <span class='ocr_line' id='line_1_50' title="bbox 1707 2128 2999 2197; baseline 0.001 -12"><span class='ocrx_word' id='word_1_299' title='bbox 1707 2131 1800 2186; x_wconf 90' lang='lat' dir='ltr'>est</span> <span class='ocrx_word' id='word_1_300' title='bbox 1834 2128 2004 2197; x_wconf 90' lang='lat' dir='ltr'>,alter</span> <span class='ocrx_word' id='word_1_301' title='bbox 2037 2128 2408 2186; x_wconf 87' lang='lat' dir='ltr'>Bernardus.‘</span> <span class='ocrx_word' id='word_1_302' title='bbox 2460 2128 2549 2185; x_wconf 89' lang='lat' dir='ltr'>Ea</span> <span class='ocrx_word' id='word_1_303' title='bbox 2578 2129 2999 2188; x_wconf 91' lang='lat' dir='ltr'>commendant</span> 
     </span>
     <span class='ocr_line' id='line_1_51' title="bbox 1705 2216 2995 2295; baseline 0 -21"><span class='ocrx_word' id='word_1_304' title='bbox 1705 2216 1972 2291; x_wconf 85' lang='lat' dir='ltr'>impense</span> <span class='ocrx_word' id='word_1_305' title='bbox 2034 2216 2149 2295; x_wconf 74' lang='lat' dir='ltr'>viri</span> <span class='ocrx_word' id='word_1_306' title='bbox 2212 2219 2458 2288; x_wconf 84' lang='lat' dir='ltr'>ascetae,</span> <span class='ocrx_word' id='word_1_307' title='bbox 2532 2216 2692 2274; x_wconf 86' lang='lat' dir='ltr'>inter</span> <span class='ocrx_word' id='word_1_308' title='bbox 2752 2236 2901 2291; x_wconf 90' lang='lat' dir='ltr'>quos</span> <span class='ocrx_word' id='word_1_309' title='bbox 2953 2236 2995 2275; x_wconf 89' lang='lat' dir='ltr'>s.</span> 
     </span>
     <span class='ocr_line' id='line_1_52' title="bbox 1706 2304 2993 2380; baseline 0 -17"><span class='ocrx_word' id='word_1_310' title='bbox 1706 2304 2054 2363; x_wconf 85' lang='lat' dir='ltr'>Franciscus</span> <span class='ocrx_word' id='word_1_311' title='bbox 2088 2304 2429 2365; x_wconf 88' lang='lat' dir='ltr'>Salesius</span> <span class='ocrx_word' id='word_1_312' title='bbox 2463 2305 2993 2380; x_wconf 72' lang='lat' dir='ltr'>etslgnatius.</span> 
     </span>
     <span class='ocr_line' id='line_1_53' title="bbox 1708 2393 2994 2468; baseline 0.001 -17"><span class='ocrx_word' id='word_1_313' title='bbox 1708 2393 1952 2467; x_wconf 88' lang='lat' dir='ltr'>Saepius</span> <span class='ocrx_word' id='word_1_314' title='bbox 2001 2413 2069 2452; x_wconf 90' lang='lat' dir='ltr'>ea</span> <span class='ocrx_word' id='word_1_315' title='bbox 2115 2394 2470 2468; x_wconf 91' lang='lat' dir='ltr'>prodierunt</span> <span class='ocrx_word' id='word_1_316' title='bbox 2500 2394 2750 2452; x_wconf 86' lang='lat' dir='ltr'>collecta</span> <span class='ocrx_word' id='word_1_317' title='bbox 2780 2397 2850 2451; x_wconf 92' lang='lat' dir='ltr'>ut</span> <span class='ocrx_word' id='word_1_318' title='bbox 2882 2394 2994 2452; x_wconf 86' lang='lat' dir='ltr'>Lo-</span> 
     </span>
     <span class='ocr_line' id='line_1_54' title="bbox 1707 2482 2992 2557; baseline 0.001 -18"><span class='ocrx_word' id='word_1_319' title='bbox 1707 2482 1867 2540; x_wconf 86' lang='lat' dir='ltr'>vanii</span> <span class='ocrx_word' id='word_1_320' title='bbox 1927 2492 2126 2549; x_wconf 79' lang='lat'>15683</span> <span class='ocrx_word' id='word_1_321' title='bbox 2191 2482 2554 2557; x_wconf 88' lang='lat' dir='ltr'>Antverpiae</span> <span class='ocrx_word' id='word_1_322' title='bbox 2612 2491 2776 2545; x_wconf 84' lang='lat'><strong>1632</strong></span> <span class='ocrx_word' id='word_1_323' title='bbox 2858 2501 2992 2541; x_wconf 89' lang='lat' dir='ltr'>cum</span> 
     </span>
     <span class='ocr_line' id='line_1_55' title="bbox 1709 2564 2989 2649; baseline 0.002 -19"><span class='ocrx_word' id='word_1_324' title='bbox 1709 2571 1973 2631; x_wconf 86' lang='lat' dir='ltr'>auctoris</span> <span class='ocrx_word' id='word_1_325' title='bbox 1992 2564 2364 2649; x_wconf 82' lang='lat' dir='ltr'>biographia3</span> <span class='ocrx_word' id='word_1_326' title='bbox 2399 2570 2779 2647; x_wconf 86' lang='lat' dir='ltr'>Kampoduni</span> <span class='ocrx_word' id='word_1_327' title='bbox 2824 2580 2989 2634; x_wconf 75' lang='lat'>1672</span> 
     </span>
     <span class='ocr_line' id='line_1_56' title="bbox 1705 2660 2993 2737; baseline 0 -18"><span class='ocrx_word' id='word_1_328' title='bbox 1705 2664 1748 2719; x_wconf 90' lang='lat' dir='ltr'>t.</span> <span class='ocrx_word' id='word_1_329' title='bbox 1772 2671 1804 2723; x_wconf 94' lang='lat'>2</span> <span class='ocrx_word' id='word_1_330' title='bbox 1825 2661 1889 2719; x_wconf 89' lang='lat' dir='ltr'>in</span> <span class='ocrx_word' id='word_1_331' title='bbox 1908 2671 1946 2723; x_wconf 86' lang='lat'>4</span> <span class='ocrx_word' id='word_1_332' title='bbox 1967 2683 1981 2732; x_wconf 91' lang='lat'>;</span> <span class='ocrx_word' id='word_1_333' title='bbox 2002 2662 2355 2737; x_wconf 89' lang='lat' dir='ltr'>Ingolstadii</span> <span class='ocrx_word' id='word_1_334' title='bbox 2384 2669 2545 2723; x_wconf 87' lang='grc'><strong>1725</strong></span> <span class='ocrx_word' id='word_1_335' title='bbox 2566 2663 2674 2719; x_wconf 90' lang='lat' dir='ltr'>etc.</span> <span class='ocrx_word' id='word_1_336' title='bbox 2698 2660 2841 2719; x_wconf 88' lang='lat' dir='ltr'>etin</span> <span class='ocrx_word' id='word_1_337' title='bbox 2857 2661 2993 2734; x_wconf 91' lang='lat' dir='ltr'>plu-</span> 
     </span>
     <span class='ocr_line' id='line_1_57' title="bbox 1705 2749 2996 2826; baseline 0 -19"><span class='ocrx_word' id='word_1_338' title='bbox 1705 2750 2132 2826; x_wconf 86' lang='lat' dir='ltr'>rimaslinguas</span> <span class='ocrx_word' id='word_1_339' title='bbox 2150 2769 2323 2809; x_wconf 88' lang='lat' dir='ltr'>versa</span> <span class='ocrx_word' id='word_1_340' title='bbox 2337 2750 2519 2809; x_wconf 88' lang='lat' dir='ltr'>fuere.</span> <span class='ocrx_word' id='word_1_341' title='bbox 2552 2750 2636 2807; x_wconf 86' lang='lat' dir='ltr'>Ex</span> <span class='ocrx_word' id='word_1_342' title='bbox 2658 2749 2733 2808; x_wconf 88' lang='lat' dir='ltr'>iis</span> <span class='ocrx_word' id='word_1_343' title='bbox 2766 2749 2996 2823; x_wconf 88' lang='lat' dir='ltr'>potiora</span> 
     </span>
     <span class='ocr_line' id='line_1_58' title="bbox 1708 2838 2994 2913; baseline -0.001 -16"><span class='ocrx_word' id='word_1_344' title='bbox 1708 2843 1883 2897; x_wconf 88' lang='lat' dir='ltr'>sunt:</span> <span class='ocrx_word' id='word_1_345' title='bbox 1905 2838 2235 2897; x_wconf 84' lang='lat' dir='ltr'>Paradisus</span> <span class='ocrx_word' id='word_1_346' title='bbox 2252 2842 2480 2897; x_wconf 83' lang='lat' dir='ltr'>animae</span> <span class='ocrx_word' id='word_1_347' title='bbox 2495 2839 2682 2912; x_wconf 80' lang='lat' dir='ltr'>fidelis</span> <span class='ocrx_word' id='word_1_348' title='bbox 2691 2859 2717 2912; x_wconf 89' lang='lat'><em>;</em></span> <span class='ocrx_word' id='word_1_349' title='bbox 2736 2839 2994 2913; x_wconf 79' lang='lat' dir='ltr'>Psycha-</span> 
     </span>
     <span class='ocr_line' id='line_1_59' title="bbox 1706 2927 2994 3004; baseline -0.002 -19"><span class='ocrx_word' id='word_1_350' title='bbox 1706 2929 1883 3004; x_wconf 84' lang='lat' dir='ltr'>gogia</span> <span class='ocrx_word' id='word_1_351' title='bbox 1917 2945 2025 2985; x_wconf 86' lang='lat' dir='ltr'>seu</span> <span class='ocrx_word' id='word_1_352' title='bbox 2055 2929 2308 2986; x_wconf 83' lang='lat' dir='ltr'>Animae</span> <span class='ocrx_word' id='word_1_353' title='bbox 2336 2929 2618 2986; x_wconf 81' lang='lat' dir='ltr'>recreatio</span> <span class='ocrx_word' id='word_1_354' title='bbox 2635 2948 2663 2997; x_wconf 87' lang='lat'>‚·</span> <span class='ocrx_word' id='word_1_355' title='bbox 2712 2927 2994 2985; x_wconf 82' lang='lat' dir='ltr'>Sacellum</span> 
     </span>
     <span class='ocr_line' id='line_1_60' title="bbox 1706 3014 2997 3089; baseline -0.001 -14"><span class='ocrx_word' id='word_1_356' title='bbox 1706 3019 1937 3075; x_wconf 85' lang='lat' dir='ltr'>animae</span> <span class='ocrx_word' id='word_1_357' title='bbox 1993 3014 2182 3089; x_wconf 79' lang='lat' dir='ltr'>fidelis</span> <span class='ocrx_word' id='word_1_358' title='bbox 2195 3038 2224 3087; x_wconf 82' lang='lat'><em>;</em></span> <span class='ocrx_word' id='word_1_359' title='bbox 2306 3017 2599 3075; x_wconf 77' lang='lat' dir='ltr'>Institutio</span> <span class='ocrx_word' id='word_1_360' title='bbox 2666 3017 2997 3089; x_wconf 77' lang='lat' dir='ltr'>spiritualis</span> 
     </span>
     <span class='ocr_line' id='line_1_61' title="bbox 1706 3104 2994 3181; baseline 0 -19"><span class='ocrx_word' id='word_1_361' title='bbox 1706 3123 1840 3164; x_wconf 90' lang='lat' dir='ltr'>cum</span> <span class='ocrx_word' id='word_1_362' title='bbox 1863 3105 2138 3181; x_wconf 87' lang='lat' dir='ltr'>apologia</span> <span class='ocrx_word' id='word_1_363' title='bbox 2158 3123 2267 3181; x_wconf 91' lang='lat' dir='ltr'>pro</span> <span class='ocrx_word' id='word_1_364' title='bbox 2290 3106 2327 3165; x_wconf 85' lang='lat' dir='ltr'><strong>J</strong></span> <span class='ocrx_word' id='word_1_365' title='bbox 2330 3124 2516 3164; x_wconf 89' lang='lat' dir='ltr'>oanne</span> <span class='ocrx_word' id='word_1_366' title='bbox 2535 3105 2820 3174; x_wconf 86' lang='lat' dir='ltr'>Taulero;</span> <span class='ocrx_word' id='word_1_367' title='bbox 2848 3104 2994 3162; x_wconf 79' lang='lat' dir='ltr'>Con-</span> 
     </span>
     <span class='ocr_line' id='line_1_62' title="bbox 1705 3193 2994 3269; baseline -0.002 -17"><span class='ocrx_word' id='word_1_368' title='bbox 1705 3195 1911 3253; x_wconf 79' lang='lat' dir='ltr'>solatio</span> <span class='ocrx_word' id='word_1_369' title='bbox 1923 3196 2427 3266; x_wconf 75' lang='lat' dir='ltr'>pusillanimium;</span> <span class='ocrx_word' id='word_1_370' title='bbox 2453 3193 2850 3269; x_wconf 74' lang='lat' dir='ltr'>Maryaritum</span> <span class='ocrx_word' id='word_1_371' title='bbox 2870 3196 2994 3266; x_wconf 78' lang='lat' dir='ltr'>spi·</span> 
     </span>
     <span class='ocr_line' id='line_1_63' title="bbox 1705 3283 2995 3358; baseline -0.002 -17"><span class='ocrx_word' id='word_1_372' title='bbox 1705 3285 1917 3341; x_wconf 80' lang='lat' dir='ltr'>rituale</span> <span class='ocrx_word' id='word_1_373' title='bbox 1929 3305 1955 3358; x_wconf 86' lang='lat'><em>;</em></span> <span class='ocrx_word' id='word_1_374' title='bbox 2021 3283 2292 3342; x_wconf 87' lang='lat' dir='ltr'>Conclave</span> <span class='ocrx_word' id='word_1_375' title='bbox 2342 3285 2575 3342; x_wconf 86' lang='lat' dir='ltr'>animae</span> <span class='ocrx_word' id='word_1_376' title='bbox 2621 3283 2807 3356; x_wconf 85' lang='lat' dir='ltr'>fidelis</span> <span class='ocrx_word' id='word_1_377' title='bbox 2817 3303 2842 3356; x_wconf 88' lang='lat'><em>;</em></span> <span class='ocrx_word' id='word_1_378' title='bbox 2891 3283 2995 3340; x_wconf 81' lang='lat' dir='ltr'>In-</span> 
     </span>
     <span class='ocr_line' id='line_1_64' title="bbox 1707 3363 2996 3446; baseline 0 -17"><span class='ocrx_word' id='word_1_379' title='bbox 1707 3375 1944 3430; x_wconf 80' lang='lat' dir='ltr'>structio</span> <span class='ocrx_word' id='word_1_380' title='bbox 1977 3374 2125 3430; x_wconf 83' lang='lat' dir='ltr'>vitae</span> <span class='ocrx_word' id='word_1_381' title='bbox 2155 3373 2513 3446; x_wconf 73' lang='lat' dir='ltr'>spirituali33</span> <span class='ocrx_word' id='word_1_382' title='bbox 2548 3363 2858 3439; x_wconf 28' lang='lat' dir='ltr'>,Polemica</span> <span class='ocrx_word' id='word_1_383' title='bbox 2889 3388 2996 3429; x_wconf 89' lang='lat' dir='ltr'>seu</span> 
     </span>
    </p>
   </div>
   <div class='ocr_carea' id='block_1_6' title="bbox 362 3459 2993 3629">
    <p class='ocr_par' dir='ltr' id='par_1_6' title="bbox 362 3459 2993 3629">
     <span class='ocr_line' id='line_1_65' title="bbox 362 3459 2992 3540; baseline -0.001 -22"><span class='ocrx_word' id='word_1_384' title='bbox 362 3461 475 3519; x_wconf 89' lang='lat' dir='ltr'>diit</span> <span class='ocrx_word' id='word_1_385' title='bbox 525 3481 659 3521; x_wconf 90' lang='lat' dir='ltr'>cum</span> <span class='ocrx_word' id='word_1_386' title='bbox 716 3462 945 3534; x_wconf 80' lang='lat' dir='ltr'>Templo</span> <span class='ocrx_word' id='word_1_387' title='bbox 987 3464 1233 3532; x_wconf 83' lang='lat' dir='ltr'>animae,</span> <span class='ocrx_word' id='word_1_388' title='bbox 1285 3461 1649 3537; x_wconf 80' lang='lat' dir='ltr'>Antverpiae</span> <span class='ocrx_word' id='word_1_389' title='bbox 1705 3461 1978 3540; x_wconf 82' lang='lat' dir='ltr'>Defensio</span> <span class='ocrx_word' id='word_1_390' title='bbox 2012 3480 2172 3519; x_wconf 80' lang='lat' dir='ltr'>verae</span> <span class='ocrx_word' id='word_1_391' title='bbox 2200 3461 2401 3539; x_wconf 70' lang='lat' dir='ltr'>fidei1)</span> <span class='ocrx_word' id='word_1_392' title='bbox 2427 3463 2533 3518; x_wconf 90' lang='lat' dir='ltr'>etc.</span> <span class='ocrx_word' id='word_1_393' title='bbox 2576 3492 2663 3502; x_wconf 91' lang='lat'>—</span> <span class='ocrx_word' id='word_1_394' title='bbox 2698 3459 2992 3516; x_wconf 86' lang='lat' dir='ltr'>Sebastia-</span> 
     </span>
     <span class='ocr_line' id='line_1_66' title="bbox 372 3547 2993 3629; baseline -0.004 -16"><span class='ocrx_word' id='word_1_395' title='bbox 372 3560 570 3618; x_wconf 75' lang='lat'><strong>15633</strong></span> <span class='ocrx_word' id='word_1_396' title='bbox 605 3553 876 3608; x_wconf 75' lang='lat' dir='ltr'>exercitia</span> <span class='ocrx_word' id='word_1_397' title='bbox 907 3552 1211 3629; x_wconf 78' lang='lat' dir='ltr'>theoloqiae</span> <span class='ocrx_word' id='word_1_398' title='bbox 1241 3552 1511 3626; x_wconf 81' lang='lat' dir='ltr'>mysticae</span> <span class='ocrx_word' id='word_1_399' title='bbox 1542 3568 1649 3607; x_wconf 89' lang='lat' dir='ltr'>seu</span> <span class='ocrx_word' id='word_1_400' title='bbox 1707 3568 1821 3607; x_wconf 88' lang='lat' dir='ltr'>nus</span> <span class='ocrx_word' id='word_1_401' title='bbox 1884 3550 2200 3607; x_wconf 89' lang='lat' dir='ltr'>Broilus</span> <span class='ocrx_word' id='word_1_402' title='bbox 2260 3548 2561 3607; x_wconf 87' lang='lat' dir='ltr'>Ammiani</span> <span class='ocrx_word' id='word_1_403' title='bbox 2617 3547 2680 3605; x_wconf 93' lang='grc' dir='ltr'>Ο.</span> <span class='ocrx_word' id='word_1_404' title='bbox 2734 3547 2788 3604; x_wconf 87' lang='lat' dir='ltr'>S.</span> <span class='ocrx_word' id='word_1_405' title='bbox 2839 3549 2993 3623; x_wconf 88' lang='lat' dir='ltr'>Aug.</span> 
     </span>
    </p>
   </div>
   <div class='ocr_carea' id='block_1_7' title="bbox 359 3634 2997 4513">
    <p class='ocr_par' dir='ltr' id='par_1_7' title="bbox 359 3634 2997 4513">
     <span class='ocr_line' id='line_1_67' title="bbox 359 3634 2994 3714; baseline -0.002 -17"><span class='ocrx_word' id='word_1_406' title='bbox 359 3639 641 3697; x_wconf 85' lang='lat' dir='ltr'>exercitia</span> <span class='ocrx_word' id='word_1_407' title='bbox 672 3640 959 3714; x_wconf 86' lang='lat' dir='ltr'>quaedam</span> <span class='ocrx_word' id='word_1_408' title='bbox 980 3640 1098 3714; x_wconf 88' lang='lat' dir='ltr'>pia,</span> <span class='ocrx_word' id='word_1_409' title='bbox 1128 3658 1279 3714; x_wconf 91' lang='lat' dir='ltr'>quae</span> <span class='ocrx_word' id='word_1_410' title='bbox 1300 3638 1648 3713; x_wconf 88' lang='lat' dir='ltr'>compendio</span> <span class='ocrx_word' id='word_1_411' title='bbox 1705 3639 1946 3697; x_wconf 88' lang='lat' dir='ltr'>natione</span> <span class='ocrx_word' id='word_1_412' title='bbox 1962 3639 2172 3707; x_wconf 83' lang='lat' dir='ltr'>Italus,</span> <span class='ocrx_word' id='word_1_413' title='bbox 2190 3637 2471 3696; x_wconf 85' lang='lat' dir='ltr'>interfuit</span> <span class='ocrx_word' id='word_1_414' title='bbox 2501 3635 2748 3694; x_wconf 89' lang='lat' dir='ltr'>concilio</span> <span class='ocrx_word' id='word_1_415' title='bbox 2769 3634 2994 3694; x_wconf 87' lang='lat' dir='ltr'>triden-</span> 
     </span>
     <span class='ocr_line' id='line_1_68' title="bbox 366 3724 2994 3803; baseline -0.001 -19"><span class='ocrx_word' id='word_1_416' title='bbox 366 3727 659 3786; x_wconf 89' lang='lat' dir='ltr'>hominem</span> <span class='ocrx_word' id='word_1_417' title='bbox 700 3728 774 3786; x_wconf 91' lang='lat' dir='ltr'>ad</span> <span class='ocrx_word' id='word_1_418' title='bbox 806 3727 993 3786; x_wconf 84' lang='lat' dir='ltr'>vitam</span> <span class='ocrx_word' id='word_1_419' title='bbox 1037 3727 1359 3803; x_wconf 88' lang='lat' dir='ltr'>perfectam</span> <span class='ocrx_word' id='word_1_420' title='bbox 1403 3727 1648 3786; x_wconf 89' lang='lat' dir='ltr'>institu-</span> <span class='ocrx_word' id='word_1_421' title='bbox 1704 3727 1834 3796; x_wconf 86' lang='lat' dir='ltr'>tino</span> <span class='ocrx_word' id='word_1_422' title='bbox 1846 3747 1894 3785; x_wconf 90' lang='lat' dir='ltr'>a.</span> <span class='ocrx_word' id='word_1_423' title='bbox 1918 3739 1939 3789; x_wconf 91' lang='lat'>1</span> <span class='ocrx_word' id='word_1_424' title='bbox 1959 3737 2100 3789; x_wconf 82' lang='lat'><strong>563.</strong></span> <span class='ocrx_word' id='word_1_425' title='bbox 2123 3727 2468 3802; x_wconf 85' lang='lat' dir='ltr'>Praeposito</span> <span class='ocrx_word' id='word_1_426' title='bbox 2485 3725 2750 3801; x_wconf 88' lang='lat' dir='ltr'>generali</span> <span class='ocrx_word' id='word_1_427' title='bbox 2770 3724 2994 3782; x_wconf 89' lang='lat' dir='ltr'>ordinis</span> 
     </span>
     <span class='ocr_line' id='line_1_69' title="bbox 362 3809 2994 3896; baseline -0.001 -23"><span class='ocrx_word' id='word_1_428' title='bbox 362 3816 574 3874; x_wconf 87' lang='lat' dir='ltr'>endam</span> <span class='ocrx_word' id='word_1_429' title='bbox 583 3818 795 3892; x_wconf 85' lang='lat' dir='ltr'>juvare</span> <span class='ocrx_word' id='word_1_430' title='bbox 811 3819 1066 3891; x_wconf 87' lang='lat' dir='ltr'>possunt</span> <span class='ocrx_word' id='word_1_431' title='bbox 1078 3813 1143 3896; x_wconf 85' lang='lat'>¹),</span> <span class='ocrx_word' id='word_1_432' title='bbox 1166 3816 1242 3875; x_wconf 89' lang='lat' dir='ltr'>ib.</span> <span class='ocrx_word' id='word_1_433' title='bbox 1263 3825 1446 3879; x_wconf 83' lang='lat'>1563.</span> <span class='ocrx_word' id='word_1_434' title='bbox 1472 3848 1558 3859; x_wconf 91' lang='lat'>—·</span> <span class='ocrx_word' id='word_1_435' title='bbox 1579 3815 1649 3873; x_wconf 91' lang='lat' dir='ltr'>In</span> <span class='ocrx_word' id='word_1_436' title='bbox 1706 3819 1837 3876; x_wconf 90' lang='lat' dir='ltr'>erat</span> <span class='ocrx_word' id='word_1_437' title='bbox 1854 3836 1887 3873; x_wconf 91' lang='lat' dir='ltr'>a</span> <span class='ocrx_word' id='word_1_438' title='bbox 1904 3816 2143 3874; x_wconf 90' lang='lat' dir='ltr'>secretis</span> <span class='ocrx_word' id='word_1_439' title='bbox 2160 3809 2224 3895; x_wconf 86' lang='lat'>(†</span> <span class='ocrx_word' id='word_1_440' title='bbox 2247 3826 2345 3878; x_wconf 92' lang='grc'>30.</span> <span class='ocrx_word' id='word_1_441' title='bbox 2363 3815 2401 3873; x_wconf 84' lang='lat' dir='ltr'><strong>J</strong></span> <span class='ocrx_word' id='word_1_442' title='bbox 2406 3815 2485 3873; x_wconf 91' lang='lat' dir='ltr'>ul.</span> <span class='ocrx_word' id='word_1_443' title='bbox 2519 3826 2544 3877; x_wconf 92' lang='lat'>1</span> <span class='ocrx_word' id='word_1_444' title='bbox 2562 3809 2713 3894; x_wconf 82' lang='lat'>568)</span> <span class='ocrx_word' id='word_1_445' title='bbox 2732 3814 2994 3888; x_wconf 86' lang='lat' dir='ltr'>scripsit-</span> 
     </span>
     <span class='ocr_line' id='line_1_70' title="bbox 365 3902 2996 3980; baseline -0.002 -17"><span class='ocrx_word' id='word_1_446' title='bbox 365 3905 569 3980; x_wconf 87' lang='lat' dir='ltr'>primis</span> <span class='ocrx_word' id='word_1_447' title='bbox 598 3923 736 3963; x_wconf 88' lang='lat' dir='ltr'>vero</span> <span class='ocrx_word' id='word_1_448' title='bbox 779 3906 1195 3964; x_wconf 86' lang='lat' dir='ltr'>memorandus</span> <span class='ocrx_word' id='word_1_449' title='bbox 1246 3910 1339 3963; x_wconf 88' lang='lat' dir='ltr'>est</span> <span class='ocrx_word' id='word_1_450' title='bbox 1388 3904 1648 3963; x_wconf 86' lang='lat' dir='ltr'>Ludovi·</span> <span class='ocrx_word' id='word_1_451' title='bbox 1705 3923 1821 3979; x_wconf 92' lang='lat' dir='ltr'>que</span> <span class='ocrx_word' id='word_1_452' title='bbox 1868 3902 2247 3963; x_wconf 77' lang='lat' dir='ltr'>christianam</span> <span class='ocrx_word' id='word_1_453' title='bbox 2278 3905 2689 3962; x_wconf 79' lang='lat' dir='ltr'>institutionem</span> <span class='ocrx_word' id='word_1_454' title='bbox 2720 3904 2996 3960; x_wconf 79' lang='lat' dir='ltr'>virtutum</span> 
     </span>
     <span class='ocr_line' id='line_1_71' title="bbox 364 3989 2993 4076; baseline -0.001 -24"><span class='ocrx_word' id='word_1_455' title='bbox 364 4012 471 4052; x_wconf 85' lang='lat' dir='ltr'>cus</span> <span class='ocrx_word' id='word_1_456' title='bbox 523 3994 739 4052; x_wconf 92' lang='lat' dir='ltr'>Blosi</span> <span class='ocrx_word' id='word_1_457' title='bbox 760 4014 801 4052; x_wconf 93' lang='lat' dir='ltr'>u</span> <span class='ocrx_word' id='word_1_458' title='bbox 820 4012 847 4051; x_wconf 85' lang='lat' dir='ltr'>s</span> <span class='ocrx_word' id='word_1_459' title='bbox 910 3989 1009 4076; x_wconf 90' lang='lat' dir='ltr'>(de</span> <span class='ocrx_word' id='word_1_460' title='bbox 1058 3989 1249 4074; x_wconf 90' lang='lat' dir='ltr'>Blois)</span> <span class='ocrx_word' id='word_1_461' title='bbox 1302 4013 1371 4052; x_wconf 83' lang='lat' dir='ltr'>ex</span> <span class='ocrx_word' id='word_1_462' title='bbox 1422 3993 1649 4052; x_wconf 87' lang='lat' dir='ltr'>illustri</span> <span class='ocrx_word' id='word_1_463' title='bbox 1705 4001 1755 4051; x_wconf 88' lang='lat' dir='ltr'>et</span> <span class='ocrx_word' id='word_1_464' title='bbox 1785 3995 2054 4051; x_wconf 79' lang='lat' dir='ltr'>vitiorum</span> <span class='ocrx_word' id='word_1_465' title='bbox 2087 4011 2194 4068; x_wconf 92' lang='lat' dir='ltr'>pro</span> <span class='ocrx_word' id='word_1_466' title='bbox 2227 3991 2742 4052; x_wconf 84' lang='lat' dir='ltr'>concionatoribus</span> <span class='ocrx_word' id='word_1_467' title='bbox 2768 3991 2993 4060; x_wconf 89' lang='lat' dir='ltr'>utilem,</span> 
     </span>
     <span class='ocr_line' id='line_1_72' title="bbox 366 4079 2997 4157; baseline -0.001 -18"><span class='ocrx_word' id='word_1_468' title='bbox 366 4082 701 4141; x_wconf 88' lang='lat' dir='ltr'>Blosiorum</span> <span class='ocrx_word' id='word_1_469' title='bbox 733 4082 855 4141; x_wconf 86' lang='lat' dir='ltr'>sive</span> <span class='ocrx_word' id='word_1_470' title='bbox 887 4083 1261 4141; x_wconf 89' lang='lat' dir='ltr'>Blesensium</span> <span class='ocrx_word' id='word_1_471' title='bbox 1310 4083 1497 4157; x_wconf 88' lang='lat' dir='ltr'>stirpe</span> <span class='ocrx_word' id='word_1_472' title='bbox 1542 4101 1648 4140; x_wconf 90' lang='lat' dir='ltr'>na·</span> <span class='ocrx_word' id='word_1_473' title='bbox 1707 4082 1976 4141; x_wconf 88' lang='lat' dir='ltr'>Venetiis</span> <span class='ocrx_word' id='word_1_474' title='bbox 2033 4091 2197 4144; x_wconf 88' lang='grc'><strong>1562</strong></span> <span class='ocrx_word' id='word_1_475' title='bbox 2247 4082 2312 4139; x_wconf 89' lang='lat' dir='ltr'>in</span> <span class='ocrx_word' id='word_1_476' title='bbox 2353 4090 2467 4149; x_wconf 91' lang='grc'><strong>12.,</strong></span> <span class='ocrx_word' id='word_1_477' title='bbox 2503 4081 2674 4155; x_wconf 74' lang='lat' dir='ltr'>cujus</span> <span class='ocrx_word' id='word_1_478' title='bbox 2708 4079 2857 4138; x_wconf 87' lang='lat' dir='ltr'>sorte</span> <span class='ocrx_word' id='word_1_479' title='bbox 2904 4083 2997 4137; x_wconf 88' lang='lat' dir='ltr'>est</span> 
     </span>
     <span class='ocr_line' id='line_1_73' title="bbox 365 4159 2997 4246; baseline -0.001 -18"><span class='ocrx_word' id='word_1_480' title='bbox 365 4174 464 4229; x_wconf 88' lang='lat' dir='ltr'>tus</span> <span class='ocrx_word' id='word_1_481' title='bbox 494 4159 544 4229; x_wconf 83' lang='lat' dir='ltr'>a.</span> <span class='ocrx_word' id='word_1_482' title='bbox 591 4182 749 4234; x_wconf 88' lang='lat'>1506</span> <span class='ocrx_word' id='word_1_483' title='bbox 787 4171 850 4229; x_wconf 90' lang='lat' dir='ltr'>in</span> <span class='ocrx_word' id='word_1_484' title='bbox 898 4171 1134 4230; x_wconf 89' lang='lat' dir='ltr'>castello</span> <span class='ocrx_word' id='word_1_485' title='bbox 1182 4171 1648 4246; x_wconf 74' lang='lat' dir='ltr'>Doni-Stephani</span> <span class='ocrx_word' id='word_1_486' title='bbox 1705 4171 1822 4229; x_wconf 89' lang='lat' dir='ltr'>alia</span> <span class='ocrx_word' id='word_1_487' title='bbox 1872 4170 2105 4228; x_wconf 88' lang='lat' dir='ltr'>edititio</span> <span class='ocrx_word' id='word_1_488' title='bbox 2166 4170 2431 4229; x_wconf 81' lang='lat' dir='ltr'>Discorsi</span> <span class='ocrx_word' id='word_1_489' title='bbox 2481 4169 2832 4243; x_wconf 63' lang='lat' dir='ltr'>predic-abili</span> <span class='ocrx_word' id='word_1_490' title='bbox 2892 4187 2997 4244; x_wconf 91' lang='lat' dir='ltr'>per</span> 
     </span>
     <span class='ocr_line' id='line_1_74' title="bbox 367 4255 2995 4340; baseline -0.002 -23"><span class='ocrx_word' id='word_1_491' title='bbox 367 4255 858 4340; x_wconf 90' lang='lat' dir='ltr'>(Don-Estienne)</span> <span class='ocrx_word' id='word_1_492' title='bbox 895 4260 1233 4334; x_wconf 81' lang='lat' dir='ltr'>provinciae</span> <span class='ocrx_word' id='word_1_493' title='bbox 1265 4279 1332 4318; x_wconf 91' lang='lat' dir='ltr'>ac</span> <span class='ocrx_word' id='word_1_494' title='bbox 1364 4259 1649 4318; x_wconf 89' lang='lat' dir='ltr'>dioecesis</span> <span class='ocrx_word' id='word_1_495' title='bbox 1706 4260 2063 4318; x_wconf 88' lang='lat' dir='ltr'>documento</span> <span class='ocrx_word' id='word_1_496' title='bbox 2096 4259 2191 4317; x_wconf 92' lang='lat' dir='ltr'>del</span> <span class='ocrx_word' id='word_1_497' title='bbox 2226 4259 2422 4317; x_wconf 85' lang='lat' dir='ltr'>vivere</span> <span class='ocrx_word' id='word_1_498' title='bbox 2454 4257 2744 4317; x_wconf 78' lang='lat' dir='ltr'>cristiano</span> <span class='ocrx_word' id='word_1_499' title='bbox 2776 4257 2850 4313; x_wconf 89' lang='lat' dir='ltr'>da</span> <span class='ocrx_word' id='word_1_500' title='bbox 2869 4257 2995 4314; x_wconf 85' lang='lat' dir='ltr'>vari</span> 
     </span>
     <span class='ocr_line' id='line_1_75' title="bbox 366 4345 2993 4423; baseline 0 -18"><span class='ocrx_word' id='word_1_501' title='bbox 366 4348 699 4408; x_wconf 63' lang='lat' dir='ltr'>leodiensis</span> <span class='ocrx_word' id='word_1_502' title='bbox 762 4348 1017 4407; x_wconf 89' lang='lat' dir='ltr'>Primam</span> <span class='ocrx_word' id='word_1_503' title='bbox 1081 4351 1335 4407; x_wconf 89' lang='lat' dir='ltr'>aetatem</span> <span class='ocrx_word' id='word_1_504' title='bbox 1386 4349 1449 4407; x_wconf 91' lang='lat' dir='ltr'>in</span> <span class='ocrx_word' id='word_1_505' title='bbox 1513 4347 1651 4407; x_wconf 89' lang='lat' dir='ltr'>aula</span> <span class='ocrx_word' id='word_1_506' title='bbox 1707 4348 1912 4423; x_wconf 88' lang='lat' dir='ltr'>luoghi</span> <span class='ocrx_word' id='word_1_507' title='bbox 1971 4348 2211 4406; x_wconf 87' lang='lat' dir='ltr'>raccolti</span> <span class='ocrx_word' id='word_1_508' title='bbox 2258 4351 2300 4405; x_wconf 91' lang='lat' dir='ltr'>t.</span> <span class='ocrx_word' id='word_1_509' title='bbox 2353 4357 2387 4410; x_wconf 87' lang='grc'><strong>3</strong></span> <span class='ocrx_word' id='word_1_510' title='bbox 2438 4347 2499 4405; x_wconf 92' lang='lat' dir='ltr'>in</span> <span class='ocrx_word' id='word_1_511' title='bbox 2550 4355 2625 4414; x_wconf 88' lang='grc'>8.,</span> <span class='ocrx_word' id='word_1_512' title='bbox 2675 4345 2736 4403; x_wconf 89' lang='lat' dir='ltr'>ib</span> <span class='ocrx_word' id='word_1_513' title='bbox 2793 4354 2993 4412; x_wconf 86' lang='grc'><strong>1562;</strong></span> 
     </span>
     <span class='ocr_line' id='line_1_76' title="bbox 366 4435 2995 4513; baseline -0.002 -18"><span class='ocrx_word' id='word_1_514' title='bbox 366 4437 557 4496; x_wconf 86' lang='lat' dir='ltr'>Caroli</span> <span class='ocrx_word' id='word_1_515' title='bbox 589 4438 911 4513; x_wconf 85' lang='lat' dir='ltr'>Belgarum</span> <span class='ocrx_word' id='word_1_516' title='bbox 957 4437 1242 4513; x_wconf 88' lang='lat' dir='ltr'>principis</span> <span class='ocrx_word' id='word_1_517' title='bbox 1300 4438 1457 4496; x_wconf 89' lang='lat' dir='ltr'>inter</span> <span class='ocrx_word' id='word_1_518' title='bbox 1506 4437 1648 4494; x_wconf 89' lang='lat' dir='ltr'>illu·</span> <span class='ocrx_word' id='word_1_519' title='bbox 1715 4447 1880 4499; x_wconf 77' lang='lat'>1570</span> <span class='ocrx_word' id='word_1_520' title='bbox 1916 4440 2024 4495; x_wconf 91' lang='lat' dir='ltr'>etc.</span> <span class='ocrx_word' id='word_1_521' title='bbox 2062 4435 2266 4495; x_wconf 89' lang='lat' dir='ltr'>Edidit</span> <span class='ocrx_word' id='word_1_522' title='bbox 2298 4437 2423 4511; x_wconf 89' lang='lat' dir='ltr'>ipse</span> <span class='ocrx_word' id='word_1_523' title='bbox 2464 4439 2524 4493; x_wconf 89' lang='lat' dir='ltr'>et</span> <span class='ocrx_word' id='word_1_524' title='bbox 2571 4435 2995 4493; x_wconf 60' lang='lat' dir='ltr'>Commentario</span> 
     </span>
    </p>
   </div>
   <div class='ocr_carea' id='block_1_8' title="bbox 366 4541 683 4550">
    <p class='ocr_par' dir='ltr' id='par_1_8' title="bbox 366 4541 683 4550">
     <span class='ocr_line' id='line_1_77' title="bbox 366 4541 683 4550; baseline 0 0"><span class='ocrx_word' id='word_1_525' title='bbox 366 4541 683 4550; x_wconf 95' lang='lat' dir='ltr'> </span> 
     </span>
    </p>
   </div>
   <div class='ocr_carea' id='block_1_9' title="bbox 1705 4576 2024 4588">
    <p class='ocr_par' dir='ltr' id='par_1_9' title="bbox 1705 4576 2024 4588">
     <span class='ocr_line' id='line_1_78' title="bbox 1705 4576 2024 4588; baseline 0 605"><span class='ocrx_word' id='word_1_526' title='bbox 1705 4576 2024 4588; x_wconf 95' lang='lat' dir='ltr'> </span> 
     </span>
    </p>
   </div>
   <div class='ocr_carea' id='block_1_10' title="bbox 363 4587 2999 4858">
    <p class='ocr_par' dir='ltr' id='par_1_10' title="bbox 363 4587 2999 4858">
     <span class='ocr_line' id='line_1_79' title="bbox 442 4587 1651 4658; baseline -0.001 -16"><span class='ocrx_word' id='word_1_527' title='bbox 442 4593 476 4658; x_wconf 82' lang='grc' dir='ltr'>ι)</span> <span class='ocrx_word' id='word_1_528' title='bbox 504 4589 588 4642; x_wconf 87' lang='lat' dir='ltr'>Cf.</span> <span class='ocrx_word' id='word_1_529' title='bbox 631 4589 709 4642; x_wconf 90' lang='lat' dir='ltr'>du</span> <span class='ocrx_word' id='word_1_530' title='bbox 748 4587 892 4642; x_wconf 76' lang='lat' dir='ltr'>Ram</span> <span class='ocrx_word' id='word_1_531' title='bbox 931 4589 998 4642; x_wconf 77' lang='lat' dir='ltr'>V.</span> <span class='ocrx_word' id='word_1_532' title='bbox 1040 4588 1163 4643; x_wconf 80' lang='lat' dir='ltr'>Nic,</span> <span class='ocrx_word' id='word_1_533' title='bbox 1206 4588 1394 4642; x_wconf 85' lang='lat' dir='ltr'>Eschii</span> <span class='ocrx_word' id='word_1_534' title='bbox 1432 4588 1555 4642; x_wconf 84' lang='lat' dir='ltr'>vita</span> <span class='ocrx_word' id='word_1_535' title='bbox 1594 4592 1651 4643; x_wconf 91' lang='lat' dir='ltr'>et</span> 
     </span>
     <span class='ocr_line' id='line_1_80' title="bbox 363 4655 2998 4742; baseline -0.006 -18"><span class='ocrx_word' id='word_1_536' title='bbox 363 4675 534 4729; x_wconf 66' lang='lat' dir='ltr'>Opera</span> <span class='ocrx_word' id='word_1_537' title='bbox 557 4659 817 4723; x_wconf 56' lang='grc' dir='ltr'>ὓὸθθῑίῡθι,</span> <span class='ocrx_word' id='word_1_538' title='bbox 834 4659 1261 4718; x_wconf 80' lang='lat' dir='ltr'>Lovanii1858:</span> <span class='ocrx_word' id='word_1_539' title='bbox 1291 4660 1522 4714; x_wconf 86' lang='lat' dir='ltr'>Hermes</span> <span class='ocrx_word' id='word_1_540' title='bbox 1538 4659 1649 4740; x_wconf 56' lang='grc' dir='ltr'>ΚΒ.</span> <span class='ocrx_word' id='word_1_541' title='bbox 1752 4732 1763 4742; x_wconf 36' lang='grc' dir='ltr'>ι</span> <span class='ocrx_word' id='word_1_542' title='bbox 1789 4664 1831 4732; x_wconf 87' lang='lat'>¹)</span> <span class='ocrx_word' id='word_1_543' title='bbox 1859 4659 1942 4714; x_wconf 76' lang='lat' dir='ltr'>Cf.</span> <span class='ocrx_word' id='word_1_544' title='bbox 1970 4658 2373 4713; x_wconf 73' lang='lat' dir='ltr'>Mittermilller</span> <span class='ocrx_word' id='word_1_545' title='bbox 2397 4657 2511 4712; x_wconf 87' lang='lat' dir='ltr'>KL.</span> <span class='ocrx_word' id='word_1_546' title='bbox 2539 4657 2634 4738; x_wconf 72' lang='lat' dir='ltr'>l12,</span> <span class='ocrx_word' id='word_1_547' title='bbox 2662 4662 2782 4714; x_wconf 86' lang='grc'>924.</span> <span class='ocrx_word' id='word_1_548' title='bbox 2825 4655 2998 4737; x_wconf 79' lang='lat' dir='ltr'>Plura</span> 
     </span>
     <span class='ocr_line' id='line_1_81' title="bbox 367 4726 2999 4801; baseline -0.002 -19"><span class='ocrx_word' id='word_1_549' title='bbox 367 4729 460 4796; x_wconf 84' lang='lat' dir='ltr'>IV,</span> <span class='ocrx_word' id='word_1_550' title='bbox 486 4734 624 4790; x_wconf 84' lang='grc'>888;</span> <span class='ocrx_word' id='word_1_551' title='bbox 677 4729 841 4784; x_wconf 77' lang='lat' dir='ltr'>Pfulf</span> <span class='ocrx_word' id='word_1_552' title='bbox 874 4731 972 4785; x_wconf 89' lang='lat' dir='ltr'>der</span> <span class='ocrx_word' id='word_1_553' title='bbox 1013 4749 1055 4784; x_wconf 84' lang='lat' dir='ltr'>a.</span> <span class='ocrx_word' id='word_1_554' title='bbox 1094 4731 1299 4785; x_wconf 79' lang='lat' dir='ltr'>Petrus</span> <span class='ocrx_word' id='word_1_555' title='bbox 1340 4730 1491 4797; x_wconf 70' lang='lat' dir='ltr'>Cau„</span> <span class='ocrx_word' id='word_1_556' title='bbox 1522 4731 1651 4783; x_wconf 85' lang='lat' dir='ltr'>Em·</span> <span class='ocrx_word' id='word_1_557' title='bbox 1713 4732 1971 4800; x_wconf 69' lang='lat' dir='ltr'>ejusdem</span> <span class='ocrx_word' id='word_1_558' title='bbox 1998 4731 2273 4801; x_wconf 82' lang='lat' dir='ltr'>opuscula</span> <span class='ocrx_word' id='word_1_559' title='bbox 2299 4744 2621 4800; x_wconf 79' lang='lat' dir='ltr'>germanice</span> <span class='ocrx_word' id='word_1_560' title='bbox 2642 4726 2999 4782; x_wconf 76' lang='lat' dir='ltr'>versaedidit</span> 
     </span>
     <span class='ocr_line' id='line_1_82' title="bbox 1709 4802 2686 4858; baseline -0.005 -1"><span class='ocrx_word' id='word_1_561' title='bbox 1709 4802 1784 4858; x_wconf 84' lang='lat' dir='ltr'>M.</span> <span class='ocrx_word' id='word_1_562' title='bbox 1812 4803 1846 4856; x_wconf 87' lang='lat' dir='ltr'>J</span> <span class='ocrx_word' id='word_1_563' title='bbox 1851 4803 2051 4858; x_wconf 82' lang='lat' dir='ltr'>ocham</span> <span class='ocrx_word' id='word_1_564' title='bbox 2080 4802 2363 4856; x_wconf 81' lang='lat' dir='ltr'>Sulzbach</span> <span class='ocrx_word' id='word_1_565' title='bbox 2391 4804 2686 4857; x_wconf 82' lang='lat'>1835—46.</span> 
     </span>
    </p>
   </div>
   <div class='ocr_carea' id='block_1_11' title="bbox 2588 4891 2654 4943">
    <p class='ocr_par' dir='ltr' id='par_1_11' title="bbox 2588 4891 2654 4943">
     <span class='ocr_line' id='line_1_83' title="bbox 2588 4891 2654 4943; baseline 0 -24"><span class='ocrx_word' id='word_1_566' title='bbox 2588 4891 2654 4943; x_wconf 76' lang='lat'>5.</span> 
     </span>
    </p>
   </div>
   <div class='ocr_carea' id='block_1_12' title="bbox 364 4801 994 4870">
    <p class='ocr_par' dir='ltr' id='par_1_12' title="bbox 364 4801 994 4870">
     <span class='ocr_line' id='line_1_84' title="bbox 364 4801 994 4870; baseline 0 -16"><span class='ocrx_word' id='word_1_567' title='bbox 364 4801 577 4856; x_wconf 88' lang='lat' dir='ltr'>siedeln</span> <span class='ocrx_word' id='word_1_568' title='bbox 605 4806 744 4859; x_wconf 82' lang='lat'>1897</span> <span class='ocrx_word' id='word_1_569' title='bbox 772 4819 829 4870; x_wconf 89' lang='lat' dir='ltr'>p.</span> <span class='ocrx_word' id='word_1_570' title='bbox 856 4806 994 4859; x_wconf 85' lang='lat' dir='ltr'>llss.</span> 
     </span>
    </p>
   </div>
  </div>
 </body>
</html>
