3625 5193
415 226 562 328 *949
610 269 623 283 ·
878 256 1276 310 Bonaventura
1302 257 1485 326 Liug.,
1512 255 1922 321 Lallemandet‚
1947 255 2317 323 Martinonus,
2346 255 2624 312 Camblat.
2933 274 3056 327 950

432 447 534 503 tur
565 442 637 502 ad
672 443 926 521 primam
960 448 1022 502 et
1052 445 1371 519 utramque
1406 443 1721 503 secundam
1776 443 2145 503 obedientiae
2178 446 2432 513 exactae,
2472 443 2845 502 demissionis
2878 443 3064 502 animi

433 554 489 610 p.
524 533 801 592 Summae
833 531 1195 609 theologicae
1228 552 1271 591 s.
1292 533 1562 604 Thomas,
1596 535 1639 589 t.
1669 544 1722 593 1.
1776 533 2099 610 singularis
2149 537 2210 592 et
2240 531 2702 592 officiosissimae
2752 551 2894 608 erga
2938 549 3062 591 om-

433 618 710 699 Lugduni
736 629 895 686 1661
923 644 937 690 ;
971 625 1016 680 1.
1053 630 1106 683 2.
1128 621 1624 698 disputationum,
1657 622 1723 680 in
1775 640 1881 680 nes
1913 623 2203 681 caritatis.
2251 621 2566 681 Neminem
2596 640 2866 696 unquam
2898 621 3062 680 visus

433 712 652 789 quibus
702 710 994 779 Christus,
1045 710 1312 787 Deipara,
1359 713 1723 772 sacramenta
1777 714 1872 770 est
1891 712 2244 788 compellare
2263 711 2542 787 asperius,
2577 728 2935 787 operamque
2959 709 3062 769 da-

433 806 509 860 tr.
534 810 568 863 6
603 800 977 875 explicantur
995 800 1066 858 ad
1093 809 1149 863 3.
1168 820 1224 876 p.
1248 801 1522 860 Summae
1540 801 1721 859 theol.
1775 801 1882 859 bat
1913 802 2215 860 assiduam
2236 799 2547 860 audiendis
2567 817 2898 875 pauperum
2924 816 3062 858 con-

434 910 475 948 8-
507 890 779 959 Τὴῡῑῐὶῦθ,
825 889 906 947 ib·
955 889 1017 946 iu
1048 888 1086 946 f·
1139 899 1297 953 1661
1329 911 1342 960 ;
1401 899 1586 954 1676.
1634 923 1723 934 —
1776 889 2153 950 sessionibus.
2227 890 2370 949 Cum
2433 888 2931 948 elaboratissimas
2990 889 3063 946 (16

434 981 990 1039 Bonaventura
1023 977 1438 1056 Lingoniensis
1471 979 1535 1037 O.
1568 979 1720 1055 Gap„
1777 979 2180 1040 controversia
2211 979 2429 1038 celebri
2450 978 2830 1053 quaestiones
2861 977 3061 1036 misis-

435 1069 527 1127 vir
559 1068 772 1127 doctus
803 1086 869 1125 66
901 1067 1347 1143 perspicacioris
1380 1069 1723 1128 intellectus
1777 1071 1868 1127 set
1918 1070 2033 1128 alio
2093 1069 2354 1144 illaeque
2415 1085 2553 1126 casu
2601 1066 3061 1137 intercidissent,

436 1157 778 1217 subtilitate
827 1156 1078 1232 pollenS,
1130 1157 1493 1234 theologicas
1540 1158 1718 1216 disci·
1777 1174 1967 1234 aequo
2000 1158 2064 1216 id
2094 1158 2239 1216 tulit
2256 1156 2453 1216 animo
2471 1156 2737 1227 dicend0,
2765 1174 2946 1215 unam
2968 1173 3062 1215 36-

434 1246 632 1322 plinas
663 1264 768 1321 per
798 1247 1003 1320 plures
1036 1264 1221 1305 annos
1257 1246 1320 1304 in
1344 1266 1454 1306 sua
1482 1248 1722 1322 provin-
1776 1247 1964 1306 lutem
2014 1250 2312 1306 aeternam
2346 1245 2461 1305 sibi
2507 1245 2667 1304 cordi
2711 1263 2859 1314 esse,
2906 1249 3062 1304 cete-

437 1335 524 1394 cia
553 1335 880 1394 secundum
912 1353 955 1393 s.
976 1336 1430 1395 Bonaventurae
1461 1341 1724 1395 mentem
1778 1355 1982 1395 rorum
2003 1337 2268 1397 omnium
2292 1337 2592 1412 jacturam
2611 1353 2673 1394 se
2691 1334 2855 1393 flocci
2872 1334 3062 1394 facere

439 1423 779 1483 felicissime
810 1423 1098 1498 exposuit.
1131 1425 1357 1482 Auctor
1386 1429 1478 1484 est
1509 1425 1721 1500 operi8‚
1781 1422 1842 1507 (†
1878 1435 1933 1489 5.
1965 1426 2132 1485 Febr.
2175 1421 2387 1505 1662).
2446 1423 2805 1500 Theoloyiam
2835 1425 3064 1482 univcr-

440 1513 535 1571 cui
556 1513 802 1572 titulus:
835 1513 1247 1572 Bonaventura
1263 1514 1721 1585 Bonaventurae,
1778 1533 1906 1573 sam
1942 1525 1975 1577 5
2010 1519 2054 1574 t.
2085 1514 2477 1591 pertractavit
2507 1514 2682 1583 clare,
2715 1513 2976 1573 breviter
3005 1516 3066 1570 et

435 1602 557 1661 scil.
589 1603 1009 1661 Bonaventura
1039 1605 1100 1661 et
1123 1601 1374 1662 Thomas
1407 1603 1530 1662 sive
1551 1604 1722 1663 Sum·
1779 1606 2065 1676 accurate,
2097 1603 2303 1663 relatis
2324 1604 2550 1679 optima
2579 1601 2694 1660 fide
2724 1620 2832 1660 1166
2853 1601 3065 1660 minori

436 1709 531 1748 ma
560 1690 895 1768 theologica
914 1708 981 1748 ex
1014 1691 1293 1750 omnibus
1318 1692 1440 1750 fere
1472 1710 1548 1750 ss.
1571 1692 1723 1751 Tho·
1781 1692 2022 1751 solertia
2051 1692 2336 1751 discussis
2381 1693 2687 1751 doctorum
2734 1690 3062 1749 sententiis.

434 1798 563 1838 mae
610 1782 671 1838 et
709 1780 1166 1839 Bonaventurae
1210 1781 1443 1856 placitis
1489 1782 1725 1840 concin-
1780 1781 1970 1840 Priori
2014 1785 2056 1839 t.
2099 1780 2371 1858 disputat
2420 1781 2492 1841 de
2539 1781 2659 1839 Deo
2709 1781 2771 1837 et
2819 1779 3062 1856 angelis,

440 1871 600 1939 nata,
648 1869 807 1927 inter
839 1886 988 1943 (11163
1021 1870 1074 1927 31
1107 1869 1431 1944 611(111611(16
1451 1870 1725 1929 videatur
1781 1871 2149 1948 Burdegalae
2190 1881 2353 1933 1644
2388 1871 2451 1929 in
2480 1870 2553 1938 f.;
2605 1877 2660 1930 2.
2694 1868 2766 1927 de
2809 1867 2925 1927 fine
2970 1868 3063 1925 ul-

436 1974 561 2016 esse
593 1957 904 2028 dissensio,
931 1962 1037 2016 aut
1056 1958 1315 2036 benigna
1335 1959 1725 2035 explicatione
1779 1960 1924 2020 timo
1957 1978 2062 2019 seu
2081 1959 2469 2028 beatitudine,
2501 1959 2573 2016 de
2605 1957 2835 2015 actibus
2855 1957 3063 2015 huma-

437 2046 811 2122 componitur
840 2049 946 2105 aut
990 2047 1409 2123 problematica
1453 2048 1722 2124 disputa·
1778 2049 1891 2118 nie,
1924 2049 1997 2107 de
2028 2049 2285 2124 peccatis
2317 2050 2379 2106 et
2411 2048 2646 2124 legibus
2679 2049 2739 2104 et
2769 2045 2842 2104 de
2872 2045 3067 2121 gratia

434 2135 599 2195 tione
616 2135 962 2206 ventilatur,
992 2136 1499 2213 difficultatesque
1520 2157 1723 2197 omnes
1780 2133 1962 2219 (opus
1993 2133 2424 2217 posthumum),
2459 2136 2536 2194 ib.
2578 2144 2775 2203 16633
2830 2144 2883 2196 3.
2915 2154 2972 2210 p.
3016 2145 3064 2197 1.

435 2225 499 2282 111
531 2224 748 2284 scholis
778 2230 850 2282 ut
882 2225 1213 2300 plurimum
1264 2227 1481 2303 agitari
1514 2227 1725 2286 solitae
1779 2226 1853 2285 de
1885 2227 2017 2296 fide,
2066 2245 2167 2302 spe
2201 2228 2262 2283 et
2306 2225 2550 2283 caritate
2597 2223 2771 2302 (opus
2815 2222 3062 2297 posthu-

435 2312 508 2371 de
538 2316 739 2372 mente
769 2313 1012 2372 illorum
1043 2319 1382 2375 sanctorum
1414 2317 1724 2377 resolvun-
1779 2312 1988 2397 mum),
2022 2314 2404 2392 Augustoriti
2425 2314 2738 2372 Pictonum
2779 2321 2974 2378 1663;
3008 2331 3063 2386 p.

433 2406 551 2471 tur,
585 2402 865 2480 Lugduni
904 2413 1089 2467 1653.
1118 2414 1280 2469 1655
1316 2426 1370 2464 v.
1410 2415 1444 2468 3
1480 2406 1543 2464 in
1575 2407 1611 2462 f.
1637 2439 1723 2449 —
1783 2415 1842 2468 2.
1873 2404 1946 2462 (16
1971 2404 2213 2480 justitia
2245 2409 2305 2462 et
2328 2404 2464 2478 jure
2502 2407 2564 2461 et
2594 2399 2841 2476 reliquis
2871 2401 3064 2460 virtu-

436 2492 640 2550 Alium
671 2510 908 2550 cursum
938 2494 1302 2571 theoloyicum
1334 2495 1529 2570 coepit
1542 2494 1722 2553 Joan·
1779 2495 1944 2552 tibus
1979 2493 2300 2552 moralibus
2323 2489 2498 2574 (opus
2519 2491 2951 2568 posthumum),
2985 2489 3061 2547 ib.

434 2600 541 2640 nes
574 2581 1075 2641 Lalemandet
1108 2582 1171 2642 Ο.
1195 2583 1418 2642 Minim.
1454 2602 1498 2642 s.
1519 2585 1723 2647 Franc.
1788 2593 1989 2654 1663;
2024 2592 2079 2645 4.
2113 2581 2185 2641 (16
2215 2581 2621 2642 incarnatione
2641 2582 2704 2639 et
2734 2598 3064 2639 sacramen-

436 2670 508 2728 de
542 2671 739 2739 Paula,
781 2671 1137 2741 Pisontinus,
1159 2673 1529 2748 aliquamdiu
1545 2674 1723 2732 Vien-
1780 2674 1879 2743 tis,
1913 2673 2282 2749 Burdegalae
2322 2681 2521 2740 16453
2567 2680 2620 2731 5.
2653 2670 2726 2727 de
2756 2669 3063 2743 poeniten-

437 2777 546 2818 nae
596 2759 927 2836 theologiae
976 2754 1272 2836 professor
1322 2758 1382 2843 (†
1439 2773 1534 2826 10.
1576 2764 1723 2822 Nov.
1779 2763 1865 2821 tia
1896 2766 1957 2821 et
1987 2761 2235 2837 reliquis
2284 2760 2664 2819 sacramentis
2708 2759 2896 2832 deque
2929 2776 3063 2816 cen-

444 2844 658 2928 1647),
692 2849 756 2906 111
788 2867 907 2925 (1116
933 2849 1214 2909 discussis
1245 2851 1385 2911 hinc
1415 2850 1553 2910 inde
1572 2852 1723 2910 Tho·
1779 2852 1939 2911 suris
1972 2850 2402 2919 ecclesiasticis,
2437 2850 2516 2911 ib.
2558 2857 2740 2911 1646.
2783 2846 3066 2924 Vulgavit

437 2936 749 2996 mistarum
814 2942 873 2996 et
929 2939 1325 2999 Scotistarum
1387 2941 1725 3017 praecipuis
1780 2959 2020 3016 quoque
2083 2940 2196 2998 sub
2258 2938 2497 2997 nomine
2568 2936 3067 3015 anagrammatico

435 3025 840 3085 fundamentis
860 3026 1116 3087 decisiva
1142 3029 1438 3088 sententia
1457 3048 1720 3104 pronun·
1780 3029 2026 3089 Antonii
2057 3029 2163 3087 Mo
2180 3048 2256 3087 ra
2274 3028 2396 3087 ine
2414 3046 2441 3086 s
2483 3046 2632 3103 opus
2675 3025 3065 3085 utilissimum

438 3114 646 3184 ciatur,
682 3116 959 3193 Lugduni
1000 3126 1164 3181 1656
1200 3118 1263 3175 111
1293 3118 1332 3175 f.
1367 3118 1725 3177 Prodierunt
1779 3118 2196 3194 communique
2226 3117 2597 3176 eruditorum
2643 3114 3067 3191 approbatione

436 3204 673 3263 tantum
705 3207 748 3264 t.
791 3217 841 3267 1.
875 3209 938 3264 et
972 3215 1026 3266 2.
1062 3206 1134 3265 de
1151 3208 1270 3265 Deo
1303 3226 1423 3266 uno
1456 3211 1516 3266 et
1546 3208 1721 3267 trino.
1779 3210 1841 3266 et
1885 3207 2189 3266 nonnullis
2238 3206 2582 3282 praesulum
2631 3202 2843 3278 elogiis
2894 3221 3064 3262 orna·

439 3292 691 3367 Scripsit
709 3312 947 3369 quoque
975 3296 1286 3355 decisiones
1300 3293 1726 3372 philosophicas
1778 3299 1941 3355 tum:
1995 3296 2488 3354 Anti-Jansenius
2520 3294 2575 3354 h.
2609 3312 2657 3354 6.
2691 3292 2942 3350 selectae
2975 3290 3064 3349 di-

441 3391 476 3443 3
511 3401 608 3457 pp.
640 3383 928 3441 Monachii
988 3394 1168 3448 1645.
1210 3394 1394 3455 1646,
1446 3405 1598 3461 (11166
1630 3405 1723 3444 re·
1779 3385 2150 3463 sputationes
2171 3384 2242 3442 de
2268 3382 2498 3441 haeresi
2520 3379 2853 3458 pelagiana,
2888 3379 3062 3437 semi-

438 3487 615 3528 cusae
644 3470 809 3530 fuere
855 3473 968 3529 sub
1011 3472 1194 3533 titulo
1240 3493 1447 3533 cursus
1467 3476 1724 3548 philoso-
1778 3474 2093 3551 pelagiana
2125 3472 2313 3546 deque
2345 3471 2523 3529 variis
2566 3470 2824 3528 statibus
2857 3469 3062 3526 huma·

428 3559 639 3633 phicus
669 3561 1066 3636 complectens
1112 3564 1346 3638 lateque
1398 3564 1725 3623 discutiens
1779 3583 1890 3622 nae
1935 3567 2185 3619 naturae
2229 3562 2290 3618 61
2328 3559 2402 3618 (16
2445 3559 2641 3637 gratia
2672 3558 2890 3618 Christi
2937 3556 3062 3614 Sal-

437 3649 870 3708 controversias
902 3668 1101 3711 omnes
1122 3672 1155 3711 a
1185 3652 1393 3727 logicis
1414 3654 1721 3727 metaphy·
1779 3650 2023 3718 vator-is,
2057 3650 2122 3708 in
2152 3650 2372 3724 quibus
2391 3667 2530 3707 vera
2547 3648 2620 3706 de
2651 3647 2774 3705 illis
2795 3645 3066 3705 doctrina

441 3735 697 3812 sicisque
718 3739 931 3815 agitari
953 3740 1170 3809 solitas,
1203 3741 1553 3816 praesertim
1574 3759 1724 3815 quae
1780 3739 2139 3815 proponitur
2183 3741 2246 3796 et
2288 3738 2454 3797 Corn.
2486 3735 2760 3796 Jansenii
2809 3733 3066 3808 iprensis

438 3825 837 3898 thomisticae,
902 3829 1151 3901 scoticae
1212 3832 1273 3887 et
1333 3830 1726 3888 nominalium
1780 3829 1929 3887 falsa
1960 3827 2243 3904 dogmata
2274 3825 2630 3896 refutantur,
2664 3824 2934 3882 Lutetiae
2954 3823 3065 3881 Pa-

438 3916 658 3974 scholis
680 3916 954 3975 sudorem
975 3919 1131 3977 cient
1147 3912 1213 3999 ¹),
1247 3919 1530 3994 Lugduni
1557 3927 1721 3982 1656
1778 3917 2060 3977 risiorum
2099 3925 2266 3978 1652
2314 3916 2377 3974 111
2409 3916 2446 3973 f.
2491 3916 2752 3973 Alteram
2802 3915 3066 3971 auctam-

438 4005 503 4062 in
533 4006 570 4062 f.
606 4000 712 4087 (m.
736 4002 862 4087 45).
889 4040 967 4049 —
990 4006 1250 4065 Joannes
1276 4008 1725 4068 Martinonus
1781 4026 1898 4082 que
1929 4023 2145 4082 parans
2176 4005 2264 4063 ed.
2285 4006 2559 4063 mortuus
2591 4006 2696 4061 est.
2730 4002 2875 4061 Cum
2904 4020 2972 4060 eo
3001 4001 3067 4059 in

440 4095 494 4151 S.
528 4093 566 4152 J
573 4138 604 4163 .,
638 4097 815 4169 gente
846 4095 1170 4164 Arvernus,
1204 4096 1396 4170 patria
1419 4097 1724 4155 Privaten-
1782 4115 1956 4173 opere
2006 4097 2214 4154 auctor
2264 4093 2611 4162 contendat,
2674 4091 2739 4150 in
2787 4092 3064 4168 pluribus

440 4182 540 4251 sis,
575 4182 905 4259 theologiae
924 4184 1225 4260 magister,
1261 4204 1438 4259 quam
1470 4185 1618 4243 totis
1642 4195 1722 4247 20
1781 4184 2193 4261 Augustinum
2214 4184 2543 4253 excessisse,
2577 4200 2684 4241 seu
2704 4186 2777 4239 ut
2796 4181 3067 4255 loquitur

439 4270 710 4330 6111113111
756 4272 1003 4349 collegio
1046 4273 1457 4350 burdigalensi
1501 4273 1727 4349 profes·
1782 4292 1827 4331 s.
1875 4268 2508 4351 Bonaventura¹)‚
2560 4270 2693 4347 plus
2743 4269 2960 4327 dixisse
3005 4272 3067 4327 et

439 4377 541 4418 sus
572 4363 681 4428 est,
715 4378 821 4419 suo
862 4364 1130 4438 tempore
1170 4361 1287 4419 fuit
1318 4362 1563 4422 celeber.
1613 4362 1725 4423 Sed
1781 4362 1983 4420 minus
2045 4361 2307 4420 voluisse
2367 4359 2645 4435 intelligi,
2709 4357 2972 4434 graviter
3033 4377 3066 4414 a

439 4466 558 4507 non
590 4449 790 4508 minus
820 4450 1063 4520 virtute,
1115 4470 1294 4527 quam
1326 4451 1595 4511 doctrina
1626 4471 1724 4511 ex·
1782 4445 2164 4531 Norisi02)
2195 4449 2312 4507 fuit
2359 4449 2764 4523 impugnatus.
2798 4478 2884 4489 —-
2916 4446 3062 4504 Bar-

439 4537 661 4595 celluit.
719 4536 860 4597 Fuit
890 4539 1048 4597 enim
1082 4540 1306 4617 rigidae
1340 4541 1725 4616 paupertatis,
1782 4540 2153 4599 tholomaeus
2186 4538 2536 4596 Camblat
2579 4555 2646 4595 ex
2679 4553 2879 4611 congr.
2929 4535 3064 4593 doc-

521 4746 559 4813 ¹)
585 4743 643 4798 C.
672 4742 908 4799 Werner
951 4744 1148 4801 Gesch.
1193 4744 1289 4798 dar
1330 4744 1385 4797 k.
1425 4742 1619 4797 Theoi.
1665 4743 1726 4796 in
1861 4749 1898 4809 ι)
1926 4744 1991 4797 111
2017 4748 2049 4799 2
2078 4742 2132 4797 (1.
2157 4747 2228 4801 33
2254 4758 2303 4797 a.
2330 4746 2364 4799 3
2393 4758 2448 4808 q.
2475 4745 2502 4796 1
2536 4740 2628 4797 ad.
2655 4745 2703 4796 1.

440 4812 727 4870 Deutschl.
756 4834 811 4885 p.
837 4820 924 4873 62.
1858 4820 1897 4881 ι)
1925 4815 1991 4868 111
2020 4813 2285 4868 vindiciis
2311 4815 2538 4882 august.
2565 4828 2612 4865 6.
2637 4815 2671 4867 3
2698 4820 2724 4878 ε
2749 4816 2782 4868 2
2804 4828 2873 4867 ss.
