3625 5193
444 337 607 391 1157

1528 318 1790 374 Urbanus
1815 319 1965 382 Vm,

2807 370 2814 375 -
2900 337 3067 393 1158

432 504 595 563 ricus
642 506 711 564 de
754 506 1063 582 disciplina
1110 508 1173 564 in
1218 505 1726 565 administratione
1788 506 1984 581 Opera
2006 502 2411 589 posthuma¹):
2452 517 2502 569 1.
2525 507 2596 565 de
2616 507 3069 566 catechumeno—

426 597 788 653 sacramenti
823 596 1209 669 poenitentiae
1256 604 1330 657 13
1380 595 1589 670 primis
1634 612 1722 653 se·
1782 616 1918 655 rum
1952 597 2303 672 expiatione,
2351 597 2524 671 cujus
2570 596 2710 654 dise.
2758 595 3070 670 impressio

427 684 584 742 culis
618 684 681 742 in
711 684 973 743 Ecclesia
1004 683 1354 744 occidentali
1385 685 1446 742 et
1476 684 1593 743 huc
1624 702 1725 742 us-

434 792 549 848 que
581 772 644 830 in
674 772 949 832 orientali
980 773 1293 833 observata
1322 772 1388 831 in
1427 784 1501 837 10
1539 774 1600 831 n.
1634 773 1724 831 di—

436 862 709 921 stinctae.
742 862 851 921 His
880 863 1106 921 inserta
1136 863 1295 933 sunt,
1328 881 1481 937 quae
1511 861 1724 921 Judaei

436 950 675 1027 antiqui
694 954 755 1010 et
774 951 1130 1010 recentiores
1150 951 1402 1009 tradunt
1426 951 1499 1009 de
1520 951 1724 1027 poeni-

435 1040 645 1110 tentia,
693 1040 769 1098 ib.
811 1050 967 1104 1651
1024 1040 1088 1098 in
1118 1040 1155 1098 f.
1189 1039 1394 1120 (editio
1441 1036 1724 1123 optima);

435 1128 811 1205 Antwerpiae
836 1138 1033 1201 16823
1066 1129 1364 1188 Bruxellis
1389 1138 1414 1190 1
1431 1138 1582 1201 6873
1612 1128 1725 1188 Ve-

433 1217 616 1277 netiis
643 1228 668 1280 1
687 1227 806 1280 702
833 1239 847 1289 ;
880 1236 1029 1295 opus
1061 1217 1249 1277 studii
1274 1225 1354 1281 30
1387 1237 1438 1279 a.
1470 1219 1722 1289 sructuS,

435 1307 737 1366 eruditum
758 1307 1018 1384 quidem,
1055 1346 1083 1377 ,
1099 1307 1280 1366 sedin
1300 1326 1417 1382 quo
1447 1306 1722 1382 frequen-

435 1398 528 1454 ter
559 1396 852 1455 desideres
868 1396 1288 1456 rectitudinem
1309 1396 1620 1467 ratiocinii,
1654 1398 1726 1454 ut

431 1488 743 1560 postquam
786 1487 963 1562 plura
1009 1485 1244 1563 legeri8‚
1296 1485 1451 1544 nihil
1482 1487 1721 1545 tandem

426 1573 642 1633 habeas
674 1573 834 1649 quod
857 1592 993 1633 cum
1014 1575 1372 1634 certitudine
1391 1578 1594 1634 teneas
1613 1570 1676 1657 ¹).
1692 1582 1720 1614 ‘

431 1662 622 1730 Quare
669 1661 961 1738 quaedam
1007 1664 1187 1723 etiam
1236 1682 1504 1723 censores
1549 1666 1720 1724 nota-

427 1755 604 1821 runt,
646 1758 798 1827 quae
831 1752 894 1810 in
926 1753 1253 1828 praemissa
1297 1752 1720 1813 retractatione

422 1840 683 1916 explicat
716 1841 812 1899 vel
833 1841 1097 1918 corrigit.
1131 1854 1219 1884 —‘
1251 1842 1721 1901 Commentarius

425 1928 750 1988 historicus
783 1947 848 1987 ac
881 1930 1252 2007 dogmaticus
1288 1932 1358 1989 de
1390 1933 1578 1989 sacris
1603 1930 1718 1990 Ec-

428 2018 632 2076 clesiae
678 2019 1137 2078 ordinationibus
1183 2018 1514 2078 secundum
1564 2018 1718 2078 anti·

418 2125 581 2180 -quos
614 2110 674 2165 et
714 2107 1088 2179 recentioreS‚
1136 2107 1398 2179 LatinOS,
1448 2108 1717 2177 GraecOS‚

429 2194 609 2270 Syros
657 2199 718 2254 et
759 2196 1144 2272 Babylonios,
1195 2198 1261 2255 in
1310 2215 1427 2272 quo
1478 2194 1720 2256 demon-

426 2286 655 2342 stratur
702 2284 1084 2344 orientalium
1131 2285 1536 2344 ordinationes
1581 2304 1719 2344 con-

424 2371 581 2430 ciliis
614 2374 994 2449 generalibus
1035 2376 1094 2432 et
1127 2375 1377 2433 summis
1421 2374 1718 2451 pontifici-

422 2460 538 2519 bus
571 2462 644 2519 ab
677 2462 851 2521 initio
874 2462 1213 2522 schismatis
1246 2463 1310 2522 in
1341 2465 1498 2522 hunc
1527 2481 1720 2539 usque

416 2549 582 2609 diem
616 2550 800 2611 fuisse
822 2552 1101 2628 probatas
1123 2553 1251 2625 ete,
1274 2552 1518 2612 Parisiis
1549 2561 1713 2615 1655

423 2639 489 2697 in
520 2639 577 2709 f.,
630 2659 781 2716 opus
814 2641 1008 2716 priore
1055 2642 1405 2719 diligentius
1452 2642 1718 2702 elabora-

423 2733 556 2787 tum
588 2733 651 2788 et
683 2729 999 2807 digestum,
1039 2730 1378 2790 eruditione
1410 2731 1718 2791 refertum.

500 2937 541 3000 ¹)
559 2933 648 2986 lta
662 2933 817 2987 haud
832 2934 1117 2991 immerito
1134 2936 1399 2990 Palmieri
1416 2937 1486 2991 de
1505 2937 1717 3007 poenit.

1781 685 1957 745 initio
1987 703 2108 746 non
2140 685 2262 745 fuit
2302 685 2623 761 permissa;
2673 693 2729 747 2.
2762 684 2833 743 de
2878 702 3070 743 sacra·

1781 777 1983 833 mento
2004 773 2496 844 confirmationis;
2533 781 2587 836 3.
2620 772 2692 831 de
2712 773 3070 833 contritione

1782 867 1846 923 et
1877 864 2203 926 attritione.
2235 863 2627 922 Accesserunt
2655 863 2850 921 Lucae
2881 862 3068 922 Hol-

1782 971 1809 1011 s
1824 961 1854 1011 t
1867 972 1898 1012 e
1914 952 2028 1011 nii
2060 952 2508 1011 dissertationes
2527 951 2678 1010 duae
2703 950 2775 1009 de
2794 951 3069 1011 ministro

1781 1043 1845 1100 et
1876 1041 2065 1102 forma
2078 1041 2426 1100 sacramenti
2440 1040 2679 1100 confirm
2686 1040 2901 1099 ationis
2912 1040 3070 1116 apud

1781 1148 2055 1209 graecos,
2106 1130 2351 1189 Parisiis
2392 1137 2467 1192 17
2478 1138 2557 1192 03
2610 1129 2676 1186 in
2724 1139 2779 1191 4.
2830 1147 2970 1187 cura
3002 1130 3065 1192 P.

1780 1219 2025 1279 Moret
2059 1219 2217 1282 Orat.
2249 1218 2587 1279 Nonnullae
2631 1217 2896 1294 ejusdem
2942 1218 3066 1293 epi-

1782 1308 1970 1368 stolae
2002 1308 2074 1367 de
2092 1307 2275 1367 variis
2307 1306 2693 1383 antiquitatis
2712 1306 3066 1365 ecclesiasti-

1780 1416 1881 1456 cae
1927 1396 2299 1474 argumentis
2349 1396 2730 1472 reperiuntur
2779 1395 2843 1454 in
2890 1414 3067 1470 opere

1780 1487 2029 1545 collecto
2078 1506 2112 1545 a
2160 1485 2224 1543 R.
2277 1485 2423 1544 Sim
2443 1479 2627 1565 on²):
2679 1484 3066 1561 Antiquitates

1779 1575 2041 1635 ecclcsiae
2070 1575 2368 1634 orientalis
2416 1572 2876 1632 clarissimorum
2906 1572 3064 1632 viro-

1778 1684 1914 1723 rum
1935 1663 2204 1740 epistolis
2225 1662 2585 1734 enucleatae,
2603 1661 2854 1721 Londini
2882 1671 3066 1733 1682;

1777 1753 2011 1830 Lipsiae
2043 1756 2104 1812 et
2134 1752 2508 1812 Francofurti
2548 1760 2749 1822 16833
2801 1752 3068 1826 epistolae

1775 1846 1986 1916 septem
2031 1841 2105 1900 ad
2137 1842 2390 1901 Leonem
2437 1840 2732 1900 Allatium
2779 1839 2850 1898 de
2895 1856 3066 1917 grae-

1777 1949 1980 1991 corum
2009 1930 2272 1989 basilicis
2305 1932 2541 1988 exstant
2572 1931 2616 1987 t.
2659 1940 2710 1991 1.
2745 1929 2938 2004 operis
2969 1929 3062 1987 in-

1777 2020 2016 2095 scripti:
2066 2019 2472 2077 Continualion
2517 2019 2616 2076 des
2647 2017 2954 2076 Memoires
2999 2018 3068 2075 de

1776 2110 2100 2167 litterature
2125 2114 2176 2166 et
2207 2107 2266 2164 d'
2283 2106 2538 2183 histoire,
2589 2106 2835 2165 Parisiis
2875 2117 2901 2168 1
2919 2115 3062 2169 730.

1776 2230 1861 2241 —-
1896 2197 1978 2256 De
2010 2197 2140 2272 ejus
2174 2192 2264 2277 (et
2293 2194 2520 2253 Nobilii
2554 2194 2623 2252 cf.
2655 2214 2713 2271 p.
2750 2189 2901 2275 263)
2935 2213 3065 2252 me-

1774 2285 1911 2344 ritis
1959 2286 2024 2344 in
2074 2284 2332 2343 editione
2380 2284 2852 2359 fragmentorum
2909 2282 3064 2341 Hex-

1775 2376 1946 2450 aplae
1978 2374 2050 2435 cf.
2081 2372 2250 2432 Field
2294 2374 2358 2431 in
2389 2373 2612 2450 proleg.
2651 2376 2697 2436 t.
2729 2372 2774 2430 Ι.
2807 2371 2894 2431 ed.
2931 2371 3062 2430 Ori·

1775 2463 1946 2541 genis
1978 2463 2275 2539 Hexaplae
2308 2461 2519 2521 Oxonii
2560 2468 2744 2525 1875.

1854 2654 1893 2722 ¹)
1920 2649 2002 2706 Of.
2040 2651 2108 2705 de
2147 2651 2236 2705 his
2277 2653 2557 2706 Menoe-ea
2586 2668 2733 2720 pour
2772 2651 2811 2705 l’
2825 2652 3065 2705 Histoire

1774 2726 1864 2779 des
1890 2726 2124 2778 Scicnces
2149 2732 2198 2777 et
2234 2726 2323 2777 dee
2355 2725 2527 2777 beaux
2551 2726 2684 2777 Arte
2723 2737 2774 2776 a.
2802 2724 2941 2778 1703
2968 2720 3061 2785 ΙΙΙ,

1776 2797 2150 2858 1605-1628,
2165 2794 2265 2848 ubi
2286 2793 2355 2846 de
2375 2793 2545 2846 tertio
2565 2794 2817 2846 tractatu
2839 2791 3062 2856 dicitur,

1775 2883 1903 2920 eum
1942 2881 2060 2919 esse
2100 2864 2407 2920 admodum
2450 2864 2754 2918 confusum
2793 2864 2851 2916 et
2891 2862 3064 2916 infor-

1773 2953 1954 2997 mem:
1981 2936 2052 2991 de
2078 2937 2256 2991 altero
2283 2952 2437 3000 vero,
2469 2952 2599 2989 eum
2628 2952 2743 2989 esse
2768 2932 3060 3004 imperfec-

414 3005 485 3058 *in
512 3005 758 3074 append.
787 3004 855 3059 de
894 3004 1116 3077 indulg.
1144 3017 1171 3074 ἓ
1196 3013 1246 3073 2,
1288 3008 1390 3076 qui
1414 3008 1576 3062 illum
1602 3025 1716 3062 sae·
1772 3010 1914 3070 tum,
1943 3024 2071 3060 cum
2097 3009 2236 3079 agat
2259 3008 2487 3061 tantum
2521 3006 2590 3060 de
2616 3004 3062 3060 confirmationis

426 3076 558 3146 pius
599 3074 852 3146 corrigit.
898 3076 1148 3159 ‚Perrone
1185 3079 1246 3131 in
1291 3078 1407 3133 suis
1449 3078 1711 3148 praelect.
1772 3077 2033 3133 ministro
2053 3082 2132 3159 ‚et
2159 3078 2416 3142 materia,
2453 3077 2621 3131 uffilia
2661 3080 2852 3131 tamen
2892 3077 3062 3146 plura

422 3147 596 3207 theol,
638 3147 705 3200 de
745 3151 958 3216 poenit.
998 3166 1045 3204 c.
1085 3153 1117 3206 2
1157 3166 1316 3219 prop.
1345 3155 1379 3207 3
1418 3150 1478 3203 in
1521 3152 1714 3204 annot.
1770 3150 2085 3220 complecti.

424 3219 499 3272 ad
523 3238 577 3273 n.
602 3221 672 3299 99
697 3219 944 3274 advertit
967 3237 1112 3282 „non
1138 3220 1258 3275 eine
1278 3222 1473 3290 aliquo
1496 3221 1714 3276 delectu
1864 3224 1904 3294 ²)
1949 3220 2174 3289 Adiecit
2215 3220 2281 3276 R.
2325 3221 2361 3275 S
2378 3221 2473 3273 im
2490 3235 2574 3273 on
2619 3222 2830 3299 Morini
2874 3221 3055 3288 vitam,

422 3290 737 3345 doctiss1mi
763 3290 871 3344 viri
898 3308 1068 3361 opera
1100 3293 1214 3363 legi
1240 3292 1489 3348 debere.“
1533 3292 1714 3347 Feller
1769 3309 1945 3361 quam
1986 3294 2177 3346 tamen
2210 3291 2307 3344 alii
2344 3292 2593 3359 satyram
2634 3291 2827 3359 potius
2855 3305 3057 3342 vocan-

422 3362 517 3425 VI,
546 3366 666 3420 167·
756 3396 760 3402 -
1769 3362 1902 3417 dam
1930 3379 2047 3418 esse
2073 3365 2320 3418 censent.

1138 3651 1286 3748 VI.
1352 3650 1844 3771 Theologia
1906 3649 2335 3771 practica.

516 3896 656 3950 506.
691 3886 821 3944 Duo
869 3885 944 3944 ad
993 3887 1145 3945 hanc
1190 3886 1499 3963 periodum
1546 3905 1707 3963 spec·
1769 3886 1967 3945 sedem
2013 3885 2087 3944 ad
2137 3893 2236 3947 29.
2268 3883 2392 3944 Jul.
2439 3893 2623 3946 1644.
2673 3884 2839 3942 Inter
2883 3887 3052 3959 gesta

423 3976 558 4032 tant
591 3973 1045 4049 pontificeS,
1073 3994 1327 4051 quorum
1348 3975 1573 4051 primus
1594 3976 1711 4035 fuit
1765 3975 2046 4034 memoria
2094 3974 2286 4051 magis
2337 3973 2516 4050 digna
2563 3972 2769 4031 referri
2830 3971 3053 4032 debent

421 4062 471 4119 U
489 4082 519 4120 r
532 4064 572 4120 b
590 4084 623 4121 a
640 4082 680 4121 n
697 4083 739 4122 u
756 4082 782 4122 s
796 4063 951 4126 VIII.
971 4065 1166 4122 Natus
1186 4067 1280 4123 est
1295 4063 1479 4122 nobili
1494 4083 1709 4139 genere
1765 4063 2098 4123 emendatio
2118 4062 2551 4139 martyrologii,
2579 4062 2819 4121 ritualia
2840 4064 2900 4120 et
2918 4063 3050 4120 bre-

427 4150 693 4210 Maffeius
711 4152 1095 4223 BarbarinuS,
1130 4172 1262 4210 nam
1297 4153 1384 4211 ita
1403 4158 1577 4211 antea
1606 4171 1708 4213 vo·
1765 4152 1971 4211 viarii:
1993 4171 2194 4211 verum
2214 4152 2279 4210 in
2296 4152 2533 4228 hymnis
2552 4150 2909 4227 refingendis
2930 4168 3050 4208 non

425 4239 685 4308 cabatur‚
718 4241 1049 4301 Florentiae
1077 4250 1261 4304 1568.
1295 4242 1509 4300 Romae
1529 4243 1590 4299 et
1608 4241 1707 4299 Pi·
1766 4241 2042 4299 omnibus
2076 4240 2311 4312 arrisit3
2357 4240 2629 4299 fundatio
2670 4238 2906 4314 collegii
2939 4238 3047 4295 Ur-

424 4327 505 4385 sis
538 4328 757 4387 studiis
804 4330 1078 4388 incubuit
1124 4333 1305 4406 atque
1338 4330 1616 4388 inclaruit
1644 4330 1709 4387 in
1764 4329 1908 4387 bani
1940 4347 2043 4404 pro
2074 4330 2455 4406 propaganda
2486 4328 2617 4398 fide,
2667 4324 3049 4386 constitutio-

422 4415 587 4490 poesi
616 4421 744 4475 tam
789 4422 1025 4477 etrusca
1068 4438 1246 4492 quam
1291 4418 1493 4478 latina.
1538 4418 1706 4477 Post·
1765 4436 1869 4476 nes
1890 4437 1997 4493 pro
2019 4423 2359 4477 sanctorum
2389 4415 2848 4482 canonizatione,
2883 4413 3048 4471 dam-

424 4524 602 4580 quam
622 4508 785 4565 varia
804 4506 1033 4567 obierat
1051 4526 1299 4567 munera
1318 4506 1706 4584 legationem·
1763 4506 1930 4565 natio
1962 4508 2156 4583 operis
2187 4506 2472 4576 Jansenii,
2508 4504 2667 4580 quod
2699 4502 3050 4561 inscribitur

414 4612 541 4668 ¹que
573 4594 777 4654 binam
806 4596 881 4655 ad
898 4597 1222 4656 Henricum
1242 4595 1337 4655 IV.
1373 4595 1594 4655 Galliae
1614 4615 1707 4655 re·
1762 4597 2126 4673 Auyustinus
2170 4598 2278 4657 etc.
2312 4595 2529 4653 Urbem
2575 4590 2904 4668 splendidis
2951 4608 3046 4649 or—

422 4701 558 4758 gem
577 4727 590 4754 ,
644 4686 877 4743 creatus
925 4689 1015 4744 est
1067 4683 1380 4745 cardinalis
1429 4704 1478 4746 a.
1538 4695 1703 4748 1606
1763 4685 1936 4743 navit
1966 4683 2264 4754 aedificiiS,
2297 4680 2592 4741 codicibus
2622 4679 2848 4757 graecis
2881 4697 3048 4737 suam

418 4771 766 4848 electusque
812 4773 874 4831 in
921 4774 1189 4852 Gregorii
1232 4774 1352 4834 XV.
1404 4791 1706 4833 successo·
1764 4772 2155 4849 locupletavit
2202 4770 2635 4832 bibliothecam.
2686 4769 2867 4828 Gesta
2916 4768 3048 4844 ejus

420 4879 548 4919 rem
585 4872 638 4925 6.
660 4863 813 4940 Aug.
856 4872 1041 4928 1623.
1074 4863 1291 4924 Tenuit
1323 4864 1706 4939 apostolicam
1762 4862 2006 4939 politica
2054 4859 2604 4937 praetermittimus.
2679 4859 2864 4935 Major
2911 4875 3049 4933 pars

2623 4961 2690 5014 37
2706 4960 2725 4978 “
