3625 5193
963 271 1177 336 Corhie,
1203 270 1506 337 Malonius‚
1533 270 1731 337 Knott‚
1757 268 2123 333 Kellisonius,
2148 268 2307 321 Vane
2334 270 2441 322 etc.
2834 282 3000 336 1010

387 290 556 343 1009

382 458 575 515 varios
605 456 913 517 ministros
946 457 1305 533 anglicanos,
1341 458 1471 513 tum
1502 473 1667 516 occa-
1722 476 1857 515 rum
1889 472 2155 513 remense
2200 452 2532 530 collegium.
2583 450 2730 508 Inde
2763 452 3004 509 Romam

381 545 548 604 sione
638 546 1071 605 controversiae
1159 563 1294 604 cum
1380 544 1666 604 Richardo
1723 544 1942 603 missus
1989 542 2190 602 studia
2238 546 2369 601 tum
2417 540 2828 616 philosophica
2874 543 3002 598 tum

381 634 650 703 Smith,
699 635 803 709 qui
834 653 1079 693 munere
1125 634 1384 710 delegati
1434 637 1667 710 aposto·
1723 632 2052 710 theologica
2095 632 2160 691 in
2192 649 2333 690 suae
2377 630 2577 706 gentis
2623 628 2870 705 collegio
2903 629 3006 686 ab·

383 724 482 781 lici
514 742 622 799 per
652 723 929 800 Angliam
963 723 1237 801 fungens,
1272 724 1565 800 exigebat,
1599 727 1671 782 ut
1726 722 1924 784 solvit.
1957 720 2299 780 Sacerdotio
2339 721 2616 795 suscepto
2660 718 2725 775 in
2756 717 3005 776 Galliam

378 830 501 871 non
550 813 820 871 obstante
869 812 1277 888 persecutione
1293 857 1307 883 ,
1369 813 1670 889 regulares
1725 812 1904 870 rediit
1934 813 1996 869 et
2024 810 2245 886 partim
2264 808 2459 868 Remis
2489 808 2709 884 partim
2730 807 2912 866 Duaci
2944 808 3006 865 in

383 901 605 976 absque
655 900 916 977 delegati
967 900 1384 977 jurisdictione
1444 901 1667 960 confes·
1726 901 2058 978 Anglorum
2090 898 2337 976 collegio
2384 895 2746 973 theologiam
2780 896 3004 954 schola-

382 990 594 1063 siones,
628 990 896 1048 fidelium
942 1008 1064 1049 non
1113 989 1464 1066 exciperent.
1515 990 1670 1049 Huic
1727 990 1933 1049 sticam
1982 1007 2090 1065 per
2150 1006 2333 1046 annos
2382 986 2605 1045 multos
2655 985 2874 1046 docuit.
2938 987 3007 1044 In

380 1079 690 1154 postulato
720 1079 988 1138 Jesuitae
1019 1078 1388 1138 obsistebant
1418 1078 1665 1137 faculta-
1725 1077 2120 1138 universitate
2179 1075 2431 1136 remensi
2508 1074 2807 1150 publicam
2868 1075 3007 1133 dein

376 1172 621 1243 temque
667 1167 782 1226 sibi
830 1168 1216 1227 vindicabant
1260 1167 1318 1228 vi
1369 1167 1668 1243 privilegii
1724 1166 2056 1243 theologiae
2087 1165 2424 1224 cathedram
2455 1164 2722 1223 ascendit
2744 1167 2924 1239 atque
2956 1185 3006 1227 a.

380 1256 687 1331 apostolici
705 1257 1097 1316 irrestrictam
1117 1255 1550 1316 confessionum
1570 1275 1664 1315 ex·
1732 1267 1898 1320 1606
1933 1255 2320 1315 cancellarius
2358 1253 2725 1313 academicus
2769 1271 3004 1329 praese-

381 1344 786 1420 cipiendarum
801 1341 868 1427 ¹).
918 1379 1005 1390 —-
1056 1346 1257 1422 Magni
1316 1345 1669 1404 aestimatur
1723 1346 1834 1405 dit.
1865 1345 1958 1404 Ab
1991 1365 2043 1403 a.
2069 1353 2236 1407 1613
2270 1362 2459 1419 usque
2487 1342 2560 1399 ad
2592 1362 2642 1400 a.
2669 1351 2856 1416 1641,
2890 1361 3006 1417 quo

375 1453 601 1509 parvus
632 1434 874 1493 libellus
906 1435 1204 1493 Ambrosii
1241 1434 1513 1493 Corbie
1543 1435 1666 1493 Du·
1724 1433 1995 1503 decessit,
2032 1434 2214 1492 Duaci
2247 1431 2562 1509 collegium
2583 1431 2879 1507 anglicum
2914 1451 3006 1489 re·

378 1523 700 1582 nelmensis
735 1520 798 1605 (†
837 1534 932 1584 11.
966 1525 1107 1599 Apr.
1136 1522 1332 1604 1649)
1370 1524 1668 1582 Certamen
1725 1524 1827 1583 xit.
1891 1523 2068 1581 Plura
2135 1520 2387 1597 reliquit
2446 1520 2519 1579 de
2588 1521 3006 1580 controversiis

379 1613 595 1684 triplex
625 1631 659 1670 a
688 1613 887 1670 tribus
920 1613 974 1670 S.
993 1612 1051 1670 «1.
1087 1612 1491 1672 sacerdotibus
1512 1613 1667 1671 Tho·
1724 1608 1983 1694 operal),
2031 1613 2188 1671 sicut
2236 1611 2415 1669 etiam
2464 1604 2679 1690 (raros)
2728 1628 3008 1668 commen·

378 1721 476 1758 ma
506 1700 913 1771 Holland0‚
953 1701 1095 1760 Rod.
1123 1702 1450 1771 Corbaeo‚
1486 1702 1666 1760 Henr.
1724 1703 1907 1760 tarios
1938 1709 1988 1760 et
2031 1702 2448 1775 disputationes
2472 1701 2535 1757 in
2570 1701 2624 1755 3.
2652 1715 2712 1771 p.
2755 1700 2810 1757 d.
2857 1699 3007 1758 Tko-

379 1790 699 1848 Morsaeo
733 1835 746 1848 .
779 1839 793 1853 .
828 1838 841 1852 .
867 1810 973 1865 pro
1004 1791 1164 1848 avita
1191 1790 1324 1860 fide,
1357 1790 1664 1867 religione,
1725 1810 1851 1849 mae
1880 1794 1926 1852 t.
1962 1802 1996 1852 2
2046 1791 2110 1848 in
2142 1789 2181 1847 f.
2227 1788 2412 1847 Duaci
2454 1797 2651 1858 1633;
2703 1790 2758 1847 Α
2804 1807 3009 1864 surrey

379 1878 706 1937 sacerdotio
738 1883 944 1937 contra
974 1879 1264 1949 veritatis,
1298 1879 1539 1956 pietatis
1555 1879 1660 1938 Ec·
1723 1883 1795 1955 of
1827 1881 1915 1938 the
1959 1879 2097 1937 New
2143 1879 2401 1955 Reliqion
2450 1876 2768 1953 Detecting
2830 1896 3008 1953 many

380 1966 710 2041 clesiaeque
762 1968 958 2027 hostes
1009 1972 1354 2043 susceptum
1409 1968 1664 2038 fortiter,
1722 1986 1927 2045 grosse
1958 1967 2338 2035 absurditie8‚
2388 1965 2580 2025 which
2612 1966 2662 2024 it
2710 1964 3005 2041 implieth,

378 2055 746 2114 decertatum
781 2059 1141 2127 constanter,
1165 2057 1500 2116 confectum
1531 2057 1663 2115 feli·
1722 2059 1800 2115 ib.
1843 2065 2006 2119 1603
2041 2056 2107 2114 in
2140 2066 2196 2117 4.
2247 2051 2346 2137 (m.
2385 2053 2511 2132 30),
2560 2074 2679 2130 quo
2724 2054 2789 2112 in
2834 2073 3009 2130 opere

382 2144 546 2215 citer,
579 2144 837 2203 Londini
869 2155 1045 2209 1645.
1070 2146 1391 2222 —·Aliqua
1421 2146 1668 2221 reliquit
1721 2145 2059 2205 anarchiam
2081 2144 2473 2204 calvinianam
2493 2143 2824 2220 impugnat.
2848 2143 3009 2201 Illud

380 2233 641 2291 Joannes
689 2234 1054 2293 Falconer
1115 2230 1265 2317 (sive
1315 2235 1583 2311 Dingle
1599 2230 1663 2315 y)
1724 2234 2051 2295 vindicavit
2080 2234 2363 2292 adversus
2397 2232 2681 2299 Sutcliffe,
2734 2232 2839 2305 qui
2872 2252 3006 2290 eum

378 2321 487 2379 diu
535 2322 1047 2398 poenitentiarius,
1090 2323 1666 2382 dein‘missionarius
1723 2324 2197 2399 impugnaverat,
2232 2321 2429 2380 Remis
2456 2327 2620 2384 1608
2656 2321 2719 2378 in
2752 2330 2807 2381 8.
2843 2321 3006 2379 Exa-

382 2411 743 2486 apostolicus
777 2407 840 2493 (†
877 2421 927 2471 7.
950 2412 1072 2470 «1111.
1103 2423 1266 2475 1657
1302 2413 1395 2471 vel
1429 2423 1523 2475 17.
1545 2413 1666 2471 JuL
1727 2432 1853 2471 men
1881 2413 2312 2487 reformationis
2329 2428 2504 2468 novae
2522 2409 2866 2485 praesertim
2888 2411 3005 2467 cal-

390 2496 604 2580 1656).
642 2534 721 2542 —
758 2500 1093 2559 Guilelmus
1125 2501 1516 2560 Malonius
1547 2502 1668 2560 Du·
1728 2502 2014 2572 vinianae,
2065 2500 2130 2558 in
2160 2518 2280 2576 quo
2313 2516 2615 2576 synagoga
2646 2502 2706 2556 et
2738 2499 3007 2557 doctrina

381 2588 700 2660 blinensiS,
768 2593 1048 2649 strenuus
1098 2590 1205 2649 diu
1269 2590 1330 2648 in
1381 2591 1670 2650 Hibernia
1727 2591 1953 2651 Calvini
1986 2590 2142 2649 sicut
2171 2594 2234 2649 et
2263 2588 2632 2663 reliquorum
2652 2588 2831 2663 hujus
2856 2590 3006 2646 tem·

382 2678 686 2753 operarius
718 2675 782 2760 (†
820 2689 983 2741 1655
1021 2680 1114 2738 vel
1153 2675 1366 2760 1656),
1404 2680 1538 2738 fidei
1572 2700 1664 2740 ro·
1724 2680 1887 2756 poris
1917 2682 2270 2739 novatorum
2289 2682 2416 2737 tota
2446 2677 2567 2737 fere
2599 2697 2667 2736 ex
2690 2678 2815 2736 suis
2847 2678 3008 2752 prin·

384 2767 930 2836 mano-catholicae,
977 2788 1084 2844 pro
1117 2788 1235 2843 qua
1264 2770 1441 2827 etiam
1475 2788 1665 2829 carce·
1725 2770 1894 2844 cipiis
1938 2769 2255 2838 refutatur,
2304 2767 2487 2826 Duaci
2528 2777 2687 2828 1616
2738 2767 2801 2824 111
2850 2776 2904 2829 8.
2950 2768 3006 2825 A

383 2874 506 2914 rem
552 2859 732 2931 atque
778 2856 1051 2915 exsilium
1098 2859 1191 2915 est
1235 2876 1460 2932 passm,
1510 2859 1667 2917 anti-

385 2945 676 3019 quitatem
709 2944 979 3022 egregrie
1010 2947 1438 3004 demonstravit
1462 2947 1666 3005 adver-

385 3051 487 3090 sus
539 3034 823 3092 celebrem
873 3033 1179 3092 Usserium
1230 3035 1379 3092 libro
1438 3036 1668 3112 anglice

383 3119 795 3204 conscripto2)‚
851 3131 1015 3184 1623
1051 3128 1112 3182 et
1151 3131 1334 3184 1627.
1381 3123 1515 3182 Non
1546 3129 1669 3182 tam

384 3207 615 3293 libris3)
651 3230 829 3286 quam
876 3229 1067 3287 opera,
1121 3212 1415 3271 industria
1460 3212 1666 3290 singu·

383 3300 511 3367 lari,
547 3300 954 3359 sollicitudine
988 3300 1279 3359 indefessa
1322 3301 1547 3360 bonum
1578 3321 1666 3360 re-

382 3388 623 3464 ligionis
668 3388 989 3448 catholicae
1022 3389 1085 3448 in
1130 3391 1323 3464 patria
1373 3392 1670 3466 promovit

381 3477 694 3535 Eduardus
726 3479 885 3536 Kno
906 3481 972 3536 tt
1034 3477 1199 3559 (vero
1232 3479 1472 3538 nomine
1518 3480 1666 3537 Mat-

382 3566 535 3623 thias
562 3566 627 3622 W
645 3563 874 3647 ilson)
902 3567 1328 3638 Northumber,
1364 3569 1426 3625 111
1458 3569 1666 3644 primis

381 3655 725 3715 educatione
749 3655 1092 3730 juventutis
1113 3658 1457 3733 anglicanae
1488 3660 1667 3733 atque

383 3743 818 3820 gubernatione
851 3745 1186 3821 provinciae
1206 3746 1547 3823 anglicanae
1575 3765 1667 3805 or-

382 3832 540 3890 dinis
575 3829 635 3912 (†
675 3843 766 3895 14.
801 3834 936 3892 Jan.
982 3831 1185 3911 1656).
1240 3834 1573 3910 Aliquoties
1606 3853 1668 3893 se

380 3922 703 3996 appellavit
734 3924 915 3981 etiam
948 3922 1225 3981 Nicolaus
1260 3923 1372 3981 Sm
1391 3923 1523 3981 ith.

474 4038 618 4092 427.
668 4030 919 4089 Jesuitis
971 4030 1223 4089 addendi
1274 4035 1448 4090 sunt:
1512 4032 1666 4090 Mat·

381 4117 591 4176 thaeus
625 4119 677 4176 K
695 4120 1026 4179 ellisoni
1045 4138 1129 4178 us
1176 4119 1666 4195 Northamptoni-

379 4207 539 4264 ensis
571 4226 627 4265 11.
661 4226 707 4266 0.
751 4218 933 4278 1561,
977 4209 1078 4283 qui
1113 4208 1431 4267 catholicae
1461 4209 1666 4286 religi-

1735 2859 1991 2916 Treatise
2035 2860 2107 2933 of
2138 2860 2228 2916 the
2258 2851 2605 2916 Hierarchz'e
2652 2857 2766 2914 ancl
2800 2857 3006 2914 Divers

1723 2946 1928 3005 orders
1960 2948 2024 3005 of
2048 2947 2150 3004 the
2179 2946 2408 3005 Church
2439 2945 2673 3022 against
2703 2945 2806 3003 the
2837 2964 3004 3003 anar-

1725 3036 1854 3094 chie
1885 3035 1952 3095 of
1975 3036 2230 3103 Calvine‚
2265 3034 2343 3092 ib.
2382 3044 2568 3105 1629,
2603 3054 2720 3109 quo
2755 3034 2818 3091 in
2851 3034 2885 3091 l.
2919 3038 3008 3092 at·

1723 3125 1911 3200 tingit
1950 3124 2379 3183 controversias
2423 3123 2681 3200 agitatas
2726 3124 2886 3181 inter
2915 3143 3007 3182 ca·

1724 3213 1974 3273 tholicos
1994 3212 2244 3290 Angliae
2268 3212 2340 3270 de
2365 3212 2814 3286 jurisdictione:
2848 3213 3005 3285 ejus·

1726 3322 1842 3377 que
1891 3302 2250 3361 sententiam
2302 3300 2418 3359 duo
2451 3319 2482 3358 e
2532 3298 2810 3358 societate
2859 3299 2898 3356 J
2901 3318 3008 3358 esu

1724 3392 2037 3467 scriptores
2086 3385 2301 3472 (Knott
2344 3392 2406 3447 et
2436 3385 2645 3466 Floyd)
2694 3388 3006 3464 impugna-

1725 3483 1884 3538 runt.
1932 3480 2048 3537 The
2068 3480 2241 3556 Riyht
2272 3478 2392 3536 and
2413 3477 2802 3535 Jurisdiction
2832 3478 2904 3551 of
2922 3477 3008 3533 the

1723 3568 1949 3626 Prelate
1980 3568 2099 3626 and
2128 3567 2217 3624 the
2247 3565 2452 3623 Prinne
2498 3585 2565 3623 or
2595 3585 2629 3622 a
2659 3565 2917 3622 'l'reatise
2950 3564 3016 3623 of

1723 3656 2181 3716 Ecclesiasticall
2231 3654 2344 3712 and
2394 3653 2599 3730 Regall
2649 3654 3006 3722 Authoritie,

1723 3746 1801 3804 ib.
1847 3753 2044 3815 16173
2089 3753 2241 3806 1621
2285 3743 2350 3801 in
2385 3752 2439 3806 8.
2469 3776 2538 3785 -
2569 3743 2768 3801 Simon
2793 3743 3007 3800 Stock

1726 3835 1788 3892 O.
1824 3829 2073 3913 carm.2)
2108 3830 2168 3913 (†
2208 3829 2401 3913 1645)
2424 3866 2511 3876 —
2532 3832 2782 3891 Thomas
2800 3832 3005 3900 Vane,

1725 3923 1894 3998 prius
1928 3922 2274 4000 anglicanus
2295 3924 2356 3979 et
2386 3920 2512 3998 regi
2535 3921 2783 3997 Angliae
2817 3941 2852 3980 a
2872 3939 3007 3979 con-

1724 4012 2013 4081 cionibus,
2063 4011 2305 4087 cujusl.
2353 4011 2406 4067 Α
2441 4012 2547 4068 lost
2592 4010 2773 4085 Sheep
2818 4017 3008 4068 retur-

1724 4103 1835 4159 ned
1864 4100 2066 4176 Home,
2102 4120 2169 4160 or
2199 4101 2300 4158 the
2338 4101 2589 4158 motivas
2624 4099 2691 4157 of
2726 4100 2828 4158 the
2860 4100 3007 4157 Con-

1721 4190 1959 4249 version
1991 4194 2055 4249 to
2087 4190 2188 4247 the
2231 4189 2570 4263 catholique
2602 4188 2794 4256 Faith,
2843 4188 3008 4245 Pari-

382 4296 513 4354 onis
547 4315 723 4355 causa
754 4297 914 4374 fugit
949 4297 1013 4355 in
1046 4298 1296 4356 Galliam
1334 4297 1408 4355 ad
1440 4297 1667 4375 Anglo-
1725 4278 1830 4337 Sfis
1857 4287 2023 4341 1648
2047 4277 2135 4341 ed·
2161 4287 2233 4349 2„
2268 4296 2416 4353 OPUS
2435 4277 2711 4351 Osstjuxta
2732 4269 3006 4354 RaeSS⁵)

463 4471 500 4538 ¹)
527 4465 609 4521 Cf.
627 4466 792 4522 Feret
806 4468 899 4532 111,
917 4472 1022 4525 160
1036 4484 1105 4520 ss.
1127 4471 1185 4520 et
1200 4467 1413 4537 scripta
1432 4467 1505 4521 ad
1522 4469 1666 4521 hanc

1827 4467 1863 4538 ¹)
1909 4466 1993 4521 Cf.
2041 4467 2301 4536 Foppens
2354 4467 2418 4532 11,
2469 4469 2605 4525 867;
2657 4463 2864 4518 Gillovv
2913 4463 3008 4526 ΙΙΙ,

381 4538 780 4592 cotroversiam
806 4539 1122 4608 spectantia
1154 4538 1306 4608 apud
1330 4538 1667 4606 Roskovany
1723 4541 1988 4595 677—85.

384 4610 453 4674 ΙΙ,
478 4612 742 4667 615-19.

458 4682 500 4750 ²)
527 4679 608 4733 cf.
637 4680 1061 4750 Sommervogel
1089 4681 1154 4746 V,
1179 4685 1303 4737 443.

1799 4614 1841 4676 ²)
1868 4608 1950 4663 cf.
1981 4609 2145 4663 Cont.
2174 4608 2241 4662 H.
2274 4607 2331 4661 E.
2362 4606 2565 4661 Fleurii
2594 4607 2616 4658 Ι
2642 4610 2742 4662 201
2772 4613 2798 4671 ἓ
2824 4608 2911 4661 82.

1798 4684 1842 4752 ⁸)
1869 4679 1973 4734 Die
1999 4679 2364 4735 Convertiten
2396 4679 2488 4742 Vl,
2521 4681 2592 4735 86
2611 4695 2670 4741 s.,
2714 4675 2805 4730 ubi
2843 4675 3008 4729 illum

457 4754 501 4822 ³)
530 4750 799 4815 Quamvis
821 4755 880 4806 et
897 4751 959 4805 hi
979 4767 1093 4804 non
1114 4754 1343 4806 careant
1362 4768 1462 4805 sua
1481 4750 1668 4818 laude,
1724 4767 1935 4820 magna
1973 4767 2041 4804 ex
2079 4755 2243 4821 parte
2283 4749 2527 4803 exhibet.
2574 4749 2606 4802 J
2612 4764 2819 4802 oannes
2844 4748 2887 4800 L
2903 4763 2933 4800 0
2950 4764 3009 4800 n-

384 4838 533 4889 quoa
558 4821 629 4876 cf.
655 4839 746 4891 ap.
773 4823 1192 4894 Sommervogel
1218 4824 1314 4889 IV,
1343 4826 1482 4879 1134
1500 4840 1570 4876 ss.

1725 4822 1804 4875 th
1822 4821 1923 4876 all
1942 4839 2143 4892 praeco
2163 4820 2501 4893 anglicanus
2519 4820 2731 4890 pariter
2749 4819 2820 4874 ad
2842 4819 3007 4872 fidem
