3625 5193
600 268 722 320 927

1059 253 1426 307 1641-1663.
1453 250 1648 304 Theol.
1675 249 1851 303 schol.
1879 249 1941 302 in
1970 250 2131 320 Hisp.
2158 249 2239 304 De
2266 251 2322 304 la
2348 249 2542 314 Ger-da,
2568 249 2754 316 Perez,

3102 269 3229 323 928

604 447 773 500 1649
802 437 866 495 in
902 447 973 507 4.,
1007 437 1068 494 in
1100 436 1322 512 quibus
1353 436 1473 495 fere
1494 436 1567 494 de
1599 437 1880 496 universa
1932 437 2091 497 Haec
2121 438 2250 513 ejus
2295 437 2596 496 doctrinae
2641 440 3061 496 monumenta:
3117 438 3223 496 Di-

596 528 869 602 disputat
900 525 1216 602 theologia.
1248 558 1336 568 --
1366 525 1663 602 Josephus
1694 525 1779 584 de
1812 526 1880 583 la
1935 527 2307 603 sputationes
2338 527 2409 584 de
2437 527 2561 584 Deo
2592 527 2819 584 homine
2863 525 2991 584 sive
3023 527 3095 584 de
3130 527 3227 584 in-

597 616 831 675 Cerda
864 615 928 674 O.
961 614 1016 674 S.
1062 616 1233 684 Ben.,
1281 615 1573 690 interpres
1620 614 1878 674 doctoris
1935 616 2273 675 carnatione
2306 614 2439 673 Filii
2474 614 2598 685 Dei,
2632 615 3013 691 Autwerpiae
3053 625 3220 679 1634

595 705 846 782 angelici
875 704 941 762 in
971 703 1271 763 academia
1289 703 1752 774 salmanticensi,
1785 721 1879 762 ec-
1933 705 1997 763 in
2028 705 2087 773 f.,
2122 723 2272 781 opus
2314 723 2547 775 rarum3
2594 705 2664 761 de
2693 704 2879 762 tribus
2920 705 3228 763 virtutibus

595 794 803 853 clesiae
822 794 958 851 dein
975 793 1344 852 almeriensis
1368 793 1607 867 praesul
1629 788 1876 875 (1637),
1935 795 2269 870 ἰήεοίορὶεἱε,
2303 793 2691 851 Salmanticae
2736 802 2891 855 1631
2935 797 2978 850 t.
3016 802 3048 854 2
3087 794 3152 852 in
3184 793 3232 857 f.

594 888 729 959 post
777 882 1105 942 triennium
1150 877 1377 964 (1640)
1423 881 1755 941 translatus
1805 880 1880 940 ad
1936 883 2245 942 Praeterea
2305 884 2640 941 universam
2679 882 3109 957 philosophiam
3158 884 3220 940 in

594 989 900 1048 pacensem
949 967 1009 1053 (†
1050 967 1260 1054 1645),
1308 971 1400 1029 vir
1442 970 1563 1029 fuit
1608 971 1880 1030 doctrina
1937 990 2125 1030 unum
2168 971 2402 1047 redegit
2444 989 2673 1046 corpus,
2720 970 3001 1047 Lugduni
3052 981 3223 1034 1624

596 1063 789 1121 multa
818 1064 879 1121 et
909 1061 1087 1131 varia,
1119 1060 1360 1137 ingenio
1391 1059 1730 1136 perspicaci,
1776 1079 1877 1135 pa·
1935 1060 2000 1118 in
2043 1061 2081 1118 f.
2130 1057 2338 1142 (editio
2381 1061 2508 1135 jam
2556 1056 2761 1141 sexta).
2795 1093 2881 1103 -—
2929 1060 3227 1119 Martinus

596 1154 841 1226 rataque
890 1149 1032 1208 adeo
1095 1153 1158 1206 et
1205 1149 1366 1208 facili
1428 1149 1766 1224 eloquentia
1815 1149 1879 1207 iu
1934 1150 2162 1209 Perez
2211 1149 2283 1208 de
2331 1149 2572 1206 Unauoa
2616 1148 2674 1209 S.
2719 1149 2794 1218 J.,
2848 1149 3221 1220 Valentinus,

596 1239 1033 1299 commentariis
1064 1237 1412 1315 pangendi8‚
1459 1242 1531 1296 ut
1562 1238 1661 1295 vix
1702 1237 1877 1312 quid-

596 1348 792 1404 quam,
841 1328 1000 1403 quod
1031 1346 1063 1385 e
1095 1328 1314 1386 calamo
1361 1327 1426 1384 in
1458 1327 1725 1386 chartam
1764 1327 1878 1385 flu-

595 1419 792 1489 xisset,
825 1418 1089 1475 deletum
1108 1416 1385 1492 plurimis
1417 1415 1650 1492 paginis
1669 1415 1878 1491 depre-

597 1506 896 1565 henderes
928 1505 1178 1564 Exstant
1208 1504 1281 1563 ab
1300 1522 1369 1563 eo
1400 1504 1464 1561 in
1496 1523 1709 1581 magno
1743 1524 1877 1580 pre·

596 1596 684 1654 tio
728 1615 762 1652 a
807 1594 1012 1653 multis
1059 1594 1293 1663 habita,
1346 1593 1448 1650 sed
1496 1595 1736 1652 tantum
1787 1594 1877 1652 in·

596 1684 859 1761 geniosis
892 1683 1092 1758 pervia
1135 1687 1198 1740 et
1243 1681 1417 1740 utilia
1432 1677 1512 1762 ¹):
1559 1683 1645 1740 De
1677 1683 1881 1742 Maria

596 1780 646 1831 et
678 1772 851 1830 Verbo
867 1774 1192 1840 incarnato,
1226 1770 1333 1829 ubi
1352 1775 1413 1829 et
1444 1771 1517 1828 de
1551 1789 1594 1829 a.
1616 1771 1879 1847 Josepho

598 1881 664 1920 ac
695 1861 767 1919 de
798 1865 1053 1934 utroque
1085 1860 1124 1917 J
1126 1878 1328 1929 oanne,
1374 1860 1670 1919 Almeriae
1711 1870 1876 1923 1640

595 1951 659 2008 in
692 1950 761 2020 f.;
815 1950 1015 2008 Maria
1053 1949 1270 2024 effiyies
1299 1956 1348 2007 et
1380 1949 1646 2008 revelatio
1684 1950 1879 2007 Trini-

598 2036 738 2097 tatis
785 2046 835 2096 et
878 2038 1289 2097 attributorum
1334 2038 1470 2105 Dei,
1523 2038 1682 2112 quod
1729 2057 1879 2113 opus

600 2122 852 2210 (rarum)
904 2127 1128 2204 prodiit
1177 2127 1405 2185 Matriti
1462 2137 1626 2190 1640
1691 2126 1756 2184 in
1807 2127 1877 2198 f.;

595 2217 874 2294 Lugduni
914 2224 1112 2284 16623
1162 2218 1226 2274 in
1256 2235 1304 2279 s,
1334 2216 1544 2274 Judith
1575 2218 1879 2274 historiam

598 2305 1055 2365 commentarius
1072 2305 1325 2364 literalis
1346 2309 1407 2363 et
1426 2304 1684 2374 moralis,
1712 2315 1867 2367 1641

597 2401 638 2454 t.
677 2404 711 2456 2
758 2395 822 2452 in
855 2395 924 2464 f.;
975 2394 1250 2471 Lugduni
1299 2402 1484 2456 1653.
1530 2427 1618 2439 —-
1664 2394 1878 2453 Petrus

593 2483 945 2543 Hurtado
995 2483 1066 2540 de
1121 2483 1400 2542 Mendoza
1456 2483 1512 2544 S.
1562 2483 1649 2554 J.,
1702 2487 1880 2559 gente

595 2573 901 2642 Cantaber,
953 2573 1125 2631 domo
1158 2572 1640 2641 Valmasedanus‚
1692 2571 1878 2648 philo·

595 2663 857 2740 sophiam
893 2661 1313 2737 Pompejopoli,
1355 2661 1715 2737 theologiam
1746 2660 1878 2720 Val-

595 2752 813 2810 lisoleti
858 2755 921 2809 et
953 2749 1347 2808 salmanticae
1391 2768 1497 2825 per
1527 2769 1577 2810 a.
1614 2759 1693 2812 30
1743 2766 1877 2808 cum

588 2840 772 2912 ⁴laude
802 2838 1021 2897 docuit.
1051 2837 1197 2912 Ejus
1229 2837 1458 2896 indoles
1481 2841 1542 2897 et
1571 2837 1878 2914 ingenium

596 2929 800 2986 lucent
819 2928 881 2984 in
904 2926 1160 3001 scriptis,
1194 2945 1345 3002 quae
1363 2927 1661 3004 vulgavit:
1694 2947 1762 2986 ea
1781 2927 1879 2986 vix

597 3016 722 3074 sine
765 3015 947 3076 titulo
996 3015 1188 3074 laudis
1234 3037 1266 3073 a
1311 3016 1500 3076 doctis
1551 3017 1645 3076 sui
1692 3019 1877 3076 seculi

597 3105 982 3182 scriptoribus
1002 3103 1280 3164 citantur.
1313 3105 1563 3183 Ingenio
1582 3106 1700 3164 fuit
1719 3125 1877 3165 acer·

595 3195 762 3265 rimo,
809 3194 1077 3253 doctrina
1106 3194 1333 3265 eximia,
1382 3212 1558 3271 quem
1604 3194 1878 3254 doctissi-

595 3302 728 3342 mus
761 3284 1011 3360 Ripalda
1042 3299 1273 3360 semper
1311 3282 1668 3361 magistrum
1699 3302 1876 3344 vene·

596 3376 763 3432 ratus
796 3372 981 3450 est²):
1026 3391 1136 3432 nec
1180 3373 1378 3431 minus
1424 3373 1756 3432 encomium
1804 3376 1878 3433 ab

594 3462 999 3539 integerrimis
1030 3462 1297 3521 moribus
1330 3465 1390 3520 et
1428 3462 1720 3539 regularis
1754 3463 1877 3522 dis-

592 3552 845 3627 ciplinae
878 3551 1254 3610 observantia
1295 3551 1640 3627 promeruit.
1691 3552 1879 3621 Quam

591 3647 830 3700 tenerae
849 3641 915 3699 in
943 3645 1114 3700 tanta
1132 3640 1467 3700 eruditione
1487 3641 1880 3700 conscientiae

593 3730 792 3800 fuerit,
827 3729 888 3787 id
908 3748 1094 3788 unum
1117 3732 1470 3806 argumento
1489 3747 1617 3789 esse
1636 3732 1877 3806 poterit,

595 3820 754 3892 quod
799 3836 1107 3893 nunquam
1168 3816 1439 3877 cubitum
1502 3821 1876 3891 concesserit,

595 3906 744 3979 quin
775 3906 944 3981 prius
977 3907 1384 3965 sacramentali
1422 3908 1784 3967 confessione
1817 3927 1879 3967 se

595 3993 886 4069 expiaret:
919 3992 1248 4068 acciditque
1277 4014 1400 4054 non
1427 3996 1627 4066 semel,
1665 4001 1733 4055 ut
1765 3997 1882 4055 iter

596 4096 776 4156 agens
809 4082 1274 4158 perveniensque
1296 4084 1370 4143 ad
1402 4085 1614 4155 locum,
1649 4085 1751 4143 ubi
1786 4104 1877 4144 sa·

597 4169 851 4228 cerdotis
885 4171 1111 4247 copiam
1143 4192 1262 4231 non
1283 4173 1543 4242 haberet,
1578 4190 1787 4233 rursus
1819 4193 1879 4234 se

596 4258 726 4317 viae
777 4260 1152 4331 commiserit,
1203 4261 1640 4336 nonnullasque
1678 4264 1887 4322 leucas

596 4349 926 4419 confecerit,
978 4350 1162 4409 donec
1205 4369 1265 4408 se
1311 4350 1383 4408 ad
1428 4350 1605 4424 pedes
1652 4353 1875 4411 conses—

599 4439 734 4496 sarii
765 4439 1010 4514 expetiti
1034 4439 1272 4497 sisteret
1294 4435 1354 4519 (†
1378 4449 1470 4501 10.
1490 4440 1633 4498 Nov.
1669 4438 1875 4521 1651).

679 4661 710 4709 ¹.
739 4652 862 4705 Nic.
890 4653 1168 4707 Antonius
1197 4654 1235 4715 Ι,
1263 4657 1384 4711 803.

599 4723 822 4846 mil&
863 4723 1182 4789 Ripalda
1223 4724 1291 4777 de
1335 4724 1425 4778 fid.
1467 4724 1608 4793 disp.
1651 4730 1702 4781 3.
1743 4744 1781 4780 s.
1829 4732 1883 4782 l.

1937 1257 2181 1314 magnae
2214 1256 2397 1313 penes
2429 1255 2633 1297 omnes
2669 1237 3060 1309 auctoritatis,
3095 1238 3227 1314 phi-

1935 1326 2263 1403 losophiam
2295 1326 2508 1384 deinde
2540 1329 2601 1384 et
2636 1326 3000 1403 theologiam
3034 1345 3221 1386 annos

1941 1425 2019 1479 14
2056 1416 2364 1474 Valentiae
2403 1418 2464 1474 et
2496 1415 2727 1492 aliquot
2770 1415 2989 1474 iterum
3022 1417 3220 1475 Barci-

1933 1523 2088 1564 none
2120 1505 2322 1563 docuit
2351 1502 2413 1584 (†
2448 1515 2504 1566 4.
2538 1504 2733 1562 Martii
2777 1515 2938 1567 1660
2974 1525 3023 1563 a.
3061 1508 3223 1564 aeta·

1934 1595 2015 1653 tis
2051 1589 2179 1674 82),
2214 1591 2550 1658 ediditque:
2585 1593 2671 1651 De
2702 1593 2824 1652 Deo
2852 1612 2967 1651 uno
3000 1596 3222 1651 citrino

1936 1701 2044 1742 seu
2088 1684 2160 1741 de
2217 1682 2471 1740 mirabili
2521 1700 2595 1743 ss,
2645 1682 2889 1741 'l'riados
2936 1683 3222 1759 mysterio

1936 1790 2086 1847 opus
2138 1771 2538 1848 theologicum
2593 1779 2672 1833 20
2726 1771 2876 1846 disp.
2942 1771 3225 1840 divisum,

1935 1860 2213 1937 Lugduni
2268 1869 2430 1922 1639
2476 1859 2538 1918 in
2572 1859 2640 1927 f.;
2692 1861 2762 1918 de
2808 1861 3066 1918 mirabili
3113 1861 3223 1918 div.

1952 1949 2114 2007 Verbi
2157 1951 2574 2023 incarnatione,
2628 1967 2777 2024 opus
2825 1949 3226 2025 theologicum

1939 2049 2018 2100 40
2055 2038 2207 2113 disp.
2240 2037 2520 2107 divisum,
2554 2038 2631 2099 ib.
2672 2047 2837 2099 1642
2873 2039 2937 2096 in
2968 2038 3039 2107 f.;
3083 2040 3152 2095 de
3182 2058 3228 2095 s.

1936 2128 2294 2186 matrimonii
2352 2133 2709 2184 sacramento
2771 2144 2921 2201 opus
2999 2127 3231 2185 morale

1935 2216 2327 2293 theologicum
2354 2226 2433 2278 60
2456 2215 2608 2291 disp.
2637 2215 2910 2285 divisum,
2944 2215 3024 2273 ib.
3053 2225 3219 2278 1646

1935 2306 1999 2363 in
2048 2305 2117 2374 f.;
2169 2306 2238 2362 de
2267 2306 2472 2362 viv‘tute
2521 2312 2571 2362 et
2619 2312 2978 2363 sacramento
3018 2307 3220 2380 poem·-

1934 2396 2139 2452 tentiae
2171 2411 2319 2470 opus
2346 2393 2766 2470 theologicum,
2802 2393 3219 2452 scholasticum

1935 2487 1996 2542 et
2027 2484 2246 2541 morale
2267 2481 2633 2540 confessariis
2664 2482 2941 2541 omnibus
2967 2482 3223 2541 maxime

1939 2569 2194 2634 utile'57
2233 2571 2380 2646 disp.
2428 2570 2704 2642 divisum,
2755 2571 2832 2630 ib.
2876 2580 3038 2635 1656
3087 2570 3150 2629 in
3181 2570 3221 2634 f.

2028 2760 2170 2812 393.
2206 2749 2483 2807 Memoria
2532 2749 2925 2825 dignissimus
2975 2753 3067 2808 est
3117 2749 3222 2809 Jo-

1934 2837 2508 2898 annesMartinez
2539 2838 2626 2895 de
2658 2837 3045 2917 Ripaldal)
3080 2839 3134 2896 S.
3167 2839 3224 2897 J.

1936 2928 2405 3004 Pampilonensis
2435 2923 2515 3008 (n.
2547 2923 2758 3010 1594),
2794 2945 3064 2986 summus
3089 2946 3222 2987 cum

1936 3017 2089 3076 card.
2124 3016 2196 3075 de
2228 3016 2394 3092 Lugo
2443 3017 2548 3074 hac
2595 3019 2787 3075 aetate
2837 3015 2902 3075 in
2934 3016 3223 3092 Hispania

1934 3121 2001 3164 ac
2032 3105 2184 3164 forte
2216 3105 2277 3163 in
2309 3105 2546 3181 Europa
2592 3106 2870 3165 universa
2910 3106 3222 3182 theologus

1935 3195 2342 3263 scholasticus,
2357 3194 2597 3253 subtilis
2612 3194 2672 3252 in
2690 3195 3070 3271 opinionibus
3083 3195 3222 3254 sub-

1935 3284 2073 3342 inde
2108 3283 2430 3343 audacibus
2467 3302 2499 3341 e
2531 3283 2809 3343 cathedra
2841 3301 3224 3361 propugnan-

1935 3373 2042 3446 dis,
2076 3374 2168 3431 vir
2196 3372 2463 3449 apprime
2493 3373 2806 3449 religiosus
2848 3377 2909 3431 et
2940 3373 3220 3432 innocen·

1935 3462 2015 3520 tis
2046 3462 2202 3520 vitae
2234 3462 2406 3520 laude
2448 3461 2717 3539 insignis.
2779 3461 3221 3537 Philosophiam

1934 3551 2138 3610 docuit
2170 3549 2533 3619 Monteforti‚
2569 3551 2962 3609 Salmanticae
2994 3550 3222 3610 theolo-

1935 3641 2092 3717 giam
2124 3644 2298 3699 tanta
2316 3640 2570 3699 nominis
2603 3640 2773 3709 sama,
2808 3643 2880 3697 ut
2910 3657 3128 3716 paucos
3148 3639 3222 3697 ad

1935 3749 2071 3789 eum
2103 3728 2260 3789 diem
2300 3728 2385 3787 ibi
2430 3728 2713 3787 habuerit
2757 3728 3023 3799 societas,
3075 3746 3223 3803 quo·

1935 3838 2065 3877 rum
2099 3822 2159 3877 et
2179 3818 2317 3877 viva
2337 3835 2449 3877 vox
2481 3822 2543 3876 et
2561 3817 2987 3893 praelectiones
3007 3817 3217 3892 majori

1936 3907 1998 3965 in
2029 3907 2224 3984 pretio
2255 3907 2483 3965 fuerint
2530 3906 2782 3966 habitae.
2834 3905 3132 3964 Excelluit
3162 3908 3222 3963 et

1936 3997 1997 4053 in
2029 3996 2328 4073 theologia
2361 3996 2571 4055 morali
2602 3999 2663 4054 et
2687 4013 2755 4053 ex
2787 4000 3054 4071 tempore
3085 3994 3221 4052 fun·

1935 4084 2068 4144 date
2100 4084 2493 4160 respondebat
2526 4084 2601 4142 ad
2633 4102 2803 4143 casus
2824 4083 3220 4143 conscientiae

2012 4304 2050 4365 Ι)
2077 4300 2238 4352 Alius
2275 4300 2344 4352 ab
2385 4315 2449 4351 eo
2490 4301 2575 4352 est
2615 4298 3112 4367 Hieronymus
3154 4298 3223 4351 de

1934 4366 2182 4440 Ripalda
2220 4370 2544 4437 Aragonius
2580 4389 2631 4430 n,
2661 4375 2816 4434 1537,
2865 4371 2963 4439 qui
3005 4385 3147 4440 puer
3172 4386 3222 4424 a.

1936 4447 2005 4497 14
2028 4442 2312 4511 ingressus
2339 4445 2425 4495 est
2449 4442 2775 4496 societatem
2799 4443 2949 4505 Jesu,
2979 4446 3037 4495 et
3059 4442 3222 4510 cujus

1935 4529 2138 4566 nomen
2167 4512 2481 4581 plurimum
2520 4513 2778 4567 innotuit
2816 4516 3123 4568 catechismo
3149 4513 3224 4567 ab

1934 4600 1985 4635 a.
2031 4588 2171 4641 1614
2214 4584 2539 4653 saepissime
2585 4584 2767 4649 edito,
2812 4586 3003 4638 nostra
3047 4583 3220 4637 etiam

1933 4658 2120 4709 aetate
2162 4659 2229 4708 ut
2252 4655 2471 4710 matriti
2499 4661 2656 4719 1890,
2700 4656 2843 4710 etin
2883 4655 3024 4709 alias
3061 4670 3219 4709 verso

1934 4725 2177 4794 linguas.
2207 4725 2364 4781 Obiit
2389 4726 2635 4796 Ripalda
2660 4731 2747 4783 21.
2774 4729 2908 4797 Apr.
2936 4730 3093 4784 1618.
3136 4726 3220 4780 Cf.

1936 4796 2354 4867 Sommervogel
2380 4798 2475 4864 Vl,
2506 4802 2643 4855 1864
2669 4815 2739 4852 ss.
