3625 5193
607 249 729 301 655
1004 236 1374 290 1621-1640.
1401 231 1710 301 Theologia
1737 233 1909 288 schol.
1937 231 2217 298 columbi,
2246 233 2532 298 Galantes‚
2559 235 2828 301 Tamarit,

3105 256 3225 309 65⁴3

606 416 850 494 collegio
883 437 926 475 s.
960 417 1285 494 theologiae
1320 436 1528 476 arcana
1560 419 1889 494 praestanti
1912 419 1920 478 Ι
1945 419 2015 476 de
2047 420 2101 477 b.
2136 419 2202 480 V.
2237 420 2432 488 Maria,
2480 420 2698 478 Romae
2736 431 2901 483 1616
2937 422 3001 479 in
3038 432 3106 490 4;
3174 425 3231 480 in

606 506 945 564 auditorum
994 507 1258 565 concioni
1305 507 1515 566 eximia
1548 527 1680 566 cum
1712 507 1889 565 laude
1946 509 2174 566 threnos
2221 508 2512 567 Jeremiae
2571 512 2954 584 expositiones
3014 514 3229 583 variae,
3338 585 3343 588 .

605 593 963 674 aperuit1).‘
1019 595 1223 653 Sacrae
1256 597 1742 671 poenitentiariae
1775 596 1890 654 suit
1944 597 2218 657 Panormi
2258 606 2421 660 1628
2459 599 2520 657 in
2557 608 2611 658 4.

604 683 919 760 theologus
948 687 1009 742 et
1028 684 1176 742 obiit
1198 685 1528 744 studiorum
1558 685 1890 762 praefectus

608 773 1730 850 incollegioromano28.Apr.1633.--
1751 774 1889 832 Hie·
2042 783 2183 836 285.
2237 774 2517 834 Omnium
2566 779 2766 835 tamen
2817 777 3230 836 numerosissi-

605 880 890 937 ronymus
923 862 1183 921 Colum
1204 863 1339 921 bus
1374 860 1682 945 (Colombi)
1706 865 1887 922 Peru·
1947 882 2108 921 mum
2128 867 2189 921 et
2204 866 2748 940 gravissimum‘est
2769 885 2981 942 agmen
3014 866 3231 941 Hispa-

607 951 792 1019 sinns,
828 952 1156 1029 theologiae
1202 952 1511 1026 professor,
1562 952 1893 1027 disputavit
1948 970 2103 1020 num,
2158 952 2447 1028 siquidem
2498 954 2562 1011 in
2594 953 2879 1030 Hispania
2925 974 3063 1030 prae
3109 956 3233 1030 pri·

604 1042 674 1097 de
704 1041 960 1116 anyelica
993 1048 1043 1097 et
1073 1042 1332 1100 humana
1364 1042 1692 1100 hierarchia
1726 1042 1783 1098 ll.
1822 1050 1892 1110 83
1950 1042 2061 1099 mis
2081 1042 2283 1100 floruit
2302 1042 2596 1118 theologia
2612 1043 2964 1103 scholastica
2979 1040 3043 1120 ²).
3076 1044 3233 1102 Illud

605 1134 665 1186 et
697 1130 758 1186 in
788 1148 833 1187 s.
868 1130 926 1193 J.
963 1129 1180 1188 Christi
1213 1127 1358 1188 Filii
1389 1132 1498 1189 Dei
1527 1131 1893 1205 temporalem
1948 1134 2148 1188 autem
2201 1131 2701 1190 animadversione
2744 1133 3010 1207 dignum,
3044 1152 3233 1207 usque

607 1219 974 1295 nativitatem,
1012 1238 1266 1294 quonam
1318 1224 1491 1296 pacto
1522 1221 1793 1294 planetae
1828 1238 1895 1278 ac
1949 1219 2020 1277 ad
2054 1221 2228 1277 finem
2263 1220 2444 1278 seculi
2489 1221 2894 1294 praecedentis
2926 1221 3233 1297 plerosque

606 1307 801 1365 sidera
818 1307 1051 1367 Christo
1067 1309 1892 1378 Domiuofamulentur‚theo-
1951 1312 2373 1367 commentatos
2406 1328 2531 1367 esse
2566 1310 2996 1368 sententiarum
3030 1310 3228 1371 libros,

609 1396 798 1471 logica
829 1396 1181 1472 disquisitio.
1217 1398 1415 1472 Atque
1447 1400 1709 1456 omnium
1722 1399 1896 1472 juxta
1953 1398 2149 1456 seculo
2190 1409 2283 1460 17.
2309 1399 2431 1473 jam
2465 1399 2661 1457 rarius
2681 1399 2925 1475 reperiri
2946 1400 3232 1473 ejusmodi

606 1485 992 1543 christianum
1027 1504 1094 1545 ac
1125 1487 1290 1562 pium
1312 1505 1551 1545 sensum
1583 1487 1897 1562 allegorica
1951 1487 2399 1545 commentarios
2461 1488 2783 1562 primatum
2835 1488 3142 1547 obtinente
3190 1508 3234 1546 s.

607 1574 919 1647 explicatio
964 1579 1025 1633 et
1070 1576 1185 1634 alia
1216 1575 1289 1634 de
1322 1576 1708 1634 ecclesiastica
1739 1575 1894 1633 hier-

610 1663 805 1720 archia
835 1666 896 1721 et
926 1665 998 1722 de
1028 1673 1104 1727 72
1131 1665 1345 1722 Christi
1377 1664 1685 1740 discipulis
1716 1682 1895 1739 opus-

611 1752 760 1820 cula,
787 1753 1081 1811 Bononiae
1107 1766 1127 1815 1
1148 1765 1271 1816 619
1296 1754 1358 1811 in
1379 1763 1452 1822 4„
1488 1752 1645 1828 quod
1665 1757 1894 1811 utrum·

612 1860 725 1915 que
759 1844 958 1900 tamen
989 1860 1140 1917 opus
1174 1848 1266 1902 est
1297 1841 1895 1918 prohibitum—Li-

608 1929 741 1987 vius
776 1929 1149 1990 Galantes
1185 1932 1247 1994 Ο.
1269 1933 1407 1990 Min.
1429 1932 1741 1990 Imolensis
1773 1931 1894 1989 edi-

611 2018 697 2075 dit
730 2037 877 2095 opus
923 2020 1305 2097 inscriptum:
1362 2022 1697 2080 Christiana
1747 2020 1895 2078 theo-

609 2109 756 2186 loyit
791 2117 1130 2182 comparata
1151 2130 1274 2168 cum
1288 2108 1605 2183 platonica,
1628 2130 1754 2168 cum
1777 2111 1898 2167 tota

611 2199 781 2254 veteri
794 2200 1080 2271 sapientia
1092 2201 1459 2275 ethnicorum,
1475 2199 1897 2258 Chaldaeorum

612 2305 840 2362 nempe,
877 2289 1306 2363 Aegyptiorum
1353 2292 1412 2347 et
1445 2289 1802 2347 Graecorum
1836 2289 1896 2346 ll.

614 2386 713 2442 20,
766 2377 1062 2435 Bononiae
1105 2387 1287 2440 1627.
1339 2412 1424 2421 -
1475 2377 1737 2435 Andreas
1777 2379 1896 2436 Pe-

610 2464 934 2523 rusinus
986 2467 1059 2524 ab
1109 2467 1356 2525 Ursiano
1408 2462 1792 2548 (Peruzzinus
1826 2467 1898 2525 de

611 2552 859 2613 Orciano
908 2555 968 2613 in
1017 2573 1156 2632 agro
1194 2555 1471 2615 brixiensi
1503 2552 1741 2637 oppido)
1776 2576 1896 2633 reg.

619 2643 755 2704 Oba.
789 2644 1101 2720 theologus
1135 2645 1374 2720 ingenio
1409 2645 1650 2702 subtilis
1683 2651 1743 2704 et
1776 2665 1895 2704 ser-

611 2750 783 2788 mone
818 2734 1202 2792 scholasticus
1236 2736 1298 2792 in
1330 2734 1581 2809 gratiam
1615 2736 1898 2793 immacu-

612 2820 766 2876 latae
844 2823 1246 2896 conceptionis
1299 2823 1584 2896 Deiparae
1660 2824 1901 2899 scripsit

613 2926 781 2981 opuS,
817 2910 910 2967 cui
942 2911 1193 2969 titulus:
1241 2913 1518 2987 Analysis
1541 2915 1901 2985 purissimae

615 3000 991 3072 conceptionis
1035 3000 1347 3076 Deiparae,
1414 3001 1678 3060 Venetiis
1734 3011 1898 3064 1634

615 3085 678 3142 in
713 3096 787 3155 4„
823 3088 884 3144 in
917 3107 1034 3162 qua
1066 3109 1185 3147 non
1204 3091 1397 3148 solum
1413 3102 1734 3166 supra300
1760 3110 1897 3148 auc-

616 3180 812 3232 torum
844 3179 1154 3249 sententia,
1190 3198 1233 3238 s.
1256 3179 1501 3255 paginae
1524 3180 1898 3238 auetoritati-

616 3263 745 3333 buS,
781 3266 1132 3337 rationibus,
1157 3268 1499 3338 festivitate,
1523 3268 1899 3328 revelationi·

615 3353 727 3410 bus
760 3353 978 3413 divinis
1028 3358 1465 3431 miraculisque,
1519 3358 1618 3415 sed
1670 3361 1731 3414 et
1762 3376 1900 3415 auc-

615 3442 856 3501 toritate
891 3446 945 3503 d.
981 3446 1233 3505 Thomae
1265 3450 1326 3505 et
1358 3465 1424 3503 ex
1442 3445 1777 3506 rationibus
1794 3447 1899 3504 ad-

618 3532 1010 3592 versariorum
1046 3536 1152 3594 hoc
1184 3536 1563 3612 privilegium
1595 3536 1650 3593 b.
1685 3535 1901 3593 Mariae

620 3619 684 3677 V.
720 3620 1021 3681 vindicare
1056 3620 1352 3703 nititur2).
1418 3626 1701 3682 Ecclesiae
1717 3625 1904 3699 jubar

619 3727 820 3766 omnes
853 3712 1315 3771 adversariorum
1334 3715 1608 3771 tenebras
1623 3714 1899 3771 immuni·

620 3799 807 3854 tatem
839 3800 1180 3857 clericorum
1215 3805 1274 3858 et
1307 3805 1660 3875 potestatem
1684 3801 1902 3859 Christi

620 3902 684 3939 ac
737 3904 922 3959 papae
974 3889 1333 3946 offendentes
1380 3890 1590 3962 procul
1636 3889 1899 3965 abigenS,

621 3971 948 4030 Florentiae
989 3986 1187 4044 1617;
1224 3978 1503 4051 Apoloqia
1525 3996 1630 4051 pro
1650 3978 1902 4037 infirmis

624 4059 1018 4120 confessorem
1049 4065 1404 4138 petentibus,
1455 4065 1676 4123 Patavii
1720 4077 1902 4129 1626.

625 4180 706 4189 -
727 4146 1019 4208 Summam
1037 4153 1415 4231 Marioloyiae
1429 4156 1774 4229 romposuit‚
1793 4157 1903 4214 Pa-

623 4238 813 4293 normi
855 4249 1050 4311 1602;
1095 4251 1254 4304 1623
1288 4244 1352 4300 in
1385 4243 1419 4299 f.
1452 4266 1508 4319 p.
1541 4255 1586 4304 1.
1618 4248 1678 4303 et
1710 4246 1901 4313 unica,

625 4322 898 4386 Placidus
930 4330 1016 4387 Ni
1033 4330 1160 4406 gid
1181 4331 1300 4389 ius
1344 4332 1576 4391 Siculus
1609 4334 1905 4408 quondam

626 4431 656 4469 e
690 4412 811 4473 Soc.
843 4417 963 4476 Jes.
999 4415 1058 4497 (†
1101 4416 1310 4499 1640),
1354 4423 1521 4496 cujus
1553 4424 1733 4480 etiam
1764 4428 1905 4480 sunt

626 4503 688 4557 in
718 4508 1000 4564 canticum
1018 4512 1370 4568 canticorum
1399 4514 1673 4583 expositio
1694 4513 1905 4585 duplex

705 4710 741 4757 ἣ
770 4706 850 4761 Cf.
879 4710 1083 4767 Sotvel.
1111 4713 1169 4765 in
1202 4714 1331 4767 bibl.
1362 4715 1559 4784 Script.
1583 4716 1633 4768 S.
1662 4716 1712 4769 J.

704 4784 740 4843 ΙΑ)
771 4778 850 4832 Cf.
878 4782 1040 4836 Joan.
1067 4800 1099 4834 a
1126 4801 1169 4836 s.
1196 4787 1442 4838 Antonio
1473 4789 1510 4849 1,
1537 4791 1622 4842 68.

1950 1575 2187 1634 Thoma.
2235 1576 2388 1633 Hinc
2421 1576 2485 1633 in
2518 1577 2802 1651 Hispania
2832 1577 2941 1635 hoc
2972 1580 3236 1652 tempore

1950 1665 2286 1723 invenimus
2338 1669 2577 1722 tantum
2640 1666 3065 1742 Hieronymum
3116 1666 3241 1724 Ta-

1950 1754 2185 1811 marit
2231 1754 2294 1811 O.
2343 1754 2480 1814 Min.
2528 1773 2646 1831 reg.
2690 1756 2815 1814 obs.
2848 1755 3237 1814 setabiensem

1952 1862 2018 1901 ex
2082 1843 2383 1900 valentino
2445 1862 2643 1919 regne,
2696 1845 2865 1918 cujus
2917 1843 3237 1902 laudantur

1954 1931 2155 1990 Flores
2195 1932 2248 1989 Τ
2242 1933 2524 2008 heoloyiae
2573 1933 2636 1989 in
2686 1936 2879 1990 totum
2939 1943 2991 1994 1.
3032 1934 3071 1990 l.
3114 1952 3234 1990 ma·

1952 2022 2128 2098 gistri
2167 2022 2593 2079 sententiarum
2646 2023 2705 2078 et
2752 2021 3052 2079 meliorem
3102 2041 3235 2095 par-

1953 2117 2071 2168 tem
2136 2110 2397 2178 secundi,
2451 2109 2757 2168 Valentiae
2818 2119 2978 2171 1622
3044 2111 3107 2167 in
3161 2122 3233 2177 4„

1952 2216 2069 2274 quo
2104 2200 2165 2257 in
2184 2218 2356 2274 opere
2376 2202 2529 2256 teste
2549 2198 2792 2257 Nicolao
2827 2201 2873 2255 A
2895 2218 2934 2256 n
2953 2202 2982 2257 t
2996 2217 3029 2257 o
3046 2199 3120 2256 ni
3141 2198 3233 2272 οἳ)

1957 2292 2206 2356 „auctor
2238 2288 2330 2347 sui
2349 2287 2574 2363 ingenii
2607 2287 2877 2346 acumine
2913 2287 2998 2346 sic
3017 2307 3109 2346 res
3132 2289 3232 2345 ab·

1952 2381 2177 2436 strusas
2210 2377 2399 2452 aperit
2429 2377 2813 2452 difficilesque
2855 2378 3237 2451 quaestiones

1955 2485 2020 2525 ac
2064 2467 2394 2541 theologiae
2445 2465 2629 2523 nodos
2681 2465 2970 2535 dissolvit,
3021 2465 3235 2524 doctri·

1953 2574 2208 2631 namque
2239 2555 2293 2613 d.
2330 2555 2582 2614 Thomae
2602 2554 2855 2633 angelici
2886 2553 3146 2614 doctoris
3179 2558 3239 2613 et

1954 2645 2331 2704 subtilissimi
2367 2644 2522 2702 Scoti
2571 2646 2838 2702 modeste
2870 2647 2930 2702 et
2962 2644 3239 2720 perdocte

1954 2734 2224 2810 explieat,
2258 2736 2329 2791 ut
2362 2734 2509 2791 bene
2530 2733 2823 2791 scribendi
2856 2737 2918 2791 et
2950 2733 3238 2809 interpre-

1955 2823 2121 2881 tandi
2184 2822 2396 2881 multis
2458 2840 2585 2880 esse
2634 2826 2832 2897 posset
2881 2823 3237 2897 exemplar.‘

1955 2912 2210 2987 Reliqua
2241 2911 2359 2970 duo
2392 2911 2695 2970 volumina
2738 2913 3086 2969 manserunt
3116 2913 3242 2969 ine-

1955 3001 2098 3058 dita.
2132 3000 2284 3057 Huic
2318 2999 2466 3057 adde
2487 3000 2853 3058 Matthaeum
2886 3000 2969 3058 de
3003 3000 3148 3058 Sou
3169 3019 3244 3057 sa

1956 3086 2147 3170 (Sosa)
2186 3089 2250 3151 O.
2286 3089 2340 3145 S.
2374 3089 2573 3151 Frane.
2609 3089 3103 3164 Olisiponensem‚
3138 3088 3241 3164 qui

1955 3181 2018 3237 in
2051 3178 2407 3237 salmantina
2438 3178 2610 3236 domo
2630 3179 2881 3254 primam
2911 3177 3244 3253 theologiae

1957 3268 2287 3326 cathedram
2335 3267 2532 3324 tenuit
2564 3270 2625 3324 et
2657 3271 2924 3341 optatam
2959 3266 3066 3325 diu
3096 3268 3243 3323 arti-

1956 3358 2291 3416 culationem
2340 3363 2388 3412 et
2432 3357 2876 3414 illustrationem
2921 3356 2956 3414 l.
3011 3359 3069 3413 1.
3118 3374 3243 3413 sen·

1956 3448 2270 3504 tentiarum
2331 3444 2587 3503 doctoris
2651 3444 3026 3502 subtilissimi
3075 3443 3244 3502 Joan.

1961 3537 2005 3592 D
2024 3554 2158 3593 uns
2193 3535 2228 3591 S
2247 3552 2326 3593 co
2345 3534 2406 3591 ti
2447 3533 2773 3609 publicavit
2804 3551 2937 3591 cum
2972 3531 3245 3590 fidelissi-

1956 3645 2050 3682 ma
2080 3622 2424 3699 integritate
2470 3627 2532 3681 et
2575 3622 2835 3696 puritate
2882 3622 3085 3680 literae
3117 3624 3245 3678 tex-

1958 3712 2137 3771 tualis
2200 3711 2460 3787 ejusdem
2524 3714 2585 3768 et
2634 3709 2959 3786 cujuslibet
3007 3709 3246 3767 articuli

1958 3800 2395 3861 commentariis
2428 3808 2488 3858 et
2519 3799 2841 3875 disputatis
2874 3798 3245 3857 difficultati-

1957 3892 2089 3958 buS,
2124 3908 2275 3965 quae
2308 3890 2463 3948 circa
2494 3893 2725 3947 textum
2776 3889 3060 3947 scoticum
3090 3888 3246 3946 exci-

1961 3983 2185 4048 tantur,
2239 3978 2628 4037 Salmanticae
2688 3987 2851 4039 1629
2905 3997 2957 4034 v.
3005 3986 3037 4037 2
3094 3977 3156 4034 in
3189 3979 3246 4041 f..

1960 4087 2111 4142 opus
2146 4087 2362 4125 rarum.

2055 4200 2199 4254 286.
2233 4193 2285 4249 S.
2320 4192 2600 4249 Thomam
2636 4189 3076 4249 commentariis
3109 4189 3247 4246 illu·

1963 4273 2230 4339 strarunt
2261 4300 2328 4338 ex
2362 4281 2568 4339 ordine
2598 4279 3108 4337 Praedicatorum:
3143 4277 3180 4334 J
3186 4296 3247 4334 o-

2036 4437 2074 4505 ι)
2101 4433 2366 4487 Julianus
2394 4432 2461 4485 de
2490 4432 2529 4485 O
2546 4449 2580 4485 a
2597 4432 2741 4486 atel
2759 4431 2828 4484 vi
2856 4435 2914 4485 et
2938 4430 3159 4484 Ladron
3185 4428 3246 4483 Ο.

1962 4506 2139 4558 Carni.
2156 4505 2217 4558 in
2234 4503 2520 4556 academia
2538 4503 2832 4558 valentina
2853 4502 3249 4582 philosophiae

1962 4576 2242 4645 professor
2268 4594 2481 4628 cui-snm
2502 4578 2923 4643 philosophicum
2951 4582 3251 4628 concinna-

1964 4648 2047 4700 vit.
2066 4664 2166 4716 per
2190 4646 2420 4702 modum
2468 4645 2858 4700 commentarii
2884 4645 2946 4699 in
2973 4647 3023 4698 A
3039 4645 3098 4697 ri
3117 4662 3141 4696 s
3159 4647 3184 4697 t
3198 4661 3250 4696 o-

1962 4719 2029 4771 te
2045 4717 2098 4770 li
2121 4738 2144 4770 s
2172 4735 2203 4771 o
2249 4733 2358 4781 em,
2386 4718 2684 4771 Valentiae
2713 4721 2997 4775 1624—30
3011 4719 3051 4770 t.
3068 4715 3177 4771 4in
3198 4720 3249 4771 8.

2035 4794 2076 4859 2)
2104 4790 2209 4843 Bib
2236 4830 2247 4841 .
2276 4789 2484 4845 valent.
2516 4806 2644 4859 pag.
2678 4793 2793 4845 173.
