3625 5193
612 208 690 261 63

850 194 1149 249 1564—80.
1177 190 1528 262 Disciplinae
1554 192 1627 246 ad
1656 208 1728 245 ss.
1757 190 1950 246 literas
1965 193 2305 261 spectantes.
2316 188 2638 254 Mathisius‚
2655 190 2987 258 Hentenius‚

3146 209 3228 262 64

608 378 846 454 elegans
898 380 1078 453 atque
1142 378 1433 438 facundus
1451 374 1558 461 ¹).‘
1621 378 1889 455 Reliquit
1942 379 2147 454 plures
2168 378 2346 437 etiam
2368 396 2554 437 annos
2587 378 2809 455 scripta
2847 380 3095 455 erant2).
3147 379 3230 438 Ea

612 468 829 547 (raras)
867 467 1378 526 Commentationes
1396 470 1459 526 in
1480 468 1764 543 Genesim,
1785 468 1888 526 Di·
1944 485 2064 526 non
2096 467 2373 526 minimae
2405 467 2523 526 fuit
2564 466 2850 527 utilitatis
2882 471 2944 525 et
2973 467 3229 526 auctori·

609 556 804 632 lingae
830 556 1146 626 1564inf.‚
1171 556 1434 628 ,doctas,
1447 558 1627 616 utiles
1648 559 1709 616 et
1726 558 1890 615 lectu
1944 555 2089 614 tatis
2153 557 2216 615 in
2275 556 2628 633 corrigenda
2690 553 3027 637 Vulgata2).
3094 556 3227 616 Non

601 646 915 720 jucundas,
963 646 1240 721 plurimis
1290 646 1754 705 clarissimorum
1788 644 1888 703 he-

607 734 832 805 braeae,
870 753 1111 812 graecae
1143 738 1203 793 et
1235 735 1451 794 latinae
1498 736 1737 813 linguae
1782 755 1886 793 au-

538 880 544 886 .
607 826 839 887 ctorum
884 842 1186 882 sacrorum
1232 828 1293 883 et
1337 824 1722 900 profanorum
1753 843 1887 882 sen·

606 913 814 971 tentiis
848 913 991 972 adeo
1024 916 1280 982 ornatas,
1324 918 1396 971 ut
1425 913 1498 971 ab
1531 932 1717 988 aequo
1750 931 1888 971 can·

606 1002 863 1078 didoque
897 1002 1110 1060 lectore
1140 1021 1260 1061 non
1292 1002 1420 1061 sine
1450 1021 1666 1079 magno
1686 1002 1887 1060 fructu

607 1095 668 1148 et
698 1091 963 1150 utilitate
994 1090 1113 1167 legi
1141 1092 1407 1167 possint‘
1445 1094 1518 1150 ut
1561 1092 1626 1150 in
1671 1110 1762 1167 op.
1797 1091 1889 1149 in-

607 1180 925 1254 scriptione
958 1180 1227 1256 legimus.
1261 1181 1472 1239 Rarius
1516 1184 1717 1239 tamen
1781 1200 1888 1239 no-

607 1276 881 1327 vatorum
912 1264 1227 1345 impugnat
1258 1288 1502 1329 errores.
1537 1269 1766 1328 Obiisse
1799 1269 1888 1328 vi-

608 1357 783 1415 detur
813 1377 1020 1433 parum
1039 1362 1174 1433 post
1191 1379 1240 1418 a.
1266 1369 1286 1418 1
1307 1368 1449 1421 564.
1483 1393 1571 1401 —-
1592 1358 1889 1417 Gerardus

608 1448 663 1504 M
686 1446 1033 1504 athisius
1114 1443 1428 1527 (Mattbys)
1506 1447 1886 1517 Geldriensis,

606 1536 923 1594 canonicus
956 1536 1325 1605 coloniensis,
1343 1554 1554 1613 regens
1591 1536 1888 1612 gymnasii

607 1624 893 1693 montani,
944 1625 1225 1699 epistolas
1259 1644 1303 1684 s.
1336 1626 1506 1684 Pauli
1535 1645 1641 1701 pro
1688 1626 1885 1685 cathe-

607 1713 713 1771 dra
772 1714 1100 1788 exponebat
1161 1718 1222 1772 et
1282 1715 1529 1773 rectoris
1590 1714 1889 1789 m.1gnifici

606 1820 850 1860 munere
872 1801 1234 1879 fungebatur
1262 1813 1623 1865 1562—64.
1658 1804 1891 1862 Prodiit

606 1892 1059 1953 commentarius
1090 1893 1219 1966 ejus
1237 1892 1299 1950 in
1315 1892 1617 1968 epistolam
1649 1911 1691 1950 s,
1719 1892 1890 1950 Pauli

606 1980 684 2037 ad
733 1977 1102 2056 R0111an08²)‚
1157 1981 1428 2040 Coloniae
1487 1991 1650 2045 1562
1687 1977 1750 2059 <†
1790 1993 1886 2043 11.

608 2071 745 2143 Apr.
788 2064 1000 2149 1574).

697 2347 796 2397 31.
849 2336 1055 2411 Belqae
1101 2332 1336 2415 sunt³):
1387 2337 1649 2396 Joannes
1698 2338 1887 2396 Hen-

604 2424 877 2483 tenius
910 2425 972 2484 Ο.
1008 2426 1227 2497 Praed.‚
1274 2427 1465 2502 patria
1508 2427 1884 2485 Nechlinien-

606 2513 703 2582 sis,
722 2514 878 2588 quod
901 2514 1250 2588 oppidulum
1275 2519 1367 2573 est
1385 2514 1705 2573 leodiensis
1727 2514 1884 2573 dioe-

606 2604 768 2672 cesis·‚
816 2603 908 2660 vir
951 2604 1013 2660 in
1044 2605 1392 2681 theologicis
1424 2623 1886 2680 graecarumque

608 2710 673 2748 ac
705 2691 1109 2749 hebraicarum
1161 2693 1495 2769 cognitione
1544 2694 1886 2769 linguarum

603 2779 869 2848 eximium
922 2798 1134 2855 regens
1171 2782 1464 2858 generalis
1514 2785 1575 2840 et
1612 2782 1887 2841 definitor

602 2867 983 2942 provincialis
1016 2864 1078 2951 (†
1117 2879 1211 2932 13.
1235 2870 1359 2928 Oct.
1399 2867 1609 2950 1566).
1642 2872 1886 2928 Praeter

603 2962 869 3014 veterum
906 2953 1239 3038 (Euthymii
1274 2959 1349 3015 Zi
1363 2959 1662 3035 gebeni,
1711 2962 1884 3018 Are-

601 3050 724 3103 tae
756 3054 817 3102 et
849 3045 1328 3123 Oecumenii)
1373 3051 1784 3106 commentaria
1823 3049 1885 3106 in

602 3134 786 3193 libros
832 3135 901 3190 N.
955 3135 1015 3192 Τ.
1068 3139 1129 3193 et
1173 3136 1423 3212 Remigii
1471 3138 1774 3197 antissiod.
1823 3140 1884 3194 in

603 3223 706 3280 XI
718 3225 1071 3295 posteriores
1094 3227 1411 3299 prophetas
1440 3228 1707 3302 minores,
1731 3228 1882 3284 Ant-

603 3313 838 3386 verpiae
882 3322 1042 3375 1545
1096 3313 1317 3372 edidit:
1361 3315 1555 3373 Biblia
1587 3317 1774 3373 latina
1807 3316 1886 3372 ad

604 3403 885 3459 vetusti-ssi
889 3420 982 3459 ma
1003 3405 1357 3478 exentplaria
1375 3421 1570 3462 reeens
1584 3406 1881 3481 σιιθίὶραία,

603 3490 843 3548 Lovanii
869 3502 887 3552 l
910 3501 1052 3559 547,
1071 3492 1143 3550 ad
1164 3511 1343 3566 quam
1363 3492 1686 3552 editionem
1707 3512 1852 3568 prae
1866 3525 1880 3536 ·

604 3583 696 3636 ter
743 3580 1100 3654 exemplaria
1150 3600 1361 3639 excusa
1409 3601 1553 3639 usus
1604 3586 1696 3641 est
1741 3583 1882 3657 plus

604 3667 801 3724 minus
834 3669 1051 3743 viginti
1079 3670 1513 3745 exemplaribus
1546 3672 1700 3740 Mes„
1735 3690 1883 3746 quo·

604 3775 735 3812 rum
797 3758 1263 3817 recentissimum
1312 3763 1447 3817 ante
1499 3769 1622 3820 200
1677 3779 1881 3830 ann08‚

603 3845 719 3901 alia
751 3851 888 3902 ante
940 3855 1085 3916 300,
1138 3857 1283 3918 400,
1331 3848 1447 3906 imo
1498 3854 1558 3906 et
1611 3859 1734 3911 600
1788 3851 1880 3907 vel

1946 663 2123 719 parvo
2155 664 2287 704 eum
2321 646 2540 720 plausu
2588 649 2835 720 excepta
2883 651 2944 703 et
2994 646 3229 722 saepius

1945 734 2199 809 repetita
2229 738 2323 792 est
2355 733 2639 793 Hentenii
2671 734 2869 804 editio,
2918 754 3070 810 quae
3114 734 3227 794 Lo-

1945 822 2244 882 vaniensis
2276 823 2391 881 dici
2421 824 2590 892 solet,
2610 823 2904 899 siquidem
2937 842 3006 881 ex
3031 824 3227 899 jussu,

1944 912 2336 971 instructione
2373 930 2439 970 ac
2463 912 2688 987 judicio
2735 913 3224 990 gravissimorum

1946 1001 2127 1076 hujus
2161 1000 2488 1060 academiae
2533 1002 2944 1078 theologorum
2990 1002 3226 1061 concin-

1945 1096 2088 1155 nata
2116 1090 2250 1148 fuit.
2284 1124 2369 1132 —·-—
2401 1090 2666 1149 Andreas
2697 1091 2982 1149 Masius
3016 1087 3242 1171 (Maes).

1945 1179 2187 1239 criticus
2220 1184 2313 1237 est
2344 1182 2406 1238 et
2436 1183 2677 1256 exegeta
2708 1180 2804 1240 vel
2827 1197 3008 1255 penes
3027 1184 3227 1254 prote·

1947 1271 2171 1327 stantes
2221 1268 2462 1327 celeber.
2514 1268 2706 1327 Natus
2769 1272 2862 1327 est
2914 1269 2978 1326 in
3010 1269 3230 1343 oppido

1945 1357 2173 1415 Lennik
2237 1354 2533 1438 (Linnich)
2624 1376 2807 1434 prope
2883 1357 3224 1415 Bruxellam

1946 1452 2048 1508 30.
2079 1447 2227 1505 Nov.
2286 1456 2470 1516 1515,
2523 1446 2835 1521 factusque
2885 1447 3117 1504 Primus
3166 1452 3230 1504 et

1945 1536 2230 1611 magister
2274 1535 2489 1593 artium
2524 1531 2749 1614 (1533)
2783 1535 2948 1594 brevi
2999 1534 3227 1593 addidi-

1946 1623 2028 1681 cit
2058 1624 2296 1700 linguas
2330 1643 2448 1682 non
2480 1623 2670 1682 solum
2703 1623 3020 1682 orientales
3043 1623 3146 1682 sed
3165 1627 3227 1682 et

1945 1731 2282 1787 europaeaa
2340 1713 2483 1771 Post
2512 1713 2727 1772 itinera
2759 1714 2824 1771 in
2853 1713 3227 1771 Germaniam

1945 1805 2006 1858 et
2066 1802 2317 1869 Italiam,
2382 1821 2636 1878 quorum
2689 1802 2989 1861 occasione
3051 1821 3227 1860 usum

1945 1891 2552 1966 consuetudinemque
2584 1891 2720 1949 iniit
2753 1910 2886 1950 cum
2917 1890 3060 1949 viris
3089 1891 3225 1950 doc-

1945 1979 2215 2049 tissimi3‚
2248 1984 2320 2038 ut.
2350 1980 2503 2038 card.
2552 1980 2765 2038 Sirleto
2815 1983 2875 2038 et
2924 1979 3228 2037 Commen-

1945 2068 2111 2137 done,
2166 2070 2403 2127 Morone
2453 2073 2515 2126 et
2563 2068 2823 2139 Cerviu0‚
2888 2087 3024 2126 cum
3085 2072 3224 2126 Ant.

1944 2158 2285 2232 Augustino
2317 2161 2380 2216 et
2409 2157 2642 2216 Latinio
2675 2161 2802 2225 etc„
2825 2162 2885 2216 et
2905 2160 3224 2232 postquam

1946 2247 2135 2303 varias
2165 2246 2504 2322 principum
2536 2247 2862 2323 legationes
2900 2251 2961 2304 et
2986 2246 3230 2322 negotia

1943 2335 2120 2392 etiam
2154 2336 2311 2410 apud
2345 2335 2541 2393 sedem
2573 2336 2958 2410 apostolicam
2977 2334 3228 2403 obierat,

1943 2424 2005 2480 in
2038 2424 2280 2498 opidum
2315 2424 2654 2483 Zevennaar
2685 2424 2935 2482 ducatus
2955 2425 3099 2481 tunc
3117 2424 3224 2480 cli-

1943 2512 2168 2570 viensis
2219 2513 2460 2570 secessit
2518 2509 2768 2592 (1558),
2834 2512 3224 2571 renunciatis-

1944 2619 2060 2676 que
2136 2602 2435 2661 beneficiis
2509 2603 2941 2671 ecclesiasticis,
3006 2602 3228 2676 quibus

1944 2689 2269 2749 liberaliter
2309 2695 2518 2749 auctus
2549 2691 2760 2762 fuerat,
2809 2695 3230 2766 contractoque

1943 2781 2316 2839 matrimonio
2349 2780 2564 2838 studiis
2616 2782 2680 2839 in
2730 2781 2937 2856 primis
2989 2780 3227 2838 biblicis

1941 2870 2105 2927 totus
2138 2871 2366 2928 vacavit
2400 2867 2459 2948 (†
2485 2880 2537 2931 7.
2560 2872 2698 2945 Apr.
2732 2865 2943 2950 1573).
2977 2870 3229 2928 immor-

1941 2956 2049 3014 tali
2072 2959 2350 3016 memoria
2370 2958 2619 3034 dignum
2641 2959 2786 3017 dicit
2805 2977 2942 3016 eum
2965 2959 3141 3016 Polus
3152 2953 3227 3038 3),

1946 3046 2083 3113 „cui
2113 3066 2314 3121 parem
2349 3047 2606 3123 ingenio,
2634 3048 2878 3122 judici0‚
2917 3066 3115 3105 rerum
3161 3065 3229 3104 ac

1941 3134 2280 3211 linguarum
2314 3135 2548 3210 peritia,
2584 3137 2834 3195 candore
2855 3140 2914 3194 et
2937 3135 3227 3194 modestia

1943 3223 2096 3282 haud
2132 3225 2304 3283 facile
2335 3226 2654 3300 reperieS,‘
2691 3226 2850 3299 quod
2883 3224 2982 3283 alii
3010 3224 3230 3282 eruditi

2017 3469 2056 3534 ¹)
2085 3465 2162 3519 Ut
2187 3468 2426 3519 testatur
2452 3466 2514 3518 in
2541 3467 2775 3535 praefat.
2821 3465 3041 3520 Calmet
3065 3467 3133 3519 de
3159 3482 3228 3519 ea

1939 3536 2023 3589 ita
2049 3537 2223 3590 habet
2246 3537 2309 3589 in
2339 3537 2481 3593 Bibl.
2508 3553 2696 3592 sacra:
2743 3537 2925 3598 „Haec
2966 3540 3072 3590 sub
3098 3537 3229 3590 doc-

1940 3612 2128 3662 torum
2169 3607 2588 3662 lovaniensium
2629 3610 2860 3662 nomine
2901 3609 3078 3662 biblia
3104 3611 3226 3661 tam

1939 3679 2131 3732 crebro
2147 3681 2338 3748 praelo
2355 3679 2652 3733 commissa
2680 3680 3053 3734 celebrantur.
3101 3679 3230 3731 Edi-

1940 3751 2022 3804 tio
2038 3767 2085 3803 η.
2107 3755 2243 3807 1547
2263 3750 2593 3820 (secundum
2615 3751 2676 3803 R.
2696 3751 2910 3805 Simon(
2923 3769 2980 3803 m
2996 3768 3046 3804 a.
3065 3754 3232 3822 1573)

1941 3821 2160 3890 optima
2189 3825 2247 3875 et
2271 3820 2701 3875 accuratissima
2727 3827 3002 3875 censetur.
3054 3824 3229 3875 Fran-

1940 3892 2119 3945 ciscus
2146 3892 2188 3945 L
2206 3910 2243 3945 u
2261 3908 2289 3945 c
2306 3909 2339 3944 a
2355 3910 2380 3944 s
2409 3892 2518 3945 Bru
2563 3894 2730 3952 ensis,
2754 3894 2784 3946 J
2791 3909 3002 3947 oannes
3024 3893 3080 3945 M
3093 3894 3226 3947 ola·

1938 3981 1973 4014 n
1992 3981 2028 4015 u
2046 3981 2088 4026 s,
2107 3964 2467 4033 Augustinus
2558 3982 2594 4016 u
2614 3983 2650 4017 n
2669 3983 2706 4018 n
2723 3982 2756 4018 a.
2772 3982 2801 4018 e
2819 3983 2855 4017 u
2873 3983 2915 4027 s.
2934 3963 3227 4018 Cornelius

679 4041 715 4098 ¹)
748 4033 982 4098 Reburri,
1011 4034 1321 4106 Scriptores
1348 4036 1409 4090 Ο.
1439 4035 1636 4091 Praed.
1660 4037 1725 4101 11,
1748 4040 1853 4094 186
1869 4058 1882 4108 ;
1938 4034 2232 4088 Reinerius
2249 4035 2296 4089 G
2313 4052 2347 4088 a
2365 4053 2402 4086 u
2418 4035 2455 4087 d
2470 4052 2503 4088 a
2520 4052 2549 4088 e
2565 4053 2603 4088 n
2622 4054 2657 4088 u
2678 4056 2702 4089 s
2730 4039 2787 4089 et
2804 4037 2834 4088 J
2840 4052 3051 4089 oannes
3069 4035 3228 4088 Har-

603 4104 672 4157 N.
720 4105 934 4158 Paulus
986 4106 1258 4175 hist.-pol.
1310 4107 1393 4160 Bl.
1446 4107 1618 4160 cvm
1681 4111 1883 4178 (1891),

600 4181 885 4232 429—438
903 4198 914 4238 ;
944 4181 1000 4229 et
1018 4177 1119 4230 Die
1134 4178 1457 4232 Deutschen
1473 4177 1885 4232 Dominikaner

604 4251 1153 4386 1³.21)s}ffi1{f³l.mdem
1190 4320 1404 4389 scripta
1442 4319 1882 4391 (philosophica)

602 4391 672 4443 cf.
698 4387 757 4442 in
784 4389 1053 4442 Biblioth.
1080 4391 1262 4443 colon.
1290 4407 1421 4461 pag.
1448 4396 1532 4456 99,
1561 4391 1712 4446 inter
1733 4409 1882 4460 quae

602 4464 740 4514 sunt
763 4467 1139 4514 commentaria
1166 4479 1227 4514 111
1256 4462 1301 4514 Τ
1318 4462 1354 4514 h
1373 4480 1405 4516 o
1422 4482 1477 4515 m
1499 4480 1532 4516 a
1548 4481 1576 4516 e
1603 4464 1709 4530 Aq.
1736 4463 1775 4519 l.
1815 4463 1883 4516 de

606 4537 811 4583 natura
835 4533 894 4584 et
908 4532 1152 4584 essentia
1171 4549 1360 4586 rerum
1381 4550 1508 4587 cum
1531 4534 1882 4604 paraphrasi,

604 4602 868 4656 Coloniae
898 4606 1036 4658 1566
1064 4603 1123 4655 in
1149 4608 1201 4660 4.

1939 4106 2072 4158 lem
2098 4107 2160 4158 in
2187 4107 2333 4160 hanc
2359 4106 2668 4161 editionem
2697 4124 2810 4161 non
2829 4108 2951 4160 leve
2967 4107 3225 4160 studium

1940 4178 2290 4232 conferentes
2315 4177 2507 4247 plures
2535 4178 2824 4233 variantes
2843 4179 3114 4232 lectiones
3129 4178 3227 4230 ad·

1939 4247 2221 4304 diderunt.
2259 4248 2448 4302 Editio
2475 4251 2832 4319 Antwerpiae
2861 4247 3228 4318 plantiniana

1939 4323 2078 4376 1583
2104 4336 2228 4372 cum
2261 4321 2733 4374 annotationibus
2759 4322 2943 4375 Lucae
2974 4319 3231 4389 Brugen-

1939 4390 2012 4443 sis
2040 4391 2232 4460 magni
2259 4393 2433 4445 etiam
2459 4395 2811 4460 reputatur.·‘
2867 4391 2948 4445 Cf.
2978 4390 3224 4444 Richard

1940 4462 2134 4516 Simon
2175 4463 2424 4517 Histoire
2462 4463 2704 4531 critique
2744 4464 2822 4516 du
2864 4463 2934 4518 N.
2962 4462 3022 4515 Τ.
3051 4479 3095 4516 c.
3125 4467 3228 4519 11:

1940 4534 2014 4587 Le
2040 4533 2217 4603 Long‚
2243 4534 2512 4587 Biblioth.
2554 4553 2594 4589 s.
2623 4552 2669 4590 c.
2695 4539 2747 4591 4.
2778 4552 2819 4588 s.
2849 4539 2900 4588 3.
2931 4553 2986 4603 p.
3015 4539 3117 4590 261
3153 4551 3227 4588 ss.

2015 4611 2051 4669 ἵ)
2082 4604 2163 4659 Cf.
2194 4605 2499 4686 Ungarelli‚
2528 4605 2764 4659 historia
2806 4606 3078 4674 vulgatae
3107 4605 3228 4659 bib·

676 4677 717 4743 ⁸)
746 4672 847 4726 His
896 4673 1043 4727 adde
1108 4675 1457 4730 Matthaeum
1510 4675 1634 4730 Gal
1652 4693 1789 4730 enu
1808 4696 1882 4741 m,
1939 4676 2145 4729 liorum
2175 4676 2444 4730 editionis
2470 4685 2497 4742 ξ,
2527 4682 2610 4735 17.

603 4743 672 4798 de
700 4761 813 4813 quo
842 4743 991 4799 infra
1020 4764 1074 4816 p.
1103 4752 1172 4804 70
1198 4764 1248 4803 a.

2014 4754 2054 4818 ⁸)
2085 4747 2264 4801 Praef.
2296 4748 2404 4801 vol.
2437 4753 2482 4802 1.
2511 4747 2948 4820 synopscritic.
