3625 5193
408 271 569 324 1209

820 248 1008 304 Casus.
1038 247 1230 314 Naldi,
1263 247 1576 315 Candidus,
1602 251 1954 315 Zambertus,
1981 249 2259 315 Moronus‚
2289 248 2461 303 Vidal
2488 251 2592 303 etc.

2856 265 3017 318 1210

398 440 676 515 Espeleta
706 437 1027 505 Navarru5‚
1078 437 1460 495 asturicensis
1493 438 1682 495 eccle·
1739 437 1932 514 logiae
1978 436 2217 496 moralis
2251 434 2605 511 margaritae
2652 454 2719 494 ex
2753 435 3021 493 vastissi-

399 530 516 588 siae
564 527 823 586 vicarius
873 525 1184 603 generaliS‚
1237 526 1462 583 Matriti
1515 535 1678 589 1660
1739 529 1985 585 motum
2007 525 2338 602 theologico
2357 529 2488 583 tum
2510 525 2790 584 canonico
2810 542 3025 584 oceano

399 620 460 677 in
489 618 528 676 f.
560 651 648 661 —
682 616 982 675 Summam
1018 633 1265 673 casuum
1291 615 1684 673 conscientiae
1740 615 2061 692 diligenter
2081 616 2358 675 collectae
2381 614 2776 672 recluduntur
2796 631 2902 672 seu
2933 615 3025 672 in·

399 708 694 766 dederunt
713 704 1014 764 Antonius
1027 705 1080 762 N
1096 723 1129 761 a
1145 703 1220 761 ld
1237 703 1255 760 i
1278 704 1339 763 Ο.
1359 704 1560 766 Theat.
1577 704 1685 761 Fa-

399 798 681 856 ventinus
699 813 873 853 senex
889 812 1115 852 morum
1131 794 1398 863 candore,
1417 792 1686 870 ingenui-

1740 704 2095 780 quisitiones
2125 703 2489 781 theologicae
2510 704 2762 762 morales
2781 721 3024 762 casuum

1741 793 2147 864 conscientiae,
2184 793 2447 852 Venetiis
2491 802 2651 855 1650
2686 792 2750 851 in
2781 793 2838 855 f..
2866 792 3025 868 quod

403 889 543 954 tate,
577 883 962 960 simplicitate
996 883 1351 958 conspicuus
1387 878 1446 962 (†
1471 879 1682 964 1645),
1739 888 1944 941 tamen
1976 902 2125 959 opus
2155 882 2309 943 decr.
2345 891 2442 944 23.
2479 881 2636 958 Sept.
2679 891 2842 944 1653
2890 900 3025 957 pro·

404 976 576 1050 cujus
609 972 1005 1032 resolutiones
1043 973 1335 1048 practicae
1368 971 1684 1031 notabilio-

406 1082 498 1122 res
529 1080 775 1121 casuum
822 1061 942 1119 fere
981 1062 1242 1120 omnium
1289 1061 1504 1119 Romae
1549 1080 1684 1137 pro·

406 1152 653 1210 dierunt
677 1161 834 1213 1635
860 1150 946 1208 ed.
973 1160 1026 1213 5.
1050 1185 1134 1193 —
1150 1150 1500 1209 Vincentius
1523 1151 1682 1209 Can-

406 1241 634 1299 didus
667 1239 729 1298 O.
762 1241 855 1298 Pr.
891 1239 1311 1315 Syracusanus,
1366 1240 1478 1298 sub
1510 1241 1685 1297 Inno-

403 1330 595 1389 centio
627 1329 694 1392 X.
743 1328 1026 1411 magister
1057 1348 1100 1387 s.
1134 1329 1357 1405 palatii,
1407 1329 1687 1404 probabi-

403 1420 539 1477 lista
570 1418 767 1495 gravis
803 1414 864 1499 (†
902 1427 955 1481 7.
988 1418 1135 1476 Nov.
1178 1428 1342 1481 1654
1392 1438 1440 1476 a.
1474 1418 1687 1477 aetatis

408 1504 535 1589 81),
570 1508 681 1567 sub
713 1507 928 1566 titulo:
979 1507 1371 1566 Illustriorum
1412 1509 1685 1584 disquisi-

404 1600 623 1655 tionum
654 1598 987 1671 moralium,
1029 1596 1247 1671 quibus
1280 1615 1484 1655 omnes
1517 1615 1687 1655 casus

405 1686 796 1745 conscientiae
841 1686 1092 1744 maxime
1142 1685 1553 1761 practicabiles
1585 1702 1688 1743 ex-

403 1776 707 1851 plicantur
750 1793 818 1833 ex
852 1792 927 1832 ss.
961 1774 1283 1833 canonibus
1328 1777 1389 1833 et
1424 1775 1688 1849 probatis

404 1865 716 1923 doctorum
762 1863 1070 1922 sententiis
1120 1863 1192 1921 ad
1239 1864 1687 1922 instructionem

406 1952 897 2011 confessariorum
949 1957 1010 2011 et
1057 1952 1489 2027 poenitentium
1534 1956 1577 2010 t.
1610 1952 1690 2010 IV

407 2043 468 2100 in
502 2041 558 2112 f.‚
593 2042 808 2101 Romae
834 2048 1286 2107 1638-1643,
1319 2061 1471 2115 quae
1492 2061 1524 2098 a
1543 2059 1688 2098 non-

406 2131 589 2189 nullis
621 2131 886 2189 laxitatis
904 2130 1145 2188 nomine
1165 2130 1688 2206 impugnabantur.

407 2255 494 2262 —
527 2221 771 2278 Carolus
806 2219 1021 2277 Zamb
1043 2224 1260 2278 ertus
1286 2220 1337 2278 S.
1361 2219 1413 2277 J.
1448 2220 1689 2277 Placen-

408 2310 573 2367 tinus
604 2328 708 2384 per
732 2317 810 2370 20
847 2329 895 2366 a.
929 2308 1261 2384 theologiae
1282 2308 1523 2367 moralis
1554 2325 1690 2383 pro-

406 2399 589 2456 fessor
621 2394 682 2477 (†
716 2406 814 2459 27.
848 2399 988 2472 Apr.
1031 2393 1244 2478 1650),
1292 2398 1398 2473 qui
1440 2397 1551 2455 sub
1583 2415 1690 2455 no-

405 2486 566 2544 mine
597 2486 833 2545 lectoris
864 2486 1192 2563 theologiae
1224 2487 1460 2546 moralis
1498 2486 1562 2544 in
1597 2505 1692 2544 ca-

406 2575 663 2635 thedrali
725 2575 1026 2635 Bononiae
1088 2575 1304 2635 edidit:
1370 2576 1693 2634 Decim‘ones

406 2684 644 2724 casuum
675 2667 1061 2741 conscientiae,
1101 2666 1205 2741 qui
1239 2666 1494 2743 singulis
1525 2685 1690 2724 men-

407 2755 571 2813 sibus
602 2755 664 2812 in
697 2755 1257 2832 congregationibus
1283 2755 1692 2831 archipresby-

405 2844 699 2902 teralibus
733 2843 1017 2902 dioecesis
1062 2843 1446 2904 bononiensis
1496 2844 1691 2902 discu-

408 2934 651 2992 tiuntur
696 2932 769 2991 ab
803 2953 850 2991 a.
894 2942 1347 3002 1634-1639,
1396 2933 1693 2991 Bononiae

408 3024 473 3080 in
524 3032 578 3084 4.
629 3056 715 3064 —
768 3022 1223 3098 christophorus
1287 3022 1692 3079 Fabritius

409 3111 843 3189 FuligniensiS,
921 3111 1235 3171 canonicus
1298 3110 1692 3170 lateranensis

410 3196 473 3282 (†
501 3197 712 3282 1651),
731 3204 792 3258 et
807 3200 1148 3276 Alphonsus
1180 3200 1217 3258 d
1233 3219 1264 3259 e
1281 3201 1324 3257 L
1342 3220 1373 3258 e
1389 3219 1423 3259 0
1439 3218 1479 3257 n
1495 3218 1526 3256 e
1560 3199 1691 3257 cler.

412 3308 530 3365 reg.
566 3289 991 3366 Neapolitanus
1020 3286 1081 3370 (†
1110 3286 1321 3369 1644),
1356 3290 1525 3363 cujus
1545 3306 1692 3346 com·

412 3382 674 3436 munium
694 3399 761 3438 ac
771 3380 1238 3452 pmctimbilium
1272 3379 1694 3436 coaewlusionum

415 3471 787 3526 conscientiae
835 3486 1073 3526 casuum
1122 3469 1531 3526 recollectiones
1580 3465 1692 3524 sub

413 3561 673 3614 tractatu
705 3557 776 3615 de
809 3555 998 3616 officio
1030 3564 1090 3615 et
1133 3560 1434 3634 potestate
1466 3556 1689 3614 confes-

418 3645 557 3702 sarii
599 3646 950 3721 prodierunt
994 3645 1248 3704 Arimini
1307 3655 1468 3708 1630
1522 3644 1588 3702 in
1621 3653 1691 3714 43

414 3734 483 3790 de
513 3730 700 3808 officio
744 3736 1024 3811 capellani
1069 3735 1192 3793 sive
1243 3734 1566 3809 qualit-ates
1600 3753 1691 3790 sa·

413 3822 666 3881 cerdotis
697 3825 926 3882 ratione
946 3823 1233 3892 beneficii,
1271 3825 1451 3901 legati
1473 3827 1579 3882 aut
1599 3841 1688 3881 sa·

411 3911 541 3969 larii
572 3914 681 3971 etc.
727 3913 980 3987 Neapoli
1021 3923 1203 3975 1635.
1248 3947 1333 3957 -—
1378 3911 1691 3972 Illumina-

411 4005 512 4058 tus
545 3992 909 4064 Moronus
937 4002 998 4060 Ο.
1034 4002 1085 4059 S.
1120 4001 1323 4059 Franc.
1369 4001 1555 4059 strict.
1588 4001 1691 4059 ob·

409 4109 560 4152 serv.
579 4090 990 4166 Bergomensis
1022 4089 1185 4148 dedit
1205 4097 1424 4148 centum
1455 4106 1690 4162 respon-

407 4198 476 4236 sa
508 4188 725 4237 centum
747 4181 1018 4255 quaesitis
1038 4198 1106 4237 ex
1129 4180 1239 4247 his,
1273 4197 1424 4253 quae
1445 4197 1512 4236 ex
1534 4177 1690 4236 omni

409 4268 742 4345 theologiae
764 4268 1060 4344 practicae
1085 4267 1333 4326 materia
1362 4267 1451 4324 illi
1482 4267 1546 4324 in
1568 4266 1692 4325 dies

408 4357 687 4415 solvenda
702 4357 1118 4415 deferebantur
1131 4352 1202 4439 ¹),
1214 4355 1478 4415 Venetiis
1502 4367 1526 4419 1
1544 4365 1690 4426 6443

409 4446 726 4504 Mediolani
772 4455 930 4508 1682
966 4445 1030 4503 in
1063 4445 1099 4503 f.
1122 4480 1208 4488 ——
1229 4446 1462 4503 Marcus
1480 4445 1692 4503 Vidal

409 4535 544 4593 cler.
579 4555 700 4611 reg.
722 4535 785 4593 Ο.
808 4535 1007 4593 Theat.
1028 4534 1286 4593 Venetus
1318 4535 1692 4594 concinnavit

408 4642 609 4680 arcam
636 4625 874 4699 vitalem,
902 4624 964 4683 in
985 4643 1103 4698 qua
1123 4623 1502 4700 pretiosiores
1524 4624 1688 4683 theo-

490 4815 528 4876 1)
556 4811 636 4865 Cf.
664 4812 807 4865 Acta
847 4813 1047 4867 erudit.
1085 4812 1215 4882 lips.
1243 4830 1291 4867 a.
1320 4815 1460 4870 1684
1486 4830 1540 4882 p.
1567 4817 1689 4870 302.

1743 972 2001 1030 hibitum
2033 972 2170 1031 fuit.
2205 972 2360 1030 Illud
2386 971 2732 1030 retractavit
2762 970 3024 1030 recudit-

1743 1080 1859 1137 que
1890 1060 2273 1138 inscriptum:
2299 1062 2461 1121 Arca
2480 1062 2761 1120 salutaris
2792 1061 3025 1120 consul-

1742 1154 1844 1209 tus
1877 1150 2193 1226 utriusque
2232 1151 2385 1227 juris
2431 1150 2758 1219 includenS,
2804 1150 2864 1207 in
2909 1169 3029 1225 qua

1743 1240 1988 1298 humani
2019 1240 2254 1317 generis
2288 1258 2420 1315 spes
2439 1239 2730 1316 naufraga
2761 1239 2835 1298 ad
2868 1240 3025 1297 salu-

1742 1330 1823 1388 tis
1855 1333 2098 1405 portum
2115 1328 2445 1405 perducens
2470 1347 2574 1387 seu
2607 1329 3027 1403 inquisitiones

1743 1419 1993 1477 morales
2026 1437 2269 1477 casuum
2302 1418 2708 1487 conscientiae,
2741 1418 2820 1476 ib.
2860 1426 3024 1480 1660

1742 1508 1807 1566 in
1855 1508 1911 1577 f.,
1961 1508 2062 1566 sed
2107 1511 2169 1565 et
2214 1507 2322 1566 hoc
2377 1506 2604 1577 ,donec
2649 1508 3021 1582 corrigatur‘

1743 1597 2113 1673 prohibitum
2143 1596 2261 1655 fuit
2297 1609 2349 1659 8.
2385 1596 2550 1653 Mart.
2593 1606 2776 1659 1661.

1840 1784 1984 1837 530.
2019 1775 2254 1833 Sacram
2299 1776 2597 1850 litut-qiam
2640 1774 2842 1850 plures
2885 1773 3028 1831 illu·

1746 1866 2043 1932 strarunt,
2096 1864 2260 1922 inter
2300 1882 2447 1937 quos
2498 1865 2720 1922 eminet
2768 1862 3028 1921 Jacobus

1748 1953 1940 2011 Goar
1984 1951 2046 2012 Ο.
2093 1952 2299 2010 Praed.
2353 1952 2701 2011 Parisiensis
2746 1972 2802 2010 n.
2844 1962 3026 2014 1601.

1746 2042 1890 2100 Post
1933 2059 2170 2099 emensa
2219 2053 2252 2104 6
2301 2042 2469 2099 annis
2513 2042 2922 2118 philosophiae
2966 2058 3031 2098 ac

1747 2131 2081 2207 theologiae
2114 2130 2321 2199 stadia,
2369 2130 2553 2188 lector
2584 2130 2742 2189 Tulli
2779 2130 3028 2188 institu-

1747 2224 1850 2277 tus
1884 2219 2111 2277 sodales
2157 2218 2587 2294 philosophiam
2635 2218 2851 2289 docuit,
2898 2221 3030 2276 tum

1748 2312 1809 2367 et
1839 2308 2210 2384 theologiam.
2258 2308 2404 2367 Cum
2436 2327 2573 2367 vero
2604 2308 2830 2366 interea
2862 2326 3029 2384 grae-

1749 2417 1876 2456 cam
1925 2398 2193 2474 linguam
2238 2398 2504 2473 apprime
2555 2397 2770 2455 coleret
2818 2415 3028 2454 monu-

1748 2490 2066 2561 mentaque
2111 2489 2314 2544 vetera
2360 2505 2568 2563 graeca
2612 2486 2907 2544 evolveret
2937 2504 3030 2543 ar-

1747 2576 2006 2646 dentiuS,
2057 2595 2208 2651 quae
2240 2575 2560 2652 aliquando
2594 2575 2707 2634 sibi
2740 2592 3029 2652 propone·

1747 2666 1856 2724 bat
1887 2666 2127 2738 edenda,
2173 2669 2243 2725 ut
2274 2667 2484 2725 horum
2532 2665 2798 2724 omnium
2843 2664 3030 2741 pleni-

1748 2774 1908 2814 orem
1955 2759 2317 2831 compararet
2365 2755 2480 2813 sibi
2524 2753 2802 2814 notitiam
2854 2752 3032 2810 simul

1748 2850 1809 2903 et
1841 2846 1994 2903 utin
2027 2863 2148 2902 rem
2171 2843 2517 2902 catholicam
2548 2845 2810 2902 fructum
2831 2859 3028 2917 repor-

1747 2938 1905 2991 taret
1949 2934 2227 3009 aliquem,
2275 2953 2308 2990 a
2336 2933 2622 3009 magistro
2669 2931 2892 2991 ordinis
2924 2930 3031 2989 Ni-

1749 3023 1912 3082 colao
1944 3022 2217 3097 Ridolphi
2251 3022 2465 3080 missus
2495 3025 2589 3080 est
2634 3022 2696 3079 in
2729 3020 3031 3079 Orientem

1752 3106 2000 3193 (1631),
2035 3111 2140 3169 ubi
2162 3111 2221 3169 in
2255 3111 2453 3169 insula
2473 3111 2612 3170 Chio
2645 3110 2817 3169 annis
2853 3119 2886 3171 8
2915 3113 3032 3166 ste-

1748 3200 1828 3258 tit
1860 3199 2166 3275 apostolici
2196 3200 2374 3258 etiam
2407 3198 2768 3258 missionarii
2787 3214 3032 3257 munere
3127 3261 3140 3276 .

1749 3290 2024 3366 fungens,
2058 3289 2415 3348 Graecorum
2447 3288 2743 3357 ecclesias,
2777 3286 3030 3345 ubicun-

1749 3397 1865 3454 que
1896 3397 2031 3436 eum
2076 3378 2281 3436 adesse
2327 3378 2713 3452 contingeret,
2756 3375 3032 3451 frequen·

1748 3472 1898 3538 tanS,
1950 3467 2190 3525 illorum
2222 3467 2375 3525 ritus
2407 3465 2755 3542 singillatim
2787 3464 3032 3522 invest-i·

1748 3575 1896 3633 gans
1929 3574 1994 3614 ac
2039 3557 2437 3630 perscrutans,
2488 3573 2622 3613 cum
2669 3555 2907 3613 illorum
2940 3572 3031 3611 sa-

1748 3644 2145 3721 pientioribus
2167 3662 2232 3702 ac
2251 3643 2632 3719 peritioribus
2657 3644 2890 3719 saepius
2914 3643 3031 3701 col-

1750 3736 1996 3810 loquens
2028 3751 2091 3791 ac
2111 3734 2374 3792 omnium
2407 3733 2695 3792 rationem
2715 3732 3033 3809 diligenter

1750 3824 2082 3898 exquirens,
2098 3823 2242 3898 ipsis
2259 3822 2438 3881 etiam
2455 3821 2862 3891 schismaticis,
2883 3839 3032 3896 quos

1749 3913 1823 3971 ad
1870 3931 2168 3971 romanam
2200 3912 2518 3971 Ecclesiam
2562 3911 2835 3986 pellicere
2880 3911 3032 3970 nite-

1747 4003 1945 4070 batur,
1980 4002 2055 4060 ob
2076 4019 2308 4059 morum
2340 4001 2692 4060 suavitatem
2723 4005 2904 4076 atque
2934 4019 3032 4058 ex-

1749 4095 1936 4149 actam
1957 4090 2350 4149 oruditionem
2369 4092 2829 4167 acceptissimus,
2851 4090 3029 4147 Exin-

1749 4179 1821 4237 de
1855 4198 1988 4238 vero
2021 4199 2065 4238 c.
2105 4189 2270 4243 1640
2307 4181 2549 4239 Romam
2578 4181 2865 4256 appulsus
2899 4197 3031 4235 cum

1748 4287 1948 4327 rerum
1981 4269 2324 4344 rituumque
2346 4271 2723 4328 orientalium
2757 4267 3031 4326 doctiori·

1748 4358 1860 4415 bus
1892 4358 2082 4416 Leone
2102 4357 2344 4427 Allatio,
2380 4359 2604 4417 Basilio
2626 4357 2882 4424 Falasca‚
2905 4373 3029 4413 mo-

1747 4446 2070 4506 nachorum
2120 4465 2164 4508 s,
2216 4447 2422 4506 Basilii
2486 4446 2642 4521 apud
2691 4444 3031 4521 pontificem

1746 4539 2129 4611 procuratore
2161 4536 2441 4611 generali,
2495 4533 2745 4610 Georgio
2779 4532 3028 4600 Coresi0‚

1749 4626 2109 4684 pantaleone
2124 4624 2419 4700 Ligaridio
2436 4624 2684 4697 aliisque
2699 4623 2878 4698 primi
2894 4621 3035 4679 sub-

1746 4713 2046 4771 selliiviris
2064 4713 2312 4772 eruditis
2326 4713 2782 4771 familiaritatem
2805 4713 2867 4769 et
2886 4709 3031 4769 ami·

1747 4803 1951 4861 citiam
1981 4802 2173 4871 inivit,
2209 4821 2385 4877 quam
2417 4802 2691 4876 deinceps
2724 4799 2916 4860 literis
2935 4800 3030 4857 ul·
