<?xml version="1.0" encoding="UTF-8"?>
<!DOCTYPE html PUBLIC "-//W3C//DTD XHTML 1.0 Transitional//EN"
    "http://www.w3.org/TR/xhtml1/DTD/xhtml1-transitional.dtd">
<html xmlns="http://www.w3.org/1999/xhtml" xml:lang="en" lang="en">
 <head>
  <title>
</title>
<meta http-equiv="Content-Type" content="text/html;charset=utf-8" />
  <meta name='ocr-system' content='tesseract 3.04.00' />
  <meta name='ocr-capabilities' content='ocr_page ocr_carea ocr_par ocr_line ocrx_word'/>
</head>
<body>
  <div class='ocr_page' id='page_1' title='image "./nomenclatorlite11hurtgoog_0342.png"; bbox 0 0 3625 5193; ppageno 0'>
   <div class='ocr_carea' id='block_1_1' title="bbox 1147 244 3212 316">
    <p class='ocr_par' dir='ltr' id='par_1_1' title="bbox 1147 244 3212 316">
     <span class='ocr_line' id='line_1_1' title="bbox 1147 244 3212 316; baseline 0 -13"><span class='ocrx_word' id='word_1_1' title='bbox 1147 250 1514 303; x_wconf 79' lang='lat'>1621—1640.</span> <span class='ocrx_word' id='word_1_2' title='bbox 1543 245 1850 316; x_wconf 83' lang='lat' dir='ltr'>Theologia</span> <span class='ocrx_word' id='word_1_3' title='bbox 1877 245 2215 299; x_wconf 87' lang='lat' dir='ltr'>scholastica</span> <span class='ocrx_word' id='word_1_4' title='bbox 2240 244 2303 297; x_wconf 89' lang='lat' dir='ltr'>in</span> <span class='ocrx_word' id='word_1_5' title='bbox 2334 244 2624 314; x_wconf 83' lang='lat' dir='ltr'>Hispania.</span> <span class='ocrx_word' id='word_1_6' title='bbox 3092 261 3212 314; x_wconf 78' lang='grc'>668</span> 
     </span>
    </p>
   </div>
   <div class='ocr_carea' id='block_1_2' title="bbox 582 267 3219 1757">
    <p class='ocr_par' dir='ltr' id='par_1_2' title="bbox 582 267 3219 1757">
     <span class='ocr_line' id='line_1_2' title="bbox 588 267 708 318; baseline -0.017 0"><span class='ocrx_word' id='word_1_7' title='bbox 588 267 708 318; x_wconf 75' lang='grc'>667</span> 
     </span>
     <span class='ocr_line' id='line_1_3' title="bbox 584 429 3211 509; baseline -0.002 -16"><span class='ocrx_word' id='word_1_8' title='bbox 584 437 683 493; x_wconf 88' lang='lat' dir='ltr'>tus</span> <span class='ocrx_word' id='word_1_9' title='bbox 733 435 912 493; x_wconf 85' lang='lat' dir='ltr'>etiam</span> <span class='ocrx_word' id='word_1_10' title='bbox 972 432 1334 509; x_wconf 78' lang='lat' dir='ltr'>lippitudine</span> <span class='ocrx_word' id='word_1_11' title='bbox 1395 451 1462 490; x_wconf 88' lang='lat' dir='ltr'>ac</span> <span class='ocrx_word' id='word_1_12' title='bbox 1522 431 1642 490; x_wconf 88' lang='lat' dir='ltr'>fere</span> <span class='ocrx_word' id='word_1_13' title='bbox 1692 432 1871 489; x_wconf 84' lang='lat' dir='ltr'>etiam</span> <span class='ocrx_word' id='word_1_14' title='bbox 1929 431 2042 489; x_wconf 88' lang='lat' dir='ltr'>sibi</span> <span class='ocrx_word' id='word_1_15' title='bbox 2061 431 2378 490; x_wconf 89' lang='lat' dir='ltr'>Clementis</span> <span class='ocrx_word' id='word_1_16' title='bbox 2398 430 2551 488; x_wconf 84' lang='lat' dir='ltr'>vm.</span> <span class='ocrx_word' id='word_1_17' title='bbox 2573 429 2913 489; x_wconf 84' lang='lat' dir='ltr'>conciliaret</span> <span class='ocrx_word' id='word_1_18' title='bbox 2945 429 3211 505; x_wconf 85' lang='lat' dir='ltr'>gratiam.</span> 
     </span>
     <span class='ocr_line' id='line_1_4' title="bbox 586 519 3215 595; baseline -0.002 -14"><span class='ocrx_word' id='word_1_19' title='bbox 586 541 790 581; x_wconf 89' lang='lat' dir='ltr'>coecus</span> <span class='ocrx_word' id='word_1_20' title='bbox 842 521 1178 580; x_wconf 81' lang='lat' dir='ltr'>missionem</span> <span class='ocrx_word' id='word_1_21' title='bbox 1230 521 1386 579; x_wconf 88' lang='lat' dir='ltr'>haud</span> <span class='ocrx_word' id='word_1_22' title='bbox 1437 521 1867 595; x_wconf 75' lang='lat' dir='ltr'>procuraverit,</span> <span class='ocrx_word' id='word_1_23' title='bbox 1930 520 2154 595; x_wconf 81' lang='lat' dir='ltr'>Nempe</span> <span class='ocrx_word' id='word_1_24' title='bbox 2217 519 2484 578; x_wconf 86' lang='lat' dir='ltr'>Lemosio</span> <span class='ocrx_word' id='word_1_25' title='bbox 2558 523 2792 595; x_wconf 86' lang='lat' dir='ltr'>praeter</span> <span class='ocrx_word' id='word_1_26' title='bbox 2853 519 3215 595; x_wconf 82' lang='lat' dir='ltr'>singularem</span> 
     </span>
     <span class='ocr_line' id='line_1_5' title="bbox 587 608 3215 687; baseline -0.002 -17"><span class='ocrx_word' id='word_1_27' title='bbox 587 613 688 671; x_wconf 91' lang='lat' dir='ltr'>sed</span> <span class='ocrx_word' id='word_1_28' title='bbox 722 630 898 687; x_wconf 88' lang='lat' dir='ltr'>opera</span> <span class='ocrx_word' id='word_1_29' title='bbox 931 611 1277 687; x_wconf 82' lang='lat' dir='ltr'>anagnostis</span> <span class='ocrx_word' id='word_1_30' title='bbox 1296 628 1461 679; x_wconf 89' lang='lat' dir='ltr'>usus,</span> <span class='ocrx_word' id='word_1_31' title='bbox 1497 628 1672 684; x_wconf 90' lang='lat' dir='ltr'>quem</span> <span class='ocrx_word' id='word_1_32' title='bbox 1697 610 1872 685; x_wconf 82' lang='lat' dir='ltr'>juxta</span> <span class='ocrx_word' id='word_1_33' title='bbox 1929 609 2321 668; x_wconf 88' lang='lat' dir='ltr'>eruditionem</span> <span class='ocrx_word' id='word_1_34' title='bbox 2340 614 2401 667; x_wconf 92' lang='lat' dir='ltr'>et</span> <span class='ocrx_word' id='word_1_35' title='bbox 2416 609 2658 668; x_wconf 89' lang='lat' dir='ltr'>omnino</span> <span class='ocrx_word' id='word_1_36' title='bbox 2684 608 2981 667; x_wconf 79' lang='lat' dir='ltr'>decoctam</span> <span class='ocrx_word' id='word_1_37' title='bbox 2999 626 3074 666; x_wconf 89' lang='lat' dir='ltr'>ss.</span> <span class='ocrx_word' id='word_1_38' title='bbox 3092 612 3215 667; x_wconf 91' lang='lat' dir='ltr'>Au-</span> 
     </span>
     <span class='ocr_line' id='line_1_6' title="bbox 584 698 3218 775; baseline -0.001 -17"><span class='ocrx_word' id='word_1_39' title='bbox 584 701 844 773; x_wconf 82' lang='lat' dir='ltr'>haberet,</span> <span class='ocrx_word' id='word_1_40' title='bbox 879 718 1029 774; x_wconf 92' lang='lat' dir='ltr'>quae</span> <span class='ocrx_word' id='word_1_41' title='bbox 1062 700 1418 775; x_wconf 87' lang='lat' dir='ltr'>suggerebat</span> <span class='ocrx_word' id='word_1_42' title='bbox 1466 699 1593 774; x_wconf 88' lang='lat' dir='ltr'>ipse</span> <span class='ocrx_word' id='word_1_43' title='bbox 1640 698 1873 757; x_wconf 88' lang='lat' dir='ltr'>audito·</span> <span class='ocrx_word' id='word_1_44' title='bbox 1929 698 2160 775; x_wconf 71' lang='lat' dir='ltr'>gustini</span> <span class='ocrx_word' id='word_1_45' title='bbox 2211 701 2271 756; x_wconf 88' lang='lat' dir='ltr'>et</span> <span class='ocrx_word' id='word_1_46' title='bbox 2317 698 2570 757; x_wconf 78' lang='lat' dir='ltr'>Thomas</span> <span class='ocrx_word' id='word_1_47' title='bbox 2616 698 2929 756; x_wconf 88' lang='lat' dir='ltr'>lectionem</span> <span class='ocrx_word' id='word_1_48' title='bbox 2975 698 3218 756; x_wconf 85' lang='lat' dir='ltr'>aderant</span> 
     </span>
     <span class='ocr_line' id='line_1_7' title="bbox 583 786 3217 864; baseline -0.002 -17"><span class='ocrx_word' id='word_1_49' title='bbox 583 790 751 848; x_wconf 86' lang='lat' dir='ltr'>ribus</span> <span class='ocrx_word' id='word_1_50' title='bbox 785 790 1051 848; x_wconf 75' lang='lat' dir='ltr'>dictaret.</span> <span class='ocrx_word' id='word_1_51' title='bbox 1096 789 1327 846; x_wconf 87' lang='lat' dir='ltr'>Morum</span> <span class='ocrx_word' id='word_1_52' title='bbox 1359 788 1542 846; x_wconf 87' lang='lat' dir='ltr'>animi</span> <span class='ocrx_word' id='word_1_53' title='bbox 1576 790 1636 845; x_wconf 88' lang='lat' dir='ltr'>et</span> <span class='ocrx_word' id='word_1_54' title='bbox 1667 805 1872 864; x_wconf 89' lang='lat' dir='ltr'>corpo·</span> <span class='ocrx_word' id='word_1_55' title='bbox 1930 787 2063 846; x_wconf 86' lang='lat' dir='ltr'>illae</span> <span class='ocrx_word' id='word_1_56' title='bbox 2096 788 2244 846; x_wconf 86' lang='lat' dir='ltr'>aliae</span> <span class='ocrx_word' id='word_1_57' title='bbox 2276 786 2461 850; x_wconf 82' lang='lat' dir='ltr'>dotes.</span> <span class='ocrx_word' id='word_1_58' title='bbox 2515 805 2665 862; x_wconf 82' lang='lat' dir='ltr'>quae</span> <span class='ocrx_word' id='word_1_59' title='bbox 2712 786 2776 843; x_wconf 90' lang='lat' dir='ltr'>in</span> <span class='ocrx_word' id='word_1_60' title='bbox 2826 786 3217 847; x_wconf 82' lang='lat' dir='ltr'>contentioni-</span> 
     </span>
     <span class='ocr_line' id='line_1_8' title="bbox 583 875 3216 955; baseline -0.001 -19"><span class='ocrx_word' id='word_1_61' title='bbox 583 880 664 936; x_wconf 85' lang='lat' dir='ltr'>ris</span> <span class='ocrx_word' id='word_1_62' title='bbox 696 879 1042 955; x_wconf 84' lang='lat' dir='ltr'>integritate</span> <span class='ocrx_word' id='word_1_63' title='bbox 1074 877 1403 935; x_wconf 83' lang='lat' dir='ltr'>doctrinam</span> <span class='ocrx_word' id='word_1_64' title='bbox 1439 877 1682 936; x_wconf 87' lang='lat' dir='ltr'>mirifice</span> <span class='ocrx_word' id='word_1_65' title='bbox 1715 895 1871 935; x_wconf 90' lang='lat' dir='ltr'>com·</span> <span class='ocrx_word' id='word_1_66' title='bbox 1929 877 2041 934; x_wconf 90' lang='lat' dir='ltr'>bus</span> <span class='ocrx_word' id='word_1_67' title='bbox 2090 876 2437 953; x_wconf 83' lang='lat' dir='ltr'>theologicis</span> <span class='ocrx_word' id='word_1_68' title='bbox 2490 895 2608 934; x_wconf 90' lang='lat' dir='ltr'>non</span> <span class='ocrx_word' id='word_1_69' title='bbox 2659 895 2867 951; x_wconf 88' lang='lat' dir='ltr'>parum</span> <span class='ocrx_word' id='word_1_70' title='bbox 2900 875 3216 946; x_wconf 83' lang='lat' dir='ltr'>excellunt,</span> 
     </span>
     <span class='ocr_line' id='line_1_9' title="bbox 584 965 3218 1041; baseline -0.001 -16"><span class='ocrx_word' id='word_1_71' title='bbox 584 968 921 1037; x_wconf 88' lang='lat' dir='ltr'>mendabat,</span> <span class='ocrx_word' id='word_1_72' title='bbox 987 967 1202 1025; x_wconf 83' lang='lat' dir='ltr'>solitus</span> <span class='ocrx_word' id='word_1_73' title='bbox 1254 968 1391 1024; x_wconf 86' lang='lat' dir='ltr'>ante</span> <span class='ocrx_word' id='word_1_74' title='bbox 1441 967 1871 1024; x_wconf 84' lang='lat' dir='ltr'>matutinarum</span> <span class='ocrx_word' id='word_1_75' title='bbox 1928 984 2040 1023; x_wconf 82' lang='lat' dir='ltr'>vox</span> <span class='ocrx_word' id='word_1_76' title='bbox 2057 985 2269 1041; x_wconf 87' lang='lat' dir='ltr'>magna</span> <span class='ocrx_word' id='word_1_77' title='bbox 2286 967 2588 1034; x_wconf 85' lang='lat' dir='ltr'>etcanora,</span> <span class='ocrx_word' id='word_1_78' title='bbox 2624 965 2793 1022; x_wconf 89' lang='lat' dir='ltr'>firma</span> <span class='ocrx_word' id='word_1_79' title='bbox 2814 965 3015 1030; x_wconf 87' lang='lat' dir='ltr'>latera,</span> <span class='ocrx_word' id='word_1_80' title='bbox 3035 965 3218 1023; x_wconf 88' lang='lat' dir='ltr'>oratio</span> 
     </span>
     <span class='ocr_line' id='line_1_10' title="bbox 583 1053 3219 1132; baseline -0.002 -18"><span class='ocrx_word' id='word_1_81' title='bbox 583 1056 1043 1132; x_wconf 80' lang='lat' dir='ltr'>praelectionum</span> <span class='ocrx_word' id='word_1_82' title='bbox 1103 1073 1353 1130; x_wconf 87' lang='lat' dir='ltr'>pensum</span> <span class='ocrx_word' id='word_1_83' title='bbox 1418 1055 1560 1115; x_wconf 78' lang='lat' dir='ltr'>hora</span> <span class='ocrx_word' id='word_1_84' title='bbox 1638 1056 1873 1130; x_wconf 87' lang='lat' dir='ltr'>integra</span> <span class='ocrx_word' id='word_1_85' title='bbox 1930 1054 2141 1125; x_wconf 84' lang='lat' dir='ltr'>facilis,</span> <span class='ocrx_word' id='word_1_86' title='bbox 2174 1057 2663 1131; x_wconf 88' lang='lat' dir='ltr'>argumentorum</span> <span class='ocrx_word' id='word_1_87' title='bbox 2698 1053 2896 1122; x_wconf 88' lang='lat' dir='ltr'>robur,</span> <span class='ocrx_word' id='word_1_88' title='bbox 2940 1054 3219 1112; x_wconf 86' lang='lat' dir='ltr'>memoria</span> 
     </span>
     <span class='ocr_line' id='line_1_11' title="bbox 582 1142 3217 1221; baseline -0.001 -19"><span class='ocrx_word' id='word_1_89' title='bbox 582 1163 785 1221; x_wconf 82' lang='lat' dir='ltr'>preces</span> <span class='ocrx_word' id='word_1_90' title='bbox 835 1145 907 1202; x_wconf 84' lang='lat' dir='ltr'>ad</span> <span class='ocrx_word' id='word_1_91' title='bbox 961 1146 1149 1202; x_wconf 91' lang='lat' dir='ltr'>Deum</span> <span class='ocrx_word' id='word_1_92' title='bbox 1199 1143 1499 1203; x_wconf 88' lang='lat' dir='ltr'>effundere</span> <span class='ocrx_word' id='word_1_93' title='bbox 1556 1145 1872 1219; x_wconf 89' lang='lat' dir='ltr'>ipsumque</span> <span class='ocrx_word' id='word_1_94' title='bbox 1930 1142 2429 1218; x_wconf 89' lang='lat' dir='ltr'>praesentissima,</span> <span class='ocrx_word' id='word_1_95' title='bbox 2465 1162 2641 1216; x_wconf 88' lang='lat' dir='ltr'>quam</span> <span class='ocrx_word' id='word_1_96' title='bbox 2672 1142 2826 1200; x_wconf 87' lang='lat' dir='ltr'>nihil</span> <span class='ocrx_word' id='word_1_97' title='bbox 2855 1142 3217 1216; x_wconf 87' lang='lat' dir='ltr'>objectorum</span> 
     </span>
     <span class='ocr_line' id='line_1_12' title="bbox 583 1230 3216 1314; baseline -0.002 -22"><span class='ocrx_word' id='word_1_98' title='bbox 583 1234 986 1309; x_wconf 79' lang='lat' dir='ltr'>contemplari.</span> <span class='ocrx_word' id='word_1_99' title='bbox 1009 1233 1308 1309; x_wconf 87' lang='lat' dir='ltr'>Cogitasse</span> <span class='ocrx_word' id='word_1_100' title='bbox 1330 1251 1563 1308; x_wconf 90' lang='lat' dir='ltr'>quoque</span> <span class='ocrx_word' id='word_1_101' title='bbox 1587 1230 1871 1314; x_wconf 74' lang='lat' dir='ltr'>dicitur1)</span> <span class='ocrx_word' id='word_1_102' title='bbox 1929 1233 2298 1307; x_wconf 82' lang='lat' dir='ltr'>praeteriret,</span> <span class='ocrx_word' id='word_1_103' title='bbox 2342 1232 2638 1308; x_wconf 85' lang='lat' dir='ltr'>judicium</span> <span class='ocrx_word' id='word_1_104' title='bbox 2688 1249 2834 1298; x_wconf 89' lang='lat' dir='ltr'>acre,</span> <span class='ocrx_word' id='word_1_105' title='bbox 2900 1231 2998 1288; x_wconf 91' lang='lat' dir='ltr'>cui</span> <span class='ocrx_word' id='word_1_106' title='bbox 3045 1249 3216 1289; x_wconf 89' lang='lat' dir='ltr'>nemo</span> 
     </span>
     <span class='ocr_line' id='line_1_13' title="bbox 584 1320 3217 1398; baseline -0.002 -17"><span class='ocrx_word' id='word_1_107' title='bbox 584 1323 655 1381; x_wconf 90' lang='lat' dir='ltr'>de</span> <span class='ocrx_word' id='word_1_108' title='bbox 689 1322 1105 1381; x_wconf 83' lang='lat' dir='ltr'>commutanda</span> <span class='ocrx_word' id='word_1_109' title='bbox 1150 1323 1212 1379; x_wconf 92' lang='lat' dir='ltr'>in</span> <span class='ocrx_word' id='word_1_110' title='bbox 1246 1322 1589 1398; x_wconf 82' lang='lat' dir='ltr'>religiosam</span> <span class='ocrx_word' id='word_1_111' title='bbox 1620 1320 1870 1397; x_wconf 82' lang='lat' dir='ltr'>presby·</span> <span class='ocrx_word' id='word_1_112' title='bbox 1928 1320 2099 1380; x_wconf 80' lang='lat' dir='ltr'>facile</span> <span class='ocrx_word' id='word_1_113' title='bbox 2131 1321 2333 1380; x_wconf 87' lang='lat' dir='ltr'>fucum</span> <span class='ocrx_word' id='word_1_114' title='bbox 2365 1322 2601 1379; x_wconf 86' lang='lat' dir='ltr'>faceret.</span> <span class='ocrx_word' id='word_1_115' title='bbox 2652 1320 2867 1378; x_wconf 86' lang='lat' dir='ltr'>Finitis</span> <span class='ocrx_word' id='word_1_116' title='bbox 2900 1338 3217 1396; x_wconf 87' lang='lat' dir='ltr'>congrega·</span> 
     </span>
     <span class='ocr_line' id='line_1_14' title="bbox 582 1409 3217 1485; baseline -0.001 -16"><span class='ocrx_word' id='word_1_117' title='bbox 582 1411 781 1470; x_wconf 85' lang='lat' dir='ltr'>teriali</span> <span class='ocrx_word' id='word_1_118' title='bbox 810 1413 934 1470; x_wconf 83' lang='lat' dir='ltr'>vita</span> <span class='ocrx_word' id='word_1_119' title='bbox 982 1411 1160 1485; x_wconf 87' lang='lat' dir='ltr'>idque</span> <span class='ocrx_word' id='word_1_120' title='bbox 1211 1410 1367 1468; x_wconf 88' lang='lat' dir='ltr'>inter</span> <span class='ocrx_word' id='word_1_121' title='bbox 1399 1410 1739 1470; x_wconf 82' lang='lat' dir='ltr'>Carmelitas</span> <span class='ocrx_word' id='word_1_122' title='bbox 1771 1429 1869 1467; x_wconf 84' lang='lat' dir='ltr'>ex·</span> <span class='ocrx_word' id='word_1_123' title='bbox 1928 1410 2196 1468; x_wconf 84' lang='lat' dir='ltr'>tionibus</span> <span class='ocrx_word' id='word_1_124' title='bbox 2218 1410 2543 1478; x_wconf 75' lang='lat' dir='ltr'>Lemosiu8‚</span> <span class='ocrx_word' id='word_1_125' title='bbox 2574 1409 2680 1483; x_wconf 88' lang='lat' dir='ltr'>qui</span> <span class='ocrx_word' id='word_1_126' title='bbox 2703 1410 2832 1483; x_wconf 89' lang='lat' dir='ltr'>jam</span> <span class='ocrx_word' id='word_1_127' title='bbox 2863 1409 3093 1468; x_wconf 87' lang='lat' dir='ltr'>oblatas</span> <span class='ocrx_word' id='word_1_128' title='bbox 3108 1409 3217 1467; x_wconf 89' lang='lat' dir='ltr'>sibi</span> 
     </span>
     <span class='ocr_line' id='line_1_15' title="bbox 584 1498 3217 1575; baseline -0 -19"><span class='ocrx_word' id='word_1_129' title='bbox 584 1501 887 1568; x_wconf 77' lang='lat' dir='ltr'>calceat08‚</span> <span class='ocrx_word' id='word_1_130' title='bbox 912 1501 1103 1558; x_wconf 89' lang='lat' dir='ltr'>sinon</span> <span class='ocrx_word' id='word_1_131' title='bbox 1122 1500 1484 1557; x_wconf 82' lang='lat' dir='ltr'>retardasset</span> <span class='ocrx_word' id='word_1_132' title='bbox 1502 1499 1872 1574; x_wconf 88' lang='lat' dir='ltr'>propositum</span> <span class='ocrx_word' id='word_1_133' title='bbox 1930 1519 1963 1556; x_wconf 88' lang='lat' dir='ltr'>a</span> <span class='ocrx_word' id='word_1_134' title='bbox 1994 1518 2133 1575; x_wconf 90' lang='lat' dir='ltr'>rege</span> <span class='ocrx_word' id='word_1_135' title='bbox 2164 1499 2454 1558; x_wconf 77' lang='lat' dir='ltr'>catholico</span> <span class='ocrx_word' id='word_1_136' title='bbox 2487 1498 2706 1556; x_wconf 83' lang='lat' dir='ltr'>infulas</span> <span class='ocrx_word' id='word_1_137' title='bbox 2758 1498 3019 1556; x_wconf 80' lang='lat' dir='ltr'>modeste</span> <span class='ocrx_word' id='word_1_138' title='bbox 3050 1515 3217 1556; x_wconf 89' lang='lat' dir='ltr'>recu-</span> 
     </span>
     <span class='ocr_line' id='line_1_16' title="bbox 586 1586 3216 1666; baseline -0.001 -20"><span class='ocrx_word' id='word_1_139' title='bbox 586 1589 821 1646; x_wconf 88' lang='lat' dir='ltr'>scholae</span> <span class='ocrx_word' id='word_1_140' title='bbox 866 1607 1027 1646; x_wconf 84' lang='lat' dir='ltr'>amor</span> <span class='ocrx_word' id='word_1_141' title='bbox 1079 1586 1139 1666; x_wconf 91' lang='lat'>(†</span> <span class='ocrx_word' id='word_1_142' title='bbox 1175 1599 1227 1650; x_wconf 77' lang='lat'>7.</span> <span class='ocrx_word' id='word_1_143' title='bbox 1264 1588 1388 1646; x_wconf 87' lang='lat' dir='ltr'>Oct.</span> <span class='ocrx_word' id='word_1_144' title='bbox 1432 1596 1586 1650; x_wconf 86' lang='grc'>1621</span> <span class='ocrx_word' id='word_1_145' title='bbox 1630 1606 1677 1645; x_wconf 88' lang='lat' dir='ltr'>a.</span> <span class='ocrx_word' id='word_1_146' title='bbox 1710 1592 1871 1646; x_wconf 87' lang='lat' dir='ltr'>aeta·</span> <span class='ocrx_word' id='word_1_147' title='bbox 1929 1590 2104 1654; x_wconf 84' lang='lat' dir='ltr'>sarat,</span> <span class='ocrx_word' id='word_1_148' title='bbox 2156 1587 2218 1645; x_wconf 92' lang='lat' dir='ltr'>in</span> <span class='ocrx_word' id='word_1_149' title='bbox 2264 1607 2534 1646; x_wconf 83' lang='lat' dir='ltr'>museum</span> <span class='ocrx_word' id='word_1_150' title='bbox 2574 1605 2884 1645; x_wconf 87' lang='lat' dir='ltr'>romanum</span> <span class='ocrx_word' id='word_1_151' title='bbox 2919 1586 3075 1661; x_wconf 84' lang='lat' dir='ltr'>apud</span> <span class='ocrx_word' id='word_1_152' title='bbox 3108 1588 3216 1644; x_wconf 81' lang='lat' dir='ltr'>Mi-</span> 
     </span>
     <span class='ocr_line' id='line_1_17' title="bbox 583 1673 3217 1757; baseline -0.001 -22"><span class='ocrx_word' id='word_1_153' title='bbox 583 1678 663 1735; x_wconf 83' lang='lat' dir='ltr'>tis</span> <span class='ocrx_word' id='word_1_154' title='bbox 699 1673 822 1757; x_wconf 88' lang='grc'>68).</span> <span class='ocrx_word' id='word_1_155' title='bbox 888 1677 1028 1736; x_wconf 86' lang='lat' dir='ltr'>Post</span> <span class='ocrx_word' id='word_1_156' title='bbox 1073 1677 1200 1752; x_wconf 87' lang='lat' dir='ltr'>ejus</span> <span class='ocrx_word' id='word_1_157' title='bbox 1239 1681 1491 1734; x_wconf 86' lang='lat' dir='ltr'>mortem</span> <span class='ocrx_word' id='word_1_158' title='bbox 1522 1676 1873 1751; x_wconf 86' lang='lat' dir='ltr'>prodierunt</span> <span class='ocrx_word' id='word_1_159' title='bbox 1929 1696 2170 1735; x_wconf 80' lang='lat' dir='ltr'>nervam</span> <span class='ocrx_word' id='word_1_160' title='bbox 2204 1694 2265 1733; x_wconf 91' lang='lat' dir='ltr'>se</span> <span class='ocrx_word' id='word_1_161' title='bbox 2298 1676 2525 1751; x_wconf 86' lang='lat' dir='ltr'>recepit</span> <span class='ocrx_word' id='word_1_162' title='bbox 2545 1694 2607 1733; x_wconf 89' lang='lat' dir='ltr'>ac</span> <span class='ocrx_word' id='word_1_163' title='bbox 2638 1675 2960 1733; x_wconf 87' lang='lat' dir='ltr'>scribendis</span> <span class='ocrx_word' id='word_1_164' title='bbox 2989 1676 3061 1733; x_wconf 92' lang='lat' dir='ltr'>de</span> <span class='ocrx_word' id='word_1_165' title='bbox 3085 1695 3217 1750; x_wconf 84' lang='lat' dir='ltr'>gra-</span> 
     </span>
    </p>
   </div>
   <div class='ocr_carea' id='block_1_3' title="bbox 586 1764 3216 1840">
    <p class='ocr_par' dir='ltr' id='par_1_3' title="bbox 586 1764 3216 1840">
     <span class='ocr_line' id='line_1_18' title="bbox 586 1764 3216 1840; baseline -0.001 -15"><span class='ocrx_word' id='word_1_166' title='bbox 586 1768 993 1825; x_wconf 77' lang='lat' dir='ltr'>commentaria</span> <span class='ocrx_word' id='word_1_167' title='bbox 1055 1769 1117 1824; x_wconf 85' lang='lat' dir='ltr'>in</span> <span class='ocrx_word' id='word_1_168' title='bbox 1174 1769 1231 1840; x_wconf 87' lang='lat'>1,</span> <span class='ocrx_word' id='word_1_169' title='bbox 1284 1770 1341 1827; x_wconf 75' lang='lat'>2.</span> <span class='ocrx_word' id='word_1_170' title='bbox 1381 1783 1447 1838; x_wconf 80' lang='lat' dir='ltr'>p,</span> <span class='ocrx_word' id='word_1_171' title='bbox 1498 1785 1542 1823; x_wconf 73' lang='lat' dir='ltr'>s.</span> <span class='ocrx_word' id='word_1_172' title='bbox 1606 1766 1869 1834; x_wconf 78' lang='lat' dir='ltr'>Thomae,</span> <span class='ocrx_word' id='word_1_173' title='bbox 1929 1767 2014 1823; x_wconf 86' lang='lat' dir='ltr'>tia</span> <span class='ocrx_word' id='word_1_174' title='bbox 2037 1766 2209 1840; x_wconf 81' lang='lat' dir='ltr'>juxta</span> <span class='ocrx_word' id='word_1_175' title='bbox 2256 1765 2582 1824; x_wconf 88' lang='lat' dir='ltr'>doctrinam</span> <span class='ocrx_word' id='word_1_176' title='bbox 2614 1764 2939 1840; x_wconf 80' lang='lat' dir='ltr'>Augustini</span> <span class='ocrx_word' id='word_1_177' title='bbox 2974 1767 3033 1822; x_wconf 91' lang='lat' dir='ltr'>et</span> <span class='ocrx_word' id='word_1_178' title='bbox 3067 1764 3216 1822; x_wconf 88' lang='lat' dir='ltr'>Tho·</span> 
     </span>
    </p>
   </div>
   <div class='ocr_carea' id='block_1_4' title="bbox 584 1855 1410 1930">
    <p class='ocr_par' dir='ltr' id='par_1_4' title="bbox 584 1855 1410 1930">
     <span class='ocr_line' id='line_1_19' title="bbox 584 1855 1410 1930; baseline -0.004 -16"><span class='ocrx_word' id='word_1_179' title='bbox 584 1855 878 1930; x_wconf 85' lang='lat' dir='ltr'>Compluti</span> <span class='ocrx_word' id='word_1_180' title='bbox 921 1864 1081 1917; x_wconf 88' lang='grc'>1622</span> <span class='ocrx_word' id='word_1_181' title='bbox 1117 1875 1172 1912; x_wconf 78' lang='lat' dir='ltr'>v,</span> <span class='ocrx_word' id='word_1_182' title='bbox 1213 1864 1246 1916; x_wconf 90' lang='lat'>2</span> <span class='ocrx_word' id='word_1_183' title='bbox 1280 1855 1341 1913; x_wconf 89' lang='lat' dir='ltr'>in</span> <span class='ocrx_word' id='word_1_184' title='bbox 1373 1856 1410 1912; x_wconf 89' lang='lat' dir='ltr'>f.</span> 
     </span>
    </p>
   </div>
   <div class='ocr_carea' id='block_1_5' title="bbox 581 1997 1874 4031">
    <p class='ocr_par' dir='ltr' id='par_1_5' title="bbox 581 1997 1874 4031">
     <span class='ocr_line' id='line_1_20' title="bbox 677 1997 1869 2059; baseline -0.003 -2"><span class='ocrx_word' id='word_1_185' title='bbox 677 2007 818 2059; x_wconf 85' lang='lat'>291.</span> <span class='ocrx_word' id='word_1_186' title='bbox 853 1999 1091 2055; x_wconf 85' lang='lat' dir='ltr'>Praeter</span> <span class='ocrx_word' id='word_1_187' title='bbox 1135 1997 1242 2055; x_wconf 84' lang='lat' dir='ltr'>hos</span> <span class='ocrx_word' id='word_1_188' title='bbox 1291 2016 1333 2055; x_wconf 90' lang='lat' dir='ltr'>s.</span> <span class='ocrx_word' id='word_1_189' title='bbox 1381 1997 1636 2055; x_wconf 87' lang='lat' dir='ltr'>Thomae</span> <span class='ocrx_word' id='word_1_190' title='bbox 1685 1997 1869 2054; x_wconf 87' lang='lat' dir='ltr'>inter-</span> 
     </span>
     <span class='ocr_line' id='line_1_21' title="bbox 584 2086 1871 2162; baseline -0.001 -19"><span class='ocrx_word' id='word_1_191' title='bbox 584 2091 782 2162; x_wconf 84' lang='lat' dir='ltr'>pretes</span> <span class='ocrx_word' id='word_1_192' title='bbox 815 2087 1015 2161; x_wconf 87' lang='lat' dir='ltr'>plures</span> <span class='ocrx_word' id='word_1_193' title='bbox 1049 2086 1150 2143; x_wconf 88' lang='lat' dir='ltr'>alii</span> <span class='ocrx_word' id='word_1_194' title='bbox 1201 2086 1261 2143; x_wconf 94' lang='lat' dir='ltr'>in</span> <span class='ocrx_word' id='word_1_195' title='bbox 1294 2086 1591 2162; x_wconf 85' lang='lat' dir='ltr'>theologia</span> <span class='ocrx_word' id='word_1_196' title='bbox 1641 2087 1871 2144; x_wconf 88' lang='lat' dir='ltr'>schola-</span> 
     </span>
     <span class='ocr_line' id='line_1_22' title="bbox 587 2171 1873 2255; baseline -0.001 -23"><span class='ocrx_word' id='word_1_197' title='bbox 587 2176 735 2233; x_wconf 86' lang='lat' dir='ltr'>stica</span> <span class='ocrx_word' id='word_1_198' title='bbox 784 2171 1270 2255; x_wconf 75' lang='lat' dir='ltr'>excelluerunt2),</span> <span class='ocrx_word' id='word_1_199' title='bbox 1319 2195 1349 2233; x_wconf 91' lang='lat' dir='ltr'>e</span> <span class='ocrx_word' id='word_1_200' title='bbox 1383 2175 1606 2250; x_wconf 89' lang='lat' dir='ltr'>quibus</span> <span class='ocrx_word' id='word_1_201' title='bbox 1645 2174 1873 2249; x_wconf 84' lang='lat' dir='ltr'>primus</span> 
     </span>
     <span class='ocr_line' id='line_1_23' title="bbox 583 2263 1872 2322; baseline -0.002 0"><span class='ocrx_word' id='word_1_202' title='bbox 583 2264 644 2322; x_wconf 92' lang='lat' dir='ltr'>ni</span> <span class='ocrx_word' id='word_1_203' title='bbox 695 2264 957 2322; x_wconf 89' lang='lat' dir='ltr'>fallimur</span> <span class='ocrx_word' id='word_1_204' title='bbox 1006 2265 1170 2322; x_wconf 89' lang='lat' dir='ltr'>locus</span> <span class='ocrx_word' id='word_1_205' title='bbox 1218 2264 1450 2322; x_wconf 87' lang='lat' dir='ltr'>dandus</span> <span class='ocrx_word' id='word_1_206' title='bbox 1495 2266 1585 2321; x_wconf 89' lang='lat' dir='ltr'>est</span> <span class='ocrx_word' id='word_1_207' title='bbox 1619 2263 1872 2321; x_wconf 84' lang='lat' dir='ltr'>Thomae</span> 
     </span>
     <span class='ocr_line' id='line_1_24' title="bbox 584 2351 1869 2428; baseline 0.001 -19"><span class='ocrx_word' id='word_1_208' title='bbox 584 2354 668 2411; x_wconf 90' lang='lat' dir='ltr'>de</span> <span class='ocrx_word' id='word_1_209' title='bbox 701 2354 962 2412; x_wconf 89' lang='lat' dir='ltr'>Lemos</span> <span class='ocrx_word' id='word_1_210' title='bbox 997 2353 1059 2410; x_wconf 93' lang='lat' dir='ltr'>O.</span> <span class='ocrx_word' id='word_1_211' title='bbox 1082 2353 1301 2422; x_wconf 88' lang='lat' dir='ltr'>Praed.‚</span> <span class='ocrx_word' id='word_1_212' title='bbox 1337 2354 1442 2428; x_wconf 90' lang='lat' dir='ltr'>qui</span> <span class='ocrx_word' id='word_1_213' title='bbox 1464 2354 1639 2428; x_wconf 84' lang='lat' dir='ltr'>juxta</span> <span class='ocrx_word' id='word_1_214' title='bbox 1660 2351 1869 2410; x_wconf 86' lang='lat' dir='ltr'>Schee·</span> 
     </span>
     <span class='ocr_line' id='line_1_25' title="bbox 585 2438 1870 2523; baseline -0.001 -24"><span class='ocrx_word' id='word_1_215' title='bbox 585 2442 698 2500; x_wconf 93' lang='lat' dir='ltr'>ben</span> <span class='ocrx_word' id='word_1_216' title='bbox 710 2438 760 2523; x_wconf 79' lang='grc'>3)</span> <span class='ocrx_word' id='word_1_217' title='bbox 797 2444 1058 2501; x_wconf 89' lang='lat' dir='ltr'>omnium</span> <span class='ocrx_word' id='word_1_218' title='bbox 1079 2442 1515 2500; x_wconf 82' lang='lat' dir='ltr'>Thomistarum</span> <span class='ocrx_word' id='word_1_219' title='bbox 1539 2445 1630 2499; x_wconf 83' lang='lat' dir='ltr'>est</span> <span class='ocrx_word' id='word_1_220' title='bbox 1649 2441 1870 2499; x_wconf 88' lang='lat' dir='ltr'>acutis-</span> 
     </span>
     <span class='ocr_line' id='line_1_26' title="bbox 584 2526 1869 2610; baseline -0.001 -22"><span class='ocrx_word' id='word_1_221' title='bbox 584 2531 785 2589; x_wconf 87' lang='lat' dir='ltr'>simus.</span> <span class='ocrx_word' id='word_1_222' title='bbox 820 2532 1012 2589; x_wconf 85' lang='lat' dir='ltr'>Natus</span> <span class='ocrx_word' id='word_1_223' title='bbox 1046 2531 1095 2588; x_wconf 90' lang='lat' dir='ltr'>is</span> <span class='ocrx_word' id='word_1_224' title='bbox 1128 2536 1222 2588; x_wconf 88' lang='lat' dir='ltr'>est</span> <span class='ocrx_word' id='word_1_225' title='bbox 1251 2530 1603 2606; x_wconf 83' lang='lat' dir='ltr'>Ripadaviae</span> <span class='ocrx_word' id='word_1_226' title='bbox 1638 2526 1869 2610; x_wconf 86' lang='lat' dir='ltr'>(verna-</span> 
     </span>
     <span class='ocr_line' id='line_1_27' title="bbox 583 2618 1867 2684; baseline 0 -5"><span class='ocrx_word' id='word_1_227' title='bbox 583 2621 710 2679; x_wconf 86' lang='lat' dir='ltr'>cule</span> <span class='ocrx_word' id='word_1_228' title='bbox 724 2618 1064 2684; x_wconf 78' lang='lat' dir='ltr'>Rivadavial</span> <span class='ocrx_word' id='word_1_229' title='bbox 1076 2621 1138 2677; x_wconf 91' lang='lat' dir='ltr'>in</span> <span class='ocrx_word' id='word_1_230' title='bbox 1157 2621 1450 2678; x_wconf 71' lang='lat' dir='ltr'>Gallaecia</span> <span class='ocrx_word' id='word_1_231' title='bbox 1464 2619 1624 2677; x_wconf 87' lang='lat' dir='ltr'>intra</span> <span class='ocrx_word' id='word_1_232' title='bbox 1634 2640 1681 2676; x_wconf 89' lang='lat' dir='ltr'>a.</span> <span class='ocrx_word' id='word_1_233' title='bbox 1709 2632 1725 2680; x_wconf 87' lang='lat'>1</span> <span class='ocrx_word' id='word_1_234' title='bbox 1746 2629 1777 2679; x_wconf 89' lang='lat'>5</span> <span class='ocrx_word' id='word_1_235' title='bbox 1792 2630 1819 2679; x_wconf 75' lang='lat'>4</span> <span class='ocrx_word' id='word_1_236' title='bbox 1836 2628 1867 2679; x_wconf 84' lang='lat'>5</span> 
     </span>
     <span class='ocr_line' id='line_1_28' title="bbox 584 2708 1874 2784; baseline -0.005 -13"><span class='ocrx_word' id='word_1_237' title='bbox 584 2720 804 2771; x_wconf 78' lang='grc'>-1560,</span> <span class='ocrx_word' id='word_1_238' title='bbox 869 2709 1094 2767; x_wconf 89' lang='lat' dir='ltr'>Studiis</span> <span class='ocrx_word' id='word_1_239' title='bbox 1136 2709 1458 2784; x_wconf 83' lang='lat' dir='ltr'>applicitus</span> <span class='ocrx_word' id='word_1_240' title='bbox 1492 2708 1575 2765; x_wconf 80' lang='lat' dir='ltr'>ita</span> <span class='ocrx_word' id='word_1_241' title='bbox 1620 2708 1874 2765; x_wconf 85' lang='lat' dir='ltr'>eminuit</span> 
     </span>
     <span class='ocr_line' id='line_1_29' title="bbox 583 2796 1871 2865; baseline -0.002 -10"><span class='ocrx_word' id='word_1_242' title='bbox 583 2799 743 2855; x_wconf 89' lang='lat' dir='ltr'>inter</span> <span class='ocrx_word' id='word_1_243' title='bbox 775 2798 1023 2865; x_wconf 82' lang='lat' dir='ltr'>sodales,</span> <span class='ocrx_word' id='word_1_244' title='bbox 1060 2801 1129 2855; x_wconf 89' lang='lat' dir='ltr'>ut</span> <span class='ocrx_word' id='word_1_245' title='bbox 1161 2797 1439 2855; x_wconf 88' lang='lat' dir='ltr'>continuo</span> <span class='ocrx_word' id='word_1_246' title='bbox 1461 2797 1533 2854; x_wconf 87' lang='lat' dir='ltr'>ad</span> <span class='ocrx_word' id='word_1_247' title='bbox 1554 2796 1871 2854; x_wconf 87' lang='lat' dir='ltr'>tradendas</span> 
     </span>
     <span class='ocr_line' id='line_1_30' title="bbox 585 2884 1869 2961; baseline 0 -18"><span class='ocrx_word' id='word_1_248' title='bbox 585 2905 732 2961; x_wconf 88' lang='lat' dir='ltr'>quas</span> <span class='ocrx_word' id='word_1_249' title='bbox 767 2889 1073 2960; x_wconf 89' lang='lat' dir='ltr'>acceperat</span> <span class='ocrx_word' id='word_1_250' title='bbox 1104 2885 1443 2960; x_wconf 87' lang='lat' dir='ltr'>disciplinas</span> <span class='ocrx_word' id='word_1_251' title='bbox 1484 2904 1620 2943; x_wconf 90' lang='lat' dir='ltr'>eum</span> <span class='ocrx_word' id='word_1_252' title='bbox 1668 2884 1869 2943; x_wconf 90' lang='lat' dir='ltr'>admo-</span> 
     </span>
     <span class='ocr_line' id='line_1_31' title="bbox 588 2975 1870 3049; baseline 0.002 -19"><span class='ocrx_word' id='word_1_253' title='bbox 588 2975 787 3031; x_wconf 82' lang='lat' dir='ltr'>verint</span> <span class='ocrx_word' id='word_1_254' title='bbox 818 2975 1165 3049; x_wconf 80' lang='lat' dir='ltr'>superioreS.</span> <span class='ocrx_word' id='word_1_255' title='bbox 1228 2977 1400 3034; x_wconf 87' lang='lat' dir='ltr'>Anno</span> <span class='ocrx_word' id='word_1_256' title='bbox 1442 2985 1602 3037; x_wconf 87' lang='grc'>1590</span> <span class='ocrx_word' id='word_1_257' title='bbox 1640 2975 1870 3033; x_wconf 89' lang='lat' dir='ltr'>theolo-</span> 
     </span>
     <span class='ocr_line' id='line_1_32' title="bbox 585 3062 1872 3140; baseline 0 -20"><span class='ocrx_word' id='word_1_258' title='bbox 585 3062 717 3139; x_wconf 88' lang='lat' dir='ltr'>giae</span> <span class='ocrx_word' id='word_1_259' title='bbox 750 3064 1030 3121; x_wconf 78' lang='lat' dir='ltr'>lectorem</span> <span class='ocrx_word' id='word_1_260' title='bbox 1046 3067 1106 3121; x_wconf 89' lang='lat' dir='ltr'>et</span> <span class='ocrx_word' id='word_1_261' title='bbox 1127 3063 1308 3122; x_wconf 86' lang='lat' dir='ltr'>studii</span> <span class='ocrx_word' id='word_1_262' title='bbox 1333 3066 1637 3140; x_wconf 86' lang='lat' dir='ltr'>regentem</span> <span class='ocrx_word' id='word_1_263' title='bbox 1659 3064 1872 3139; x_wconf 87' lang='lat' dir='ltr'>agebat</span> 
     </span>
     <span class='ocr_line' id='line_1_33' title="bbox 583 3151 1869 3221; baseline 0 -12"><span class='ocrx_word' id='word_1_264' title='bbox 583 3151 645 3209; x_wconf 90' lang='lat' dir='ltr'>in</span> <span class='ocrx_word' id='word_1_265' title='bbox 677 3156 973 3210; x_wconf 86' lang='lat' dir='ltr'>conventu</span> <span class='ocrx_word' id='word_1_266' title='bbox 1007 3171 1049 3210; x_wconf 76' lang='lat' dir='ltr'>s,</span> <span class='ocrx_word' id='word_1_267' title='bbox 1072 3152 1247 3210; x_wconf 85' lang='lat' dir='ltr'>Pauli</span> <span class='ocrx_word' id='word_1_268' title='bbox 1275 3152 1698 3221; x_wconf 83' lang='lat' dir='ltr'>vallisoletano,</span> <span class='ocrx_word' id='word_1_269' title='bbox 1734 3152 1869 3209; x_wconf 88' lang='lat' dir='ltr'>ade-</span> 
     </span>
     <span class='ocr_line' id='line_1_34' title="bbox 583 3240 1869 3318; baseline -0.001 -20"><span class='ocrx_word' id='word_1_270' title='bbox 583 3245 797 3315; x_wconf 83' lang='lat' dir='ltr'>ratque</span> <span class='ocrx_word' id='word_1_271' title='bbox 843 3262 889 3299; x_wconf 86' lang='lat' dir='ltr'>a.</span> <span class='ocrx_word' id='word_1_272' title='bbox 934 3251 1117 3311; x_wconf 84' lang='lat'>1594,</span> <span class='ocrx_word' id='word_1_273' title='bbox 1171 3261 1302 3300; x_wconf 90' lang='lat' dir='ltr'>cum</span> <span class='ocrx_word' id='word_1_274' title='bbox 1355 3260 1562 3318; x_wconf 82' lang='lat' dir='ltr'>graves</span> <span class='ocrx_word' id='word_1_275' title='bbox 1615 3241 1748 3298; x_wconf 88' lang='lat' dir='ltr'>illae</span> <span class='ocrx_word' id='word_1_276' title='bbox 1798 3240 1869 3297; x_wconf 91' lang='lat' dir='ltr'>de</span> 
     </span>
     <span class='ocr_line' id='line_1_35' title="bbox 586 3329 1870 3405; baseline -0.001 -18"><span class='ocrx_word' id='word_1_277' title='bbox 586 3330 738 3388; x_wconf 87' lang='lat' dir='ltr'>libro</span> <span class='ocrx_word' id='word_1_278' title='bbox 772 3331 1022 3389; x_wconf 87' lang='lat' dir='ltr'>Molinae</span> <span class='ocrx_word' id='word_1_279' title='bbox 1055 3331 1211 3389; x_wconf 89' lang='lat' dir='ltr'>circa</span> <span class='ocrx_word' id='word_1_280' title='bbox 1245 3330 1615 3390; x_wconf 85' lang='lat' dir='ltr'>concordiam</span> <span class='ocrx_word' id='word_1_281' title='bbox 1646 3329 1870 3405; x_wconf 85' lang='lat' dir='ltr'>gratiae</span> 
     </span>
     <span class='ocr_line' id='line_1_36' title="bbox 583 3419 1872 3478; baseline -0.002 -1"><span class='ocrx_word' id='word_1_282' title='bbox 583 3437 715 3478; x_wconf 89' lang='lat' dir='ltr'>cum</span> <span class='ocrx_word' id='word_1_283' title='bbox 767 3421 951 3478; x_wconf 89' lang='lat' dir='ltr'>libero</span> <span class='ocrx_word' id='word_1_284' title='bbox 1000 3420 1246 3478; x_wconf 88' lang='lat' dir='ltr'>arbitrio</span> <span class='ocrx_word' id='word_1_285' title='bbox 1297 3420 1453 3478; x_wconf 83' lang='lat' dir='ltr'>inter</span> <span class='ocrx_word' id='word_1_286' title='bbox 1497 3419 1759 3476; x_wconf 86' lang='lat' dir='ltr'>Jesuitas</span> <span class='ocrx_word' id='word_1_287' title='bbox 1810 3422 1872 3475; x_wconf 92' lang='lat' dir='ltr'>et</span> 
     </span>
     <span class='ocr_line' id='line_1_37' title="bbox 583 3507 1869 3568; baseline 0 -3"><span class='ocrx_word' id='word_1_288' title='bbox 583 3509 993 3568; x_wconf 87' lang='lat' dir='ltr'>Dominicanos</span> <span class='ocrx_word' id='word_1_289' title='bbox 1008 3511 1244 3567; x_wconf 81' lang='lat' dir='ltr'>exortae</span> <span class='ocrx_word' id='word_1_290' title='bbox 1262 3512 1403 3566; x_wconf 90' lang='lat' dir='ltr'>sunt</span> <span class='ocrx_word' id='word_1_291' title='bbox 1417 3507 1869 3566; x_wconf 85' lang='lat' dir='ltr'>controversiae.</span> 
     </span>
     <span class='ocr_line' id='line_1_38' title="bbox 585 3593 1867 3673; baseline 0 -19"><span class='ocrx_word' id='word_1_292' title='bbox 585 3597 737 3655; x_wconf 87' lang='lat' dir='ltr'>Hinc</span> <span class='ocrx_word' id='word_1_293' title='bbox 770 3616 840 3655; x_wconf 81' lang='lat' dir='ltr'>ss,</span> <span class='ocrx_word' id='word_1_294' title='bbox 863 3593 1187 3673; x_wconf 86' lang='lat' dir='ltr'>Augustini</span> <span class='ocrx_word' id='word_1_295' title='bbox 1221 3601 1281 3655; x_wconf 92' lang='lat' dir='ltr'>et</span> <span class='ocrx_word' id='word_1_296' title='bbox 1308 3598 1559 3655; x_wconf 86' lang='lat' dir='ltr'>Thomae</span> <span class='ocrx_word' id='word_1_297' title='bbox 1593 3596 1665 3654; x_wconf 90' lang='lat' dir='ltr'>de</span> <span class='ocrx_word' id='word_1_298' title='bbox 1698 3615 1867 3670; x_wconf 86' lang='lat' dir='ltr'>prae-</span> 
     </span>
     <span class='ocr_line' id='line_1_39' title="bbox 586 3685 1868 3761; baseline 0 -19"><span class='ocrx_word' id='word_1_299' title='bbox 586 3686 977 3744; x_wconf 88' lang='lat' dir='ltr'>destinatione</span> <span class='ocrx_word' id='word_1_300' title='bbox 1010 3689 1070 3744; x_wconf 87' lang='lat' dir='ltr'>et</span> <span class='ocrx_word' id='word_1_301' title='bbox 1101 3687 1299 3761; x_wconf 75' lang='lat' dir='ltr'>gratia</span> <span class='ocrx_word' id='word_1_302' title='bbox 1327 3686 1512 3743; x_wconf 87' lang='lat' dir='ltr'>sensis</span> <span class='ocrx_word' id='word_1_303' title='bbox 1533 3685 1868 3759; x_wconf 90' lang='lat' dir='ltr'>disquiren-</span> 
     </span>
     <span class='ocr_line' id='line_1_40' title="bbox 585 3774 1869 3847; baseline -0.001 -16"><span class='ocrx_word' id='word_1_304' title='bbox 585 3774 673 3831; x_wconf 89' lang='lat' dir='ltr'>dis</span> <span class='ocrx_word' id='word_1_305' title='bbox 690 3778 855 3832; x_wconf 76' lang='lat' dir='ltr'>totus</span> <span class='ocrx_word' id='word_1_306' title='bbox 878 3774 1168 3843; x_wconf 87' lang='lat' dir='ltr'>incubuit,</span> <span class='ocrx_word' id='word_1_307' title='bbox 1187 3775 1466 3847; x_wconf 84' lang='lat' dir='ltr'>visusque</span> <span class='ocrx_word' id='word_1_308' title='bbox 1497 3777 1588 3831; x_wconf 92' lang='lat' dir='ltr'>est</span> <span class='ocrx_word' id='word_1_309' title='bbox 1621 3776 1869 3832; x_wconf 80' lang='lat' dir='ltr'>maxime</span> 
     </span>
     <span class='ocr_line' id='line_1_41' title="bbox 582 3862 1866 3939; baseline 0.001 -21"><span class='ocrx_word' id='word_1_310' title='bbox 582 3862 831 3919; x_wconf 91' lang='lat' dir='ltr'>idoneus</span> <span class='ocrx_word' id='word_1_311' title='bbox 864 3862 1049 3934; x_wconf 89' lang='lat' dir='ltr'>quiin</span> <span class='ocrx_word' id='word_1_312' title='bbox 1072 3863 1626 3939; x_wconf 84' lang='lat' dir='ltr'>congregationibus</span> <span class='ocrx_word' id='word_1_313' title='bbox 1658 3862 1729 3920; x_wconf 88' lang='lat' dir='ltr'>de</span> <span class='ocrx_word' id='word_1_314' title='bbox 1762 3882 1866 3919; x_wconf 89' lang='lat' dir='ltr'>au-</span> 
     </span>
     <span class='ocr_line' id='line_1_42' title="bbox 581 3947 1865 4031; baseline 0.007 -26"><span class='ocrx_word' id='word_1_315' title='bbox 581 3949 744 4006; x_wconf 77' lang='lat' dir='ltr'>xiliis</span> <span class='ocrx_word' id='word_1_316' title='bbox 795 3968 927 4006; x_wconf 87' lang='lat' dir='ltr'>eum</span> <span class='ocrx_word' id='word_1_317' title='bbox 960 3949 1179 4009; x_wconf 84' lang='lat' dir='ltr'>Didaco</span> <span class='ocrx_word' id='word_1_318' title='bbox 1211 3953 1454 4010; x_wconf 86' lang='lat' dir='ltr'>Alvarez</span> <span class='ocrx_word' id='word_1_319' title='bbox 1490 3949 1583 4031; x_wconf 87' lang='lat' dir='ltr'>(cf.</span> <span class='ocrx_word' id='word_1_320' title='bbox 1617 3971 1674 4025; x_wconf 89' lang='lat' dir='ltr'>p.</span> <span class='ocrx_word' id='word_1_321' title='bbox 1714 3947 1865 4029; x_wconf 84' lang='lat'>659)</span> 
     </span>
    </p>
   </div>
   <div class='ocr_carea' id='block_1_6' title="bbox 1925 1853 3221 4063">
    <p class='ocr_par' dir='ltr' id='par_1_6' title="bbox 1925 1853 3221 4063">
     <span class='ocr_line' id='line_1_43' title="bbox 1928 1853 3215 1916; baseline -0.002 -4"><span class='ocrx_word' id='word_1_322' title='bbox 1928 1874 2057 1912; x_wconf 86' lang='lat' dir='ltr'>mae</span> <span class='ocrx_word' id='word_1_323' title='bbox 2091 1854 2526 1913; x_wconf 89' lang='lat' dir='ltr'>commentariis</span> <span class='ocrx_word' id='word_1_324' title='bbox 2561 1856 2757 1910; x_wconf 84' lang='lat' dir='ltr'>totum</span> <span class='ocrx_word' id='word_1_325' title='bbox 2793 1872 2854 1911; x_wconf 89' lang='lat' dir='ltr'>se</span> <span class='ocrx_word' id='word_1_326' title='bbox 2879 1853 3058 1916; x_wconf 84' lang='lat' dir='ltr'>dedit.</span> <span class='ocrx_word' id='word_1_327' title='bbox 3089 1853 3215 1911; x_wconf 82' lang='lat' dir='ltr'>Tri-</span> 
     </span>
     <span class='ocr_line' id='line_1_44' title="bbox 1928 1942 3215 2002; baseline -0.002 -1"><span class='ocrx_word' id='word_1_328' title='bbox 1928 1943 2041 2001; x_wconf 88' lang='lat' dir='ltr'>bus</span> <span class='ocrx_word' id='word_1_329' title='bbox 2078 1947 2214 2002; x_wconf 89' lang='lat' dir='ltr'>ante</span> <span class='ocrx_word' id='word_1_330' title='bbox 2246 1944 2498 2001; x_wconf 89' lang='lat' dir='ltr'>mortem</span> <span class='ocrx_word' id='word_1_331' title='bbox 2534 1942 2705 2000; x_wconf 85' lang='lat' dir='ltr'>annis</span> <span class='ocrx_word' id='word_1_332' title='bbox 2739 1942 3027 2000; x_wconf 86' lang='lat' dir='ltr'>oculisita</span> <span class='ocrx_word' id='word_1_333' title='bbox 3046 1942 3215 2000; x_wconf 79' lang='lat' dir='ltr'>orba-</span> 
     </span>
     <span class='ocr_line' id='line_1_45' title="bbox 1927 2033 3218 2104; baseline -0.002 -14"><span class='ocrx_word' id='word_1_334' title='bbox 1927 2034 2060 2090; x_wconf 90' lang='lat' dir='ltr'>tum</span> <span class='ocrx_word' id='word_1_335' title='bbox 2110 2033 2327 2100; x_wconf 84' lang='lat' dir='ltr'>ferunt,</span> <span class='ocrx_word' id='word_1_336' title='bbox 2380 2035 2452 2090; x_wconf 88' lang='lat' dir='ltr'>ut</span> <span class='ocrx_word' id='word_1_337' title='bbox 2500 2049 2606 2089; x_wconf 89' lang='lat' dir='ltr'>nec</span> <span class='ocrx_word' id='word_1_338' title='bbox 2650 2033 2993 2104; x_wconf 85' lang='lat' dir='ltr'>praesentes</span> <span class='ocrx_word' id='word_1_339' title='bbox 3040 2049 3218 2104; x_wconf 87' lang='lat' dir='ltr'>seque</span> 
     </span>
     <span class='ocr_line' id='line_1_46' title="bbox 1928 2119 3221 2196; baseline -0.001 -18"><span class='ocrx_word' id='word_1_340' title='bbox 1928 2122 2304 2196; x_wconf 87' lang='lat' dir='ltr'>alloquentes</span> <span class='ocrx_word' id='word_1_341' title='bbox 2368 2121 2612 2188; x_wconf 71' lang='lat' dir='ltr'>videret,</span> <span class='ocrx_word' id='word_1_342' title='bbox 2669 2119 2730 2177; x_wconf 89' lang='lat' dir='ltr'>id</span> <span class='ocrx_word' id='word_1_343' title='bbox 2784 2126 2982 2178; x_wconf 87' lang='lat' dir='ltr'>tamen</span> <span class='ocrx_word' id='word_1_344' title='bbox 3045 2119 3221 2177; x_wconf 85' lang='lat' dir='ltr'>dante</span> 
     </span>
     <span class='ocr_line' id='line_1_47' title="bbox 1929 2208 3217 2282; baseline -0.002 -15"><span class='ocrx_word' id='word_1_345' title='bbox 1929 2210 2049 2269; x_wconf 92' lang='lat' dir='ltr'>Deo</span> <span class='ocrx_word' id='word_1_346' title='bbox 2071 2210 2289 2268; x_wconf 89' lang='lat' dir='ltr'>residui</span> <span class='ocrx_word' id='word_1_347' title='bbox 2312 2210 2540 2282; x_wconf 87' lang='lat' dir='ltr'>habuit,</span> <span class='ocrx_word' id='word_1_348' title='bbox 2573 2214 2644 2268; x_wconf 91' lang='lat' dir='ltr'>ut</span> <span class='ocrx_word' id='word_1_349' title='bbox 2671 2208 2928 2268; x_wconf 86' lang='lat' dir='ltr'>officium</span> <span class='ocrx_word' id='word_1_350' title='bbox 2948 2208 3217 2268; x_wconf 86' lang='lat' dir='ltr'>divinum</span> 
     </span>
     <span class='ocr_line' id='line_1_48' title="bbox 1929 2298 3219 2374; baseline -0.002 -18"><span class='ocrx_word' id='word_1_351' title='bbox 1929 2303 1990 2356; x_wconf 92' lang='lat' dir='ltr'>et</span> <span class='ocrx_word' id='word_1_352' title='bbox 2022 2300 2083 2356; x_wconf 92' lang='lat' dir='ltr'>in</span> <span class='ocrx_word' id='word_1_353' title='bbox 2118 2317 2280 2357; x_wconf 87' lang='lat' dir='ltr'>sacro</span> <span class='ocrx_word' id='word_1_354' title='bbox 2312 2299 2559 2356; x_wconf 89' lang='lat' dir='ltr'>dicenda</span> <span class='ocrx_word' id='word_1_355' title='bbox 2597 2299 2792 2374; x_wconf 86' lang='lat' dir='ltr'>legere</span> <span class='ocrx_word' id='word_1_356' title='bbox 2825 2301 3044 2372; x_wconf 88' lang='lat' dir='ltr'>posset.</span> <span class='ocrx_word' id='word_1_357' title='bbox 3106 2298 3219 2355; x_wconf 92' lang='lat' dir='ltr'>De-</span> 
     </span>
     <span class='ocr_line' id='line_1_49' title="bbox 1930 2386 3220 2462; baseline -0.003 -16"><span class='ocrx_word' id='word_1_358' title='bbox 1930 2407 2092 2446; x_wconf 90' lang='lat' dir='ltr'>mum</span> <span class='ocrx_word' id='word_1_359' title='bbox 2125 2387 2197 2446; x_wconf 90' lang='lat' dir='ltr'>ad</span> <span class='ocrx_word' id='word_1_360' title='bbox 2231 2387 2534 2462; x_wconf 88' lang='lat' dir='ltr'>piissimae</span> <span class='ocrx_word' id='word_1_361' title='bbox 2584 2388 2740 2445; x_wconf 83' lang='lat' dir='ltr'>vitae</span> <span class='ocrx_word' id='word_1_362' title='bbox 2774 2386 3117 2461; x_wconf 82' lang='lat' dir='ltr'>praemium,</span> <span class='ocrx_word' id='word_1_363' title='bbox 3151 2389 3220 2443; x_wconf 88' lang='lat' dir='ltr'>ut</span> 
     </span>
     <span class='ocr_line' id='line_1_50' title="bbox 1931 2471 3220 2554; baseline -0.003 -20"><span class='ocrx_word' id='word_1_364' title='bbox 1931 2495 2165 2552; x_wconf 85' lang='lat' dir='ltr'>sperare</span> <span class='ocrx_word' id='word_1_365' title='bbox 2197 2478 2353 2546; x_wconf 90' lang='lat' dir='ltr'>licet,</span> <span class='ocrx_word' id='word_1_366' title='bbox 2391 2477 2539 2535; x_wconf 86' lang='lat' dir='ltr'>abiit</span> <span class='ocrx_word' id='word_1_367' title='bbox 2562 2486 2660 2539; x_wconf 78' lang='lat'>23.</span> <span class='ocrx_word' id='word_1_368' title='bbox 2684 2479 2836 2552; x_wconf 91' lang='lat' dir='ltr'>Aug.</span> <span class='ocrx_word' id='word_1_369' title='bbox 2867 2484 3032 2538; x_wconf 82' lang='lat'>1629</span> <span class='ocrx_word' id='word_1_370' title='bbox 3077 2471 3220 2554; x_wconf 91' lang='lat' dir='ltr'>(non</span> 
     </span>
     <span class='ocr_line' id='line_1_51' title="bbox 1937 2560 3218 2645; baseline -0.005 -18"><span class='ocrx_word' id='word_1_371' title='bbox 1937 2575 2121 2636; x_wconf 75' lang='grc'>1624,</span> <span class='ocrx_word' id='word_1_372' title='bbox 2152 2570 2225 2625; x_wconf 89' lang='lat' dir='ltr'>ut</span> <span class='ocrx_word' id='word_1_373' title='bbox 2243 2566 2521 2625; x_wconf 89' lang='lat' dir='ltr'>nonnulli</span> <span class='ocrx_word' id='word_1_374' title='bbox 2541 2566 2692 2625; x_wconf 85' lang='lat' dir='ltr'>falso</span> <span class='ocrx_word' id='word_1_375' title='bbox 2714 2560 3005 2645; x_wconf 88' lang='lat' dir='ltr'>scribunt)</span> <span class='ocrx_word' id='word_1_376' title='bbox 3040 2583 3088 2621; x_wconf 89' lang='lat' dir='ltr'>a.</span> <span class='ocrx_word' id='word_1_377' title='bbox 3125 2582 3218 2622; x_wconf 83' lang='lat' dir='ltr'>ae·</span> 
     </span>
     <span class='ocr_line' id='line_1_52' title="bbox 1929 2650 3215 2735; baseline -0.002 -22"><span class='ocrx_word' id='word_1_378' title='bbox 1929 2656 2073 2713; x_wconf 88' lang='lat' dir='ltr'>tatis</span> <span class='ocrx_word' id='word_1_379' title='bbox 2101 2665 2198 2718; x_wconf 82' lang='lat'>70.</span> <span class='ocrx_word' id='word_1_380' title='bbox 2234 2651 2428 2735; x_wconf 81' lang='lat' dir='ltr'>(juxta</span> <span class='ocrx_word' id='word_1_381' title='bbox 2449 2655 2596 2713; x_wconf 90' lang='lat' dir='ltr'>alios</span> <span class='ocrx_word' id='word_1_382' title='bbox 2622 2650 2747 2732; x_wconf 83' lang='lat'>84).</span> <span class='ocrx_word' id='word_1_383' title='bbox 2782 2655 3066 2712; x_wconf 88' lang='lat' dir='ltr'>Fructum</span> <span class='ocrx_word' id='word_1_384' title='bbox 3088 2656 3215 2710; x_wconf 89' lang='lat' dir='ltr'>stu-</span> 
     </span>
     <span class='ocr_line' id='line_1_53' title="bbox 1929 2744 3217 2818; baseline -0.001 -17"><span class='ocrx_word' id='word_1_385' title='bbox 1929 2744 2159 2801; x_wconf 89' lang='lat' dir='ltr'>diorum</span> <span class='ocrx_word' id='word_1_386' title='bbox 2195 2763 2439 2803; x_wconf 86' lang='lat' dir='ltr'>suorum</span> <span class='ocrx_word' id='word_1_387' title='bbox 2464 2744 2736 2802; x_wconf 82' lang='lat' dir='ltr'>exhibuit</span> <span class='ocrx_word' id='word_1_388' title='bbox 2775 2744 2838 2801; x_wconf 94' lang='lat' dir='ltr'>in</span> <span class='ocrx_word' id='word_1_389' title='bbox 2858 2761 3030 2818; x_wconf 76' lang='lat' dir='ltr'>opere</span> <span class='ocrx_word' id='word_1_390' title='bbox 3048 2746 3217 2817; x_wconf 88' lang='lat' dir='ltr'>post-</span> 
     </span>
     <span class='ocr_line' id='line_1_54' title="bbox 1929 2831 3215 2906; baseline -0.001 -16"><span class='ocrx_word' id='word_1_391' title='bbox 1929 2834 2125 2903; x_wconf 88' lang='lat' dir='ltr'>hum0,</span> <span class='ocrx_word' id='word_1_392' title='bbox 2163 2873 2189 2900; x_wconf 73' lang='grc'>»</span> <span class='ocrx_word' id='word_1_393' title='bbox 2205 2833 2468 2892; x_wconf 90' lang='lat' dir='ltr'>omnium</span> <span class='ocrx_word' id='word_1_394' title='bbox 2491 2833 2811 2906; x_wconf 80' lang='lat' dir='ltr'>praecipuo</span> <span class='ocrx_word' id='word_1_395' title='bbox 2833 2831 3064 2889; x_wconf 88' lang='lat' dir='ltr'>scholae</span> <span class='ocrx_word' id='word_1_396' title='bbox 3082 2832 3215 2889; x_wconf 89' lang='lat' dir='ltr'>tho·</span> 
     </span>
     <span class='ocr_line' id='line_1_55' title="bbox 1928 2915 3216 3001; baseline 0.002 -22"><span class='ocrx_word' id='word_1_397' title='bbox 1928 2921 2243 2979; x_wconf 87' lang='lat' dir='ltr'>mistarum</span> <span class='ocrx_word' id='word_1_398' title='bbox 2262 2929 2289 2958; x_wconf 65' lang='grc'><strong>(</strong></span> <span class='ocrx_word' id='word_1_399' title='bbox 2326 2917 2521 3001; x_wconf 82' lang='lat' dir='ltr'>(juxta</span> <span class='ocrx_word' id='word_1_400' title='bbox 2554 2921 2849 2979; x_wconf 87' lang='lat' dir='ltr'>Scheeben</span> <span class='ocrx_word' id='word_1_401' title='bbox 2879 2921 2918 2981; x_wconf 93' lang='lat' dir='ltr'>l.</span> <span class='ocrx_word' id='word_1_402' title='bbox 2940 2938 2985 2978; x_wconf 90' lang='lat' dir='ltr'>c.</span> <span class='ocrx_word' id='word_1_403' title='bbox 3008 2939 3062 2976; x_wconf 92' lang='lat' dir='ltr'>n.</span> <span class='ocrx_word' id='word_1_404' title='bbox 3093 2915 3216 3000; x_wconf 79' lang='lat'>10),</span> 
     </span>
     <span class='ocr_line' id='line_1_56' title="bbox 1928 3008 3216 3086; baseline -0.002 -18"><span class='ocrx_word' id='word_1_405' title='bbox 1928 3011 2023 3068; x_wconf 90' lang='lat' dir='ltr'>cui</span> <span class='ocrx_word' id='word_1_406' title='bbox 2041 3011 2289 3068; x_wconf 84' lang='lat' dir='ltr'>titulus:</span> <span class='ocrx_word' id='word_1_407' title='bbox 2325 3011 2613 3082; x_wconf 79' lang='lat' dir='ltr'>Panoplia</span> <span class='ocrx_word' id='word_1_408' title='bbox 2629 3011 2871 3086; x_wconf 46' lang='lat' dir='ltr'>qratiam</span> <span class='ocrx_word' id='word_1_409' title='bbox 2907 3008 3097 3067; x_wconf 81' lang='lat' dir='ltr'>sende</span> <span class='ocrx_word' id='word_1_410' title='bbox 3121 3028 3216 3066; x_wconf 84' lang='lat' dir='ltr'>ra·</span> 
     </span>
     <span class='ocr_line' id='line_1_57' title="bbox 1928 3099 3216 3173; baseline -0.001 -17"><span class='ocrx_word' id='word_1_411' title='bbox 1928 3100 2170 3158; x_wconf 87' lang='lat' dir='ltr'>tionalis</span> <span class='ocrx_word' id='word_1_412' title='bbox 2191 3103 2493 3157; x_wconf 85' lang='lat' dir='ltr'>creaturae</span> <span class='ocrx_word' id='word_1_413' title='bbox 2510 3099 2569 3156; x_wconf 88' lang='lat' dir='ltr'>in</span> <span class='ocrx_word' id='word_1_414' title='bbox 2591 3099 2764 3156; x_wconf 88' lang='lat' dir='ltr'>finem</span> <span class='ocrx_word' id='word_1_415' title='bbox 2787 3101 3216 3173; x_wconf 85' lang='lat' dir='ltr'>supernatura-</span> 
     </span>
     <span class='ocr_line' id='line_1_58' title="bbox 1928 3185 3216 3263; baseline -0.002 -18"><span class='ocrx_word' id='word_1_416' title='bbox 1928 3189 2043 3245; x_wconf 90' lang='lat' dir='ltr'>lem</span> <span class='ocrx_word' id='word_1_417' title='bbox 2075 3188 2342 3263; x_wconf 87' lang='lat' dir='ltr'>gratuita</span> <span class='ocrx_word' id='word_1_418' title='bbox 2373 3188 2575 3246; x_wconf 86' lang='lat' dir='ltr'>divina</span> <span class='ocrx_word' id='word_1_419' title='bbox 2612 3188 3024 3262; x_wconf 82' lang='lat' dir='ltr'>suavipotente</span> <span class='ocrx_word' id='word_1_420' title='bbox 3057 3185 3216 3244; x_wconf 84' lang='lat' dir='ltr'>ordi-</span> 
     </span>
     <span class='ocr_line' id='line_1_59' title="bbox 1927 3276 3217 3351; baseline -0.001 -17"><span class='ocrx_word' id='word_1_421' title='bbox 1927 3277 2183 3344; x_wconf 85' lang='lat' dir='ltr'>natione,</span> <span class='ocrx_word' id='word_1_422' title='bbox 2219 3277 2423 3345; x_wconf 89' lang='lat' dir='ltr'>ductu,</span> <span class='ocrx_word' id='word_1_423' title='bbox 2472 3277 2682 3333; x_wconf 81' lang='lat' dir='ltr'>mediis</span> <span class='ocrx_word' id='word_1_424' title='bbox 2728 3276 3035 3351; x_wconf 89' lang='lat' dir='ltr'>liberoque</span> <span class='ocrx_word' id='word_1_425' title='bbox 3082 3293 3217 3349; x_wconf 87' lang='lat' dir='ltr'>pro·</span> 
     </span>
     <span class='ocr_line' id='line_1_60' title="bbox 1926 3364 3217 3442; baseline -0.001 -20"><span class='ocrx_word' id='word_1_426' title='bbox 1926 3384 2135 3442; x_wconf 86' lang='lat' dir='ltr'>gressu</span> <span class='ocrx_word' id='word_1_427' title='bbox 2176 3366 2622 3424; x_wconf 84' lang='lat' dir='ltr'>dissertationes</span> <span class='ocrx_word' id='word_1_428' title='bbox 2654 3365 3038 3441; x_wconf 88' lang='lat' dir='ltr'>theologicae,</span> <span class='ocrx_word' id='word_1_429' title='bbox 3073 3364 3217 3422; x_wconf 91' lang='lat' dir='ltr'>Leo-</span> 
     </span>
     <span class='ocr_line' id='line_1_61' title="bbox 1926 3449 3213 3534; baseline 0 -22"><span class='ocrx_word' id='word_1_430' title='bbox 1926 3454 2008 3512; x_wconf 89' lang='lat' dir='ltr'>dii</span> <span class='ocrx_word' id='word_1_431' title='bbox 2044 3450 2230 3534; x_wconf 86' lang='lat' dir='ltr'>(typis</span> <span class='ocrx_word' id='word_1_432' title='bbox 2250 3453 2572 3524; x_wconf 80' lang='lat' dir='ltr'>ementitis„</span> <span class='ocrx_word' id='word_1_433' title='bbox 2590 3472 2726 3512; x_wconf 82' lang='lat' dir='ltr'>vere</span> <span class='ocrx_word' id='word_1_434' title='bbox 2743 3449 3017 3531; x_wconf 87' lang='lat' dir='ltr'>Biterris)</span> <span class='ocrx_word' id='word_1_435' title='bbox 3050 3460 3213 3514; x_wconf 79' lang='grc'>1676</span> 
     </span>
     <span class='ocr_line' id='line_1_62' title="bbox 1926 3543 3218 3617; baseline -0.003 -17"><span class='ocrx_word' id='word_1_436' title='bbox 1926 3562 1979 3600; x_wconf 85' lang='lat' dir='ltr'>v.</span> <span class='ocrx_word' id='word_1_437' title='bbox 2017 3552 2053 3603; x_wconf 85' lang='lat'>4</span> <span class='ocrx_word' id='word_1_438' title='bbox 2089 3544 2151 3600; x_wconf 91' lang='lat' dir='ltr'>in</span> <span class='ocrx_word' id='word_1_439' title='bbox 2184 3544 2240 3613; x_wconf 87' lang='lat' dir='ltr'>f.‚</span> <span class='ocrx_word' id='word_1_440' title='bbox 2277 3562 2426 3617; x_wconf 87' lang='lat' dir='ltr'>opus</span> <span class='ocrx_word' id='word_1_441' title='bbox 2475 3562 2696 3612; x_wconf 87' lang='lat' dir='ltr'>rarum,</span> <span class='ocrx_word' id='word_1_442' title='bbox 2745 3543 2915 3617; x_wconf 90' lang='lat' dir='ltr'>cujus</span> <span class='ocrx_word' id='word_1_443' title='bbox 2959 3546 2998 3598; x_wconf 90' lang='lat' dir='ltr'>t.</span> <span class='ocrx_word' id='word_1_444' title='bbox 3041 3553 3090 3602; x_wconf 92' lang='lat'>1.</span> <span class='ocrx_word' id='word_1_445' title='bbox 3125 3546 3218 3598; x_wconf 91' lang='lat' dir='ltr'>est</span> 
     </span>
     <span class='ocr_line' id='line_1_63' title="bbox 1926 3631 3214 3708; baseline -0.002 -20"><span class='ocrx_word' id='word_1_446' title='bbox 1926 3632 2263 3708; x_wconf 83' lang='lat' dir='ltr'>isagogicus</span> <span class='ocrx_word' id='word_1_447' title='bbox 2296 3632 2538 3708; x_wconf 89' lang='lat' dir='ltr'>agitque</span> <span class='ocrx_word' id='word_1_448' title='bbox 2571 3632 2641 3689; x_wconf 86' lang='lat' dir='ltr'>de</span> <span class='ocrx_word' id='word_1_449' title='bbox 2658 3631 2897 3707; x_wconf 86' lang='lat' dir='ltr'>Pelagio</span> <span class='ocrx_word' id='word_1_450' title='bbox 2927 3634 2986 3689; x_wconf 91' lang='lat' dir='ltr'>et</span> <span class='ocrx_word' id='word_1_451' title='bbox 3004 3647 3214 3703; x_wconf 85' lang='lat' dir='ltr'>sequa·</span> 
     </span>
     <span class='ocr_line' id='line_1_64' title="bbox 1926 3720 3216 3779; baseline -0.002 -1"><span class='ocrx_word' id='word_1_452' title='bbox 1926 3721 2090 3779; x_wconf 89' lang='lat' dir='ltr'>cibus</span> <span class='ocrx_word' id='word_1_453' title='bbox 2134 3721 2389 3778; x_wconf 88' lang='lat' dir='ltr'>nimium</span> <span class='ocrx_word' id='word_1_454' title='bbox 2440 3720 2860 3779; x_wconf 83' lang='lat' dir='ltr'>extollentibus</span> <span class='ocrx_word' id='word_1_455' title='bbox 2891 3720 3216 3776; x_wconf 87' lang='lat' dir='ltr'>humanum</span> 
     </span>
     <span class='ocr_line' id='line_1_65' title="bbox 1925 3808 3215 3883; baseline -0.002 -16"><span class='ocrx_word' id='word_1_456' title='bbox 1925 3809 2258 3878; x_wconf 87' lang='lat' dir='ltr'>arbitrium,</span> <span class='ocrx_word' id='word_1_457' title='bbox 2313 3809 2503 3883; x_wconf 89' lang='lat' dir='ltr'>deque</span> <span class='ocrx_word' id='word_1_458' title='bbox 2536 3809 2668 3867; x_wconf 86' lang='lat' dir='ltr'>aliis</span> <span class='ocrx_word' id='word_1_459' title='bbox 2718 3808 2781 3866; x_wconf 93' lang='lat' dir='ltr'>id</span> <span class='ocrx_word' id='word_1_460' title='bbox 2830 3808 3085 3866; x_wconf 90' lang='lat' dir='ltr'>nimium</span> <span class='ocrx_word' id='word_1_461' title='bbox 3116 3808 3215 3864; x_wconf 91' lang='lat' dir='ltr'>de·</span> 
     </span>
     <span class='ocr_line' id='line_1_66' title="bbox 1925 3897 3215 3974; baseline -0.002 -19"><span class='ocrx_word' id='word_1_462' title='bbox 1925 3899 2342 3974; x_wconf 77' lang='lat' dir='ltr'>primentibUS,</span> <span class='ocrx_word' id='word_1_463' title='bbox 2381 3898 2628 3956; x_wconf 85' lang='lat' dir='ltr'>maxime</span> <span class='ocrx_word' id='word_1_464' title='bbox 2662 3901 2796 3971; x_wconf 89' lang='lat' dir='ltr'>post</span> <span class='ocrx_word' id='word_1_465' title='bbox 2826 3897 3047 3955; x_wconf 80' lang='lat' dir='ltr'>vulnus</span> <span class='ocrx_word' id='word_1_466' title='bbox 3079 3914 3215 3970; x_wconf 88' lang='lat' dir='ltr'>pec·</span> 
     </span>
     <span class='ocr_line' id='line_1_67' title="bbox 1926 3985 3215 4063; baseline -0.003 -18"><span class='ocrx_word' id='word_1_467' title='bbox 1926 3988 2042 4045; x_wconf 88' lang='lat' dir='ltr'>cati</span> <span class='ocrx_word' id='word_1_468' title='bbox 2094 3987 2433 4063; x_wconf 88' lang='lat' dir='ltr'>originalis;</span> <span class='ocrx_word' id='word_1_469' title='bbox 2487 3988 2628 4044; x_wconf 91' lang='lat' dir='ltr'>item</span> <span class='ocrx_word' id='word_1_470' title='bbox 2677 3986 2748 4044; x_wconf 93' lang='lat' dir='ltr'>de</span> <span class='ocrx_word' id='word_1_471' title='bbox 2791 3985 3215 4043; x_wconf 87' lang='lat' dir='ltr'>infallibilitate</span> 
     </span>
    </p>
   </div>
   <div class='ocr_carea' id='block_1_7' title="bbox 585 4037 3215 4150">
    <p class='ocr_par' dir='ltr' id='par_1_7' title="bbox 585 4037 3215 4150">
     <span class='ocr_line' id='line_1_68' title="bbox 585 4037 3215 4150; baseline 0.007 -38"><span class='ocrx_word' id='word_1_472' title='bbox 585 4037 805 4095; x_wconf 66' lang='lat' dir='ltr'>0rd¹¹1¹s</span> <span class='ocrx_word' id='word_1_473' title='bbox 868 4039 991 4096; x_wconf 62' lang='lat' dir='ltr'>suis</span> <span class='ocrx_word' id='word_1_474' title='bbox 1042 4044 1444 4116; x_wconf 59' lang='lat' dir='ltr'>propugnaret</span> <span class='ocrx_word' id='word_1_475' title='bbox 1505 4040 1865 4098; x_wconf 57' lang='lat' dir='ltr'>doctrinam²</span> <span class='ocrx_word' id='word_1_476' title='bbox 1924 4076 2260 4134; x_wconf 84' lang='lat' dir='ltr'>divinarum</span> <span class='ocrx_word' id='word_1_477' title='bbox 2306 4075 2858 4150; x_wconf 88' lang='lat' dir='ltr'>praedefinitionum</span> <span class='ocrx_word' id='word_1_478' title='bbox 2908 4074 3071 4132; x_wconf 83' lang='lat' dir='ltr'>salva</span> <span class='ocrx_word' id='word_1_479' title='bbox 3119 4092 3215 4131; x_wconf 89' lang='lat' dir='ltr'>re-</span> 
     </span>
    </p>
   </div>
   <div class='ocr_carea' id='block_1_8' title="bbox 585 4124 1868 4205">
    <p class='ocr_par' dir='ltr' id='par_1_8' title="bbox 585 4124 1868 4205">
     <span class='ocr_line' id='line_1_69' title="bbox 585 4124 1868 4205; baseline 0.002 -22"><span class='ocrx_word' id='word_1_480' title='bbox 585 4126 745 4200; x_wconf 89' lang='lat' dir='ltr'>quod</span> <span class='ocrx_word' id='word_1_481' title='bbox 790 4131 850 4184; x_wconf 88' lang='lat' dir='ltr'>et</span> <span class='ocrx_word' id='word_1_482' title='bbox 895 4131 1131 4187; x_wconf 89' lang='lat' dir='ltr'>strenue</span> <span class='ocrx_word' id='word_1_483' title='bbox 1177 4124 1557 4205; x_wconf 74' lang='lat' dir='ltr'>praestitit4),</span> <span class='ocrx_word' id='word_1_484' title='bbox 1608 4126 1749 4186; x_wconf 80' lang='lat' dir='ltr'>adeo</span> <span class='ocrx_word' id='word_1_485' title='bbox 1797 4133 1868 4186; x_wconf 88' lang='lat' dir='ltr'>ut</span> 
     </span>
    </p>
   </div>
   <div class='ocr_carea' id='block_1_9' title="bbox 587 4249 900 4257">
    <p class='ocr_par' dir='ltr' id='par_1_9' title="bbox 587 4249 900 4257">
     <span class='ocr_line' id='line_1_70' title="bbox 587 4249 900 4257; baseline 0 936"><span class='ocrx_word' id='word_1_486' title='bbox 587 4249 900 4257; x_wconf 95' lang='lat' dir='ltr'> </span> 
     </span>
    </p>
   </div>
   <div class='ocr_carea' id='block_1_10' title="bbox 581 4296 1868 4867">
    <p class='ocr_par' dir='ltr' id='par_1_10' title="bbox 585 4296 1868 4437">
     <span class='ocr_line' id='line_1_71' title="bbox 664 4296 1868 4367; baseline 0.003 -19"><span class='ocrx_word' id='word_1_487' title='bbox 664 4299 698 4365; x_wconf 84' lang='lat'>¹)</span> <span class='ocrx_word' id='word_1_488' title='bbox 727 4296 807 4352; x_wconf 80' lang='lat' dir='ltr'>Cf.</span> <span class='ocrx_word' id='word_1_489' title='bbox 836 4296 956 4357; x_wconf 81' lang='lat' dir='ltr'>Nic,</span> <span class='ocrx_word' id='word_1_490' title='bbox 1005 4297 1289 4350; x_wconf 85' lang='lat' dir='ltr'>Antonius</span> <span class='ocrx_word' id='word_1_491' title='bbox 1335 4298 1400 4361; x_wconf 86' lang='lat'>11,</span> <span class='ocrx_word' id='word_1_492' title='bbox 1448 4301 1545 4361; x_wconf 72' lang='lat'>54:</span> <span class='ocrx_word' id='word_1_493' title='bbox 1599 4297 1767 4367; x_wconf 84' lang='lat' dir='ltr'>Alph.</span> <span class='ocrx_word' id='word_1_494' title='bbox 1796 4297 1868 4352; x_wconf 88' lang='lat' dir='ltr'>de</span> 
     </span>
     <span class='ocr_line' id='line_1_72' title="bbox 585 4367 1615 4437; baseline 0.003 -18"><span class='ocrx_word' id='word_1_495' title='bbox 585 4367 866 4433; x_wconf 86' lang='lat' dir='ltr'>Andrada‚</span> <span class='ocrx_word' id='word_1_496' title='bbox 897 4367 962 4420; x_wconf 90' lang='lat' dir='ltr'>El</span> <span class='ocrx_word' id='word_1_497' title='bbox 990 4368 1321 4421; x_wconf 84' lang='lat' dir='ltr'>Estudiante</span> <span class='ocrx_word' id='word_1_498' title='bbox 1348 4368 1615 4437; x_wconf 79' lang='lat' dir='ltr'>perfecto,</span> 
     </span>
    </p>

    <p class='ocr_par' dir='ltr' id='par_1_11' title="bbox 581 4438 1867 4652">
     <span class='ocr_line' id='line_1_73' title="bbox 659 4438 1864 4501; baseline 0.002 -10"><span class='ocrx_word' id='word_1_499' title='bbox 659 4445 697 4501; x_wconf 77' lang='lat'>²)</span> <span class='ocrx_word' id='word_1_500' title='bbox 726 4438 1172 4493; x_wconf 86' lang='lat' dir='ltr'>Franciscus</span> <span class='ocrx_word' id='word_1_501' title='bbox 1212 4439 1280 4491; x_wconf 91' lang='lat' dir='ltr'>de</span> <span class='ocrx_word' id='word_1_502' title='bbox 1320 4440 1517 4493; x_wconf 87' lang='lat' dir='ltr'>Lemos</span> <span class='ocrx_word' id='word_1_503' title='bbox 1559 4438 1623 4492; x_wconf 92' lang='grc' dir='ltr'>Ο.</span> <span class='ocrx_word' id='word_1_504' title='bbox 1651 4440 1703 4494; x_wconf 83' lang='lat' dir='ltr'>S.</span> <span class='ocrx_word' id='word_1_505' title='bbox 1731 4440 1864 4493; x_wconf 88' lang='lat' dir='ltr'>Ben.</span> 
     </span>
     <span class='ocr_line' id='line_1_74' title="bbox 583 4509 1867 4579; baseline 0.003 -18"><span class='ocrx_word' id='word_1_506' title='bbox 583 4510 930 4562; x_wconf 83' lang='lat' dir='ltr'>matritensis</span> <span class='ocrx_word' id='word_1_507' title='bbox 946 4509 1126 4562; x_wconf 88' lang='lat' dir='ltr'>edidit</span> <span class='ocrx_word' id='word_1_508' title='bbox 1139 4514 1514 4565; x_wconf 72' lang='lat' dir='ltr'>commentaria</span> <span class='ocrx_word' id='word_1_509' title='bbox 1525 4529 1688 4579; x_wconf 78' lang='lat' dir='ltr'>super</span> <span class='ocrx_word' id='word_1_510' title='bbox 1707 4514 1867 4565; x_wconf 76' lang='lat' dir='ltr'>Thre-</span> 
     </span>
     <span class='ocr_line' id='line_1_75' title="bbox 581 4582 1866 4652; baseline 0.005 -19"><span class='ocrx_word' id='word_1_511' title='bbox 581 4599 677 4634; x_wconf 78' lang='lat' dir='ltr'>nos</span> <span class='ocrx_word' id='word_1_512' title='bbox 697 4583 962 4634; x_wconf 75' lang='lat' dir='ltr'>Jeremiae</span> <span class='ocrx_word' id='word_1_513' title='bbox 985 4585 1292 4652; x_wconf 74' lang='lat' dir='ltr'>prophetae,</span> <span class='ocrx_word' id='word_1_514' title='bbox 1323 4582 1543 4637; x_wconf 86' lang='lat' dir='ltr'>Matriti</span> <span class='ocrx_word' id='word_1_515' title='bbox 1573 4586 1710 4639; x_wconf 87' lang='grc'>1649</span> <span class='ocrx_word' id='word_1_516' title='bbox 1736 4582 1798 4635; x_wconf 88' lang='lat' dir='ltr'>in</span> <span class='ocrx_word' id='word_1_517' title='bbox 1826 4582 1866 4639; x_wconf 85' lang='lat' dir='ltr'>f.</span> 
     </span>
    </p>

    <p class='ocr_par' dir='ltr' id='par_1_12' title="bbox 657 4650 1864 4723">
     <span class='ocr_line' id='line_1_76' title="bbox 657 4650 1864 4723; baseline 0.005 -22"><span class='ocrx_word' id='word_1_518' title='bbox 657 4658 695 4714; x_wconf 71' lang='grc' dir='ltr'>δ)</span> <span class='ocrx_word' id='word_1_519' title='bbox 726 4650 945 4704; x_wconf 89' lang='lat' dir='ltr'>Handb.</span> <span class='ocrx_word' id='word_1_520' title='bbox 983 4651 1081 4704; x_wconf 89' lang='lat' dir='ltr'>der</span> <span class='ocrx_word' id='word_1_521' title='bbox 1119 4652 1174 4706; x_wconf 88' lang='lat' dir='ltr'>k.</span> <span class='ocrx_word' id='word_1_522' title='bbox 1203 4653 1402 4723; x_wconf 86' lang='lat' dir='ltr'>Dogm.</span> <span class='ocrx_word' id='word_1_523' title='bbox 1429 4652 1466 4706; x_wconf 91' lang='lat' dir='ltr'>l.</span> <span class='ocrx_word' id='word_1_524' title='bbox 1497 4653 1573 4706; x_wconf 89' lang='lat' dir='ltr'>VI</span> <span class='ocrx_word' id='word_1_525' title='bbox 1599 4671 1654 4706; x_wconf 90' lang='lat' dir='ltr'>n.</span> <span class='ocrx_word' id='word_1_526' title='bbox 1684 4657 1788 4710; x_wconf 81' lang='lat'>140</span> <span class='ocrx_word' id='word_1_527' title='bbox 1815 4670 1864 4707; x_wconf 86' lang='lat' dir='ltr'>a.</span> 
     </span>
    </p>

    <p class='ocr_par' dir='ltr' id='par_1_13' title="bbox 585 4721 1865 4867">
     <span class='ocr_line' id='line_1_77' title="bbox 654 4721 1863 4792; baseline 0.002 -19"><span class='ocrx_word' id='word_1_528' title='bbox 654 4728 696 4783; x_wconf 86' lang='lat'>⁴)</span> <span class='ocrx_word' id='word_1_529' title='bbox 725 4721 992 4775; x_wconf 87' lang='lat' dir='ltr'>Strenuos</span> <span class='ocrx_word' id='word_1_530' title='bbox 1033 4741 1255 4792; x_wconf 80' lang='lat' dir='ltr'>quoque</span> <span class='ocrx_word' id='word_1_531' title='bbox 1276 4725 1480 4779; x_wconf 84' lang='lat' dir='ltr'>habuit</span> <span class='ocrx_word' id='word_1_532' title='bbox 1497 4724 1863 4790; x_wconf 72' lang='lat' dir='ltr'>adversariOS,</span> 
     </span>
     <span class='ocr_line' id='line_1_78' title="bbox 585 4791 1865 4867; baseline 0.003 -23"><span class='ocrx_word' id='word_1_533' title='bbox 585 4792 751 4859; x_wconf 85' lang='lat' dir='ltr'>Greg.</span> <span class='ocrx_word' id='word_1_534' title='bbox 778 4791 856 4845; x_wconf 80' lang='lat' dir='ltr'>de</span> <span class='ocrx_word' id='word_1_535' title='bbox 886 4794 932 4845; x_wconf 76' lang='lat' dir='ltr'>V</span> <span class='ocrx_word' id='word_1_536' title='bbox 949 4791 1116 4847; x_wconf 87' lang='lat' dir='ltr'>alen</span> <span class='ocrx_word' id='word_1_537' title='bbox 1136 4796 1257 4861; x_wconf 88' lang='lat' dir='ltr'>tia,</span> <span class='ocrx_word' id='word_1_538' title='bbox 1289 4796 1516 4850; x_wconf 88' lang='lat' dir='ltr'>Petrum</span> <span class='ocrx_word' id='word_1_539' title='bbox 1545 4794 1865 4867; x_wconf 84' lang='lat' dir='ltr'>Arrubal‚</span> 
     </span>
    </p>
   </div>
   <div class='ocr_carea' id='block_1_11' title="bbox 1924 4163 3213 4241">
    <p class='ocr_par' dir='ltr' id='par_1_14' title="bbox 1924 4163 3213 4241">
     <span class='ocr_line' id='line_1_79' title="bbox 1924 4163 3213 4241; baseline -0.004 -19"><span class='ocrx_word' id='word_1_540' title='bbox 1924 4184 2058 4222; x_wconf 88' lang='lat' dir='ltr'>rum</span> <span class='ocrx_word' id='word_1_541' title='bbox 2103 4164 2510 4241; x_wconf 85' lang='lat' dir='ltr'>contingentia</span> <span class='ocrx_word' id='word_1_542' title='bbox 2555 4167 2616 4222; x_wconf 92' lang='lat' dir='ltr'>et</span> <span class='ocrx_word' id='word_1_543' title='bbox 2658 4163 2887 4221; x_wconf 88' lang='lat' dir='ltr'>arbitrii</span> <span class='ocrx_word' id='word_1_544' title='bbox 2919 4164 3213 4221; x_wconf 89' lang='lat' dir='ltr'>libertate.</span> 
     </span>
    </p>
   </div>
   <div class='ocr_carea' id='block_1_12' title="bbox 1922 4251 3213 4327">
    <p class='ocr_par' dir='ltr' id='par_1_15' title="bbox 1922 4251 3213 4327">
     <span class='ocr_line' id='line_1_80' title="bbox 1922 4251 3213 4327; baseline -0.002 -17"><span class='ocrx_word' id='word_1_545' title='bbox 1922 4254 1992 4310; x_wconf 89' lang='lat' dir='ltr'>In</span> <span class='ocrx_word' id='word_1_546' title='bbox 2023 4256 2065 4310; x_wconf 90' lang='lat' dir='ltr'>t.</span> <span class='ocrx_word' id='word_1_547' title='bbox 2105 4263 2157 4314; x_wconf 88' lang='lat'>2.</span> <span class='ocrx_word' id='word_1_548' title='bbox 2192 4253 2429 4311; x_wconf 86' lang='lat' dir='ltr'>disserit</span> <span class='ocrx_word' id='word_1_549' title='bbox 2475 4252 2546 4310; x_wconf 91' lang='lat' dir='ltr'>de</span> <span class='ocrx_word' id='word_1_550' title='bbox 2594 4271 2824 4311; x_wconf 86' lang='lat' dir='ltr'>summa</span> <span class='ocrx_word' id='word_1_551' title='bbox 2856 4252 2962 4309; x_wconf 92' lang='lat' dir='ltr'>Dei</span> <span class='ocrx_word' id='word_1_552' title='bbox 3013 4251 3213 4327; x_wconf 85' lang='lat' dir='ltr'>provi-</span> 
     </span>
    </p>
   </div>
   <div class='ocr_carea' id='block_1_13' title="bbox 1923 4340 3215 4417">
    <p class='ocr_par' dir='ltr' id='par_1_16' title="bbox 1923 4340 3215 4417">
     <span class='ocr_line' id='line_1_81' title="bbox 1923 4340 3215 4417; baseline -0.002 -19"><span class='ocrx_word' id='word_1_553' title='bbox 1923 4341 2127 4399; x_wconf 88' lang='lat' dir='ltr'>dentia</span> <span class='ocrx_word' id='word_1_554' title='bbox 2158 4345 2218 4399; x_wconf 89' lang='lat' dir='ltr'>et</span> <span class='ocrx_word' id='word_1_555' title='bbox 2250 4341 2652 4400; x_wconf 81' lang='lat' dir='ltr'>efficacissima</span> <span class='ocrx_word' id='word_1_556' title='bbox 2671 4340 3215 4417; x_wconf 86' lang='lat' dir='ltr'>praedestinatione</span> 
     </span>
    </p>
   </div>
   <div class='ocr_carea' id='block_1_14' title="bbox 1923 4466 2243 4473">
    <p class='ocr_par' dir='ltr' id='par_1_17' title="bbox 1923 4466 2243 4473">
     <span class='ocr_line' id='line_1_82' title="bbox 1923 4466 2243 4473; baseline 0 0"><span class='ocrx_word' id='word_1_557' title='bbox 1923 4466 2243 4473; x_wconf 95' lang='lat' dir='ltr'> </span> 
     </span>
    </p>
   </div>
   <div class='ocr_carea' id='block_1_15' title="bbox 1923 4509 3214 4723">
    <p class='ocr_par' dir='ltr' id='par_1_18' title="bbox 1923 4509 3214 4723">
     <span class='ocr_line' id='line_1_83' title="bbox 1924 4509 3213 4576; baseline -0.003 -10"><span class='ocrx_word' id='word_1_558' title='bbox 1924 4511 2085 4568; x_wconf 85' lang='lat' dir='ltr'>Ferd.</span> <span class='ocrx_word' id='word_1_559' title='bbox 2113 4512 2150 4566; x_wconf 91' lang='lat' dir='ltr'>d</span> <span class='ocrx_word' id='word_1_560' title='bbox 2171 4530 2200 4566; x_wconf 91' lang='lat' dir='ltr'>e</span> <span class='ocrx_word' id='word_1_561' title='bbox 2230 4512 2363 4564; x_wconf 89' lang='lat' dir='ltr'>Bas</span> <span class='ocrx_word' id='word_1_562' title='bbox 2382 4510 2560 4576; x_wconf 77' lang='lat' dir='ltr'>tida,</span> <span class='ocrx_word' id='word_1_563' title='bbox 2585 4512 2862 4565; x_wconf 85' lang='lat' dir='ltr'>Joannem</span> <span class='ocrx_word' id='word_1_564' title='bbox 2888 4510 2967 4563; x_wconf 87' lang='lat' dir='ltr'>de</span> <span class='ocrx_word' id='word_1_565' title='bbox 3003 4509 3213 4563; x_wconf 80' lang='lat' dir='ltr'>Salas</span> 
     </span>
     <span class='ocr_line' id='line_1_84' title="bbox 1923 4580 3213 4652; baseline -0.002 -16"><span class='ocrx_word' id='word_1_566' title='bbox 1923 4589 1981 4636; x_wconf 91' lang='lat' dir='ltr'>et</span> <span class='ocrx_word' id='word_1_567' title='bbox 2004 4583 2200 4643; x_wconf 83' lang='lat' dir='ltr'>Barth,</span> <span class='ocrx_word' id='word_1_568' title='bbox 2242 4582 2284 4635; x_wconf 92' lang='lat' dir='ltr'>P</span> <span class='ocrx_word' id='word_1_569' title='bbox 2302 4600 2330 4637; x_wconf 90' lang='lat' dir='ltr'>e</span> <span class='ocrx_word' id='word_1_570' title='bbox 2346 4600 2374 4635; x_wconf 92' lang='lat' dir='ltr'>r</span> <span class='ocrx_word' id='word_1_571' title='bbox 2390 4599 2418 4636; x_wconf 90' lang='lat' dir='ltr'>e</span> <span class='ocrx_word' id='word_1_572' title='bbox 2434 4601 2479 4647; x_wconf 87' lang='lat' dir='ltr'>z,</span> <span class='ocrx_word' id='word_1_573' title='bbox 2527 4583 2869 4651; x_wconf 88' lang='lat' dir='ltr'>quibuscum</span> <span class='ocrx_word' id='word_1_574' title='bbox 2909 4580 3040 4652; x_wconf 87' lang='lat' dir='ltr'>(sibi</span> <span class='ocrx_word' id='word_1_575' title='bbox 3076 4580 3213 4633; x_wconf 80' lang='lat' dir='ltr'>invi-</span> 
     </span>
     <span class='ocr_line' id='line_1_85' title="bbox 1924 4651 3214 4723; baseline -0.002 -16"><span class='ocrx_word' id='word_1_576' title='bbox 1924 4671 2043 4708; x_wconf 87' lang='lat' dir='ltr'>cem</span> <span class='ocrx_word' id='word_1_577' title='bbox 2071 4653 2520 4723; x_wconf 85' lang='lat' dir='ltr'>succedentibus)</span> <span class='ocrx_word' id='word_1_578' title='bbox 2552 4654 2612 4706; x_wconf 90' lang='lat' dir='ltr'>in</span> <span class='ocrx_word' id='word_1_579' title='bbox 2632 4658 2700 4710; x_wconf 84' lang='lat'>47</span> <span class='ocrx_word' id='word_1_580' title='bbox 2730 4651 3214 4722; x_wconf 85' lang='lat' dir='ltr'>disputationibus</span> 
     </span>
    </p>
   </div>
   <div class='ocr_carea' id='block_1_16' title="bbox 1922 4723 3213 4794">
    <p class='ocr_par' dir='ltr' id='par_1_19' title="bbox 1922 4723 3213 4794">
     <span class='ocr_line' id='line_1_86' title="bbox 1922 4723 3213 4794; baseline 0.002 -16"><span class='ocrx_word' id='word_1_581' title='bbox 1922 4724 2164 4794; x_wconf 82' lang='lat' dir='ltr'>publicis</span> <span class='ocrx_word' id='word_1_582' title='bbox 2194 4725 2552 4779; x_wconf 85' lang='lat' dir='ltr'>concertavit.</span> <span class='ocrx_word' id='word_1_583' title='bbox 2583 4724 2662 4779; x_wconf 82' lang='lat' dir='ltr'>Cf.</span> <span class='ocrx_word' id='word_1_584' title='bbox 2694 4723 2913 4778; x_wconf 86' lang='lat' dir='ltr'>Echard</span> <span class='ocrx_word' id='word_1_585' title='bbox 2939 4724 3006 4789; x_wconf 87' lang='lat'>11,</span> <span class='ocrx_word' id='word_1_586' title='bbox 3021 4727 3124 4781; x_wconf 86' lang='lat'>461</span> <span class='ocrx_word' id='word_1_587' title='bbox 3145 4741 3213 4781; x_wconf 76' lang='lat' dir='ltr'>s.;</span> 
     </span>
    </p>
   </div>
   <div class='ocr_carea' id='block_1_17' title="bbox 1923 4796 2792 4864">
    <p class='ocr_par' dir='ltr' id='par_1_20' title="bbox 1923 4796 2792 4864">
     <span class='ocr_line' id='line_1_87' title="bbox 1923 4796 2792 4864; baseline 0.001 -15"><span class='ocrx_word' id='word_1_588' title='bbox 1923 4796 2176 4864; x_wconf 75' lang='lat' dir='ltr'>Morgott</span> <span class='ocrx_word' id='word_1_589' title='bbox 2202 4796 2313 4850; x_wconf 60' lang='grc' dir='ltr'>ΚΒ.</span> <span class='ocrx_word' id='word_1_590' title='bbox 2346 4797 2467 4862; x_wconf 88' lang='lat' dir='ltr'>v11,</span> <span class='ocrx_word' id='word_1_591' title='bbox 2495 4800 2792 4853; x_wconf 82' lang='lat'>1738—41.</span> 
     </span>
    </p>
   </div>
  </div>
 </body>
</html>
