3625 5193
589 250 716 304 283

591 419 848 478 lationes
864 416 1111 477 Antonii
1128 416 1386 476 Sadeelis
1399 415 1743 487 Lutherani,
1761 417 1868 476 Co-

592 508 786 567 loniae
824 516 1010 575 1580,
1059 505 1219 580 quod
1260 524 1410 581 opus
1443 505 1546 564 alii
1576 506 1638 564 ll.
1670 505 1871 583 apolo-

589 596 722 674 giae
733 596 826 655 vel
840 594 1236 671 supplementi
1246 595 1439 653 instar
1449 595 1636 653 secuti
1649 597 1794 654 sunt
1807 597 1872 675 ¹);

594 685 860 759 Epistola
885 683 960 742 ad
979 683 1272 760 quendam
1288 682 1352 741 in
1374 683 1686 743 Germania
1704 684 1872 743 theo·

595 793 740 851 gum
769 780 970 832 contra
1000 772 1337 849 ubiquistas,
1373 774 1737 850 Ariouistus,
1772 772 1873 831 In-

592 861 875 940 golstadii
929 869 1112 925 1584.
1159 860 1361 920 Edidit
1406 864 1712 937 praeterea
1740 880 1872 921 con-

589 952 910 1010 stitutiones
918 951 1404 1026 ssapostolorum,
1410 950 1676 1009 Venetiis
1689 962 1713 1014 1
1726 960 1758 1013 5
1769 961 1803 1014 6
1814 960 1849 1013 3
1857 994 1870 1020 ‚

593 1058 729 1099 cum
758 1038 1213 1116 prolegomenis,
1248 1038 1504 1109 scholiis,
1537 1040 1872 1098 annotatio-

592 1129 790 1200 nibus,
824 1127 1346 1204 explanationibus
1366 1128 1769 1205 apologeticis,
1790 1138 1869 1191 80

589 1218 919 1277 canonibus
940 1215 1175 1275 concilii
1186 1216 1438 1288 nicaeni,
1453 1217 1752 1293 responsis
1764 1216 1872 1275 Ni-

591 1307 744 1366 colai
775 1306 818 1364 1.
867 1305 941 1365 ad
986 1305 1255 1364 consulta
1303 1306 1691 1382 bulgarorum
1743 1308 1871 1375 etc„

594 1394 973 1469 Antwerpiae
1014 1403 1210 1465 15783
1258 1395 1544 1469 opuscula
1582 1395 1874 1470 quaedam

594 1499 642 1542 s.
673 1482 966 1542 Diadochi
996 1483 1257 1558 episcopi
1289 1483 1561 1542 Photices
1587 1486 1708 1542 ets.
1730 1484 1871 1553 Nili,

597 1572 934 1631 Florentiae
990 1579 1175 1643 1570,
1235 1573 1616 1648 Antwerpiae
1673 1581 1873 1642 1575;

595 1661 849 1720 Joannis
868 1660 1160 1733 Sapientis
1177 1663 1570 1737 cognomento
1595 1661 1873 1738 Cyparis-

596 1752 747 1826 sioti,
794 1749 1009 1808 Romae
1051 1758 1248 1816 1581;
1292 1769 1339 1808 s.
1376 1749 1625 1808 Maximi
1655 1752 1872 1825 confes-

595 1841 750 1897 soris
782 1841 987 1897 contra
1019 1838 1452 1897 monotheletas
1484 1842 1545 1897 et
1566 1839 1876 1914 acephalos

599 1927 889 2003 opuscula
907 1926 1065 1996 XIII,
1087 1926 1440 2003 Ingolstadii
1466 1938 1626 1990 1605
1647 1950 1660 1999 ;
1700 1928 1876 1986 Theo-

591 2017 729 2075 dori
748 2017 1059 2075 Abucarae
1076 2016 1240 2074 varia
1260 2016 1546 2091 opuscula
1564 2016 1723 2074 XLII
1740 2035 1877 2075 con-

597 2107 691 2163 tra
737 2105 1078 2174 haereti008‚
1129 2104 1167 2162 J
1171 2105 1389 2163 udaeos
1435 2108 1497 2163 et
1542 2105 1876 2173 Saracenos,

597 2194 659 2252 ib
701 2203 899 2264 16043
939 2212 985 2251 s.
1020 2194 1287 2270 Dionysii
1317 2194 1460 2251 alex.
1494 2214 1585 2268 ep.
1618 2194 1691 2252 ad
1723 2195 1879 2252 Pau·

600 2283 728 2341 lum
759 2287 1030 2342 samosat.
1053 2284 1115 2341 et
1134 2301 1225 2357 ep.
1246 2281 1320 2339 ad
1341 2282 1661 2341 Basilidem
1683 2283 1879 2360 episc,

601 2372 818 2429 Romae
856 2382 1056 2441 16063
1093 2371 1287 2429 Photii
1318 2370 1565 2447 archiep.
1600 2372 1703 2430 ΟΡ.
1738 2372 1775 2428 l.
1809 2372 1881 2429 de

597 2459 1011 2519 voluntatibus
1024 2460 1087 2518 in
1098 2460 1330 2519 Christo
1341 2460 1404 2517 in
1417 2459 1699 2519 Stevartii
1709 2461 1747 2518 l.
1760 2460 1882 2518 sin-

1141 236 1509 291 1581-n1600.
1538 231 1864 303 Patrologia
1886 233 1948 285 in
1977 232 2136 302 Hisp.
2165 232 2382 301 Torres‚
2409 230 2644 294 Statius,

3079 246 3207 301 284

1928 417 2079 476 ticae
2111 417 2376 476 defectus
2402 415 2603 492 judice
2634 415 2760 492 ipso
2794 415 2997 475 Crusio
3015 412 3075 493 ¹),
3102 415 3207 490 qui

1926 506 2015 565 ita
2046 508 2276 566 censet:
2312 505 2540 575 ,Quam
2572 521 2848 580 praeceps
2880 509 3078 564 autem
3100 505 3209 564 hoc

1928 596 2109 654 fuerit
2140 594 2253 653 viri
2286 593 2430 653 alias
2462 594 2787 652 doctissimi
2802 592 3097 670 judicium
3117 593 3209 652 vel

1927 684 2138 743 exinde
2172 686 2434 759 apparet,
2468 682 2630 758 quod
2659 682 2929 759 plerique
2961 683 3080 742 fere
3103 701 3208 741 au-

1929 776 2122 833 ctores
2170 772 2293 842 isti,
2346 789 2498 847 quos
2548 771 2830 831 confictos
2880 770 3212 830 crediderat

1927 861 2291 931 Blondellus‚
2325 878 2487 920 nunc
2517 860 2581 918 in
2602 861 2871 920 omnium
2891 863 3210 920 versentur

1930 950 2220 1020 manibus,
2253 952 2432 1025 atque
2449 949 2953 1025 peritissimorum
2970 951 3211 1009 nostrae

1931 1040 2146 1099 aetatis
2167 1038 2631 1115 comprobentur
2648 1039 2888 1097 calculo.
2904 1046 2932 1078 ‘
2966 1071 3053 1084 —
3084 1038 3211 1096 Ali-

1929 1131 2077 1204 quot
2090 1128 2381 1204 opuscula
2393 1145 2426 1185 e
2440 1127 2705 1186 tenebris
2717 1128 2877 1186 eruit
2887 1122 2937 1208 ²)
2951 1126 3210 1186 Achilles

1930 1218 2238 1278 Statius
2268 1216 2596 1276 Lusitanus
2637 1218 2811 1291 poeta
2855 1216 3107 1275 eximius
3152 1217 3213 1273 et

1932 1306 2289 1382 philologus.
2338 1306 2484 1364 Post
2513 1305 2786 1382 longiora
2828 1304 3048 1364 itinera
3096 1305 3211 1364 Ro·

1929 1415 2085 1453 mam
2117 1413 2180 1453 se
2211 1394 2486 1463 contulit,
2518 1394 2912 1453 bibliothecae
2951 1394 3212 1452 instruc-

1930 1484 2198 1542 tissimae
2230 1482 2383 1542 card.
2419 1482 2639 1542 Sfortia
2658 1501 2861 1542 curam
2879 1483 3081 1560 gessit.
3109 1482 3211 1540 Pio

1930 1573 1996 1632 V.
2030 1572 2105 1630 ab
2136 1571 2406 1648 epistolis
2438 1574 2569 1629 erat
2597 1572 2815 1630 latinis.
2847 1571 3087 1630 Coelebs
3120 1570 3211 1629 vi·

1929 1661 2019 1719 xit
2052 1660 2125 1719 ad
2156 1664 2408 1720 mortem
2456 1678 2646 1736 usque
2678 1656 2807 1743 (17.
2842 1660 3000 1737 Sept.
3043 1669 3200 1723 1581

1933 1749 2026 1808 vel
2063 1746 2277 1830 1585).
2312 1748 2766 1808 Selectissimam
2807 1749 2922 1808 sibi
2968 1766 3211 1824 parave-

1932 1841 2028 1897 rat
2055 1838 2490 1912 bibliothecam,
2524 1857 2702 1914 quam
2736 1837 2993 1896 Oratorii
3019 1837 3211 1913 patri-

1932 1928 2046 1986 bus
2066 1927 2308 2003 legavit,
2331 1945 2599 2001 quaeque
2618 1927 2869 1986 Baronio
2889 1927 2954 1984 in
2979 1925 3212 1985 concin-

1933 2016 2145 2075 nandis
2177 2015 2493 2074 annalibus
2524 2016 2664 2075 usui
2696 2019 2839 2074 erat.
2873 2016 3015 2074 Cum
3046 2016 3110 2073 in
3141 2014 3213 2072 li·

1934 2106 2081 2163 teris
2114 2104 2374 2163 classicis
2405 2106 2564 2163 esset
2601 2104 2966 2163 cultissimus
3012 2105 3213 2162 aucto-

1935 2212 2030 2252 res
2047 2193 2323 2252 classicos
2346 2192 2688 2251 illustravit.
2710 2193 2958 2268 Aliquot
2975 2194 3213 2268 patrum

1937 2300 2284 2359 graecorum
2316 2283 2592 2355 opuscula
2623 2282 2806 2341 latine
2852 2281 3050 2350 vertit,
3102 2281 3213 2339 Ro-

1938 2391 2064 2430 mae
2106 2379 2303 2442 1578;
2350 2370 2682 2429 Ferandi
2727 2370 2984 2448 carthag.
3033 2370 3216 2429 eccle-

1940 2460 2059 2519 siae
2095 2459 2325 2519 diaconi
2358 2461 2652 2533 opusculo,
2676 2459 2724 2517 G
2740 2479 2770 2516 r
2785 2478 2816 2517 e
2836 2478 2877 2535 g
2892 2478 2926 2518 o
2946 2479 2977 2516 r
2993 2459 3012 2516 i
3030 2459 3050 2516 i
3069 2459 3215 2517 Bae·

603 2549 802 2626 gulari
851 2548 1252 2625 insigniorum
1303 2550 1631 2619 auctorum,
1680 2548 1879 2626 Ingol-
1940 2549 2043 2607 tici
2074 2548 2408 2607 eliberitani
2440 2566 2528 2623 ep.
2561 2548 2599 2611 l.
2619 2549 2689 2607 de
2718 2547 3000 2607 Trinitate
3018 2555 3070 2606 et
3086 2548 3216 2622 fide,

605 2638 784 2695 stadii
824 2648 937 2701 161
957 2648 1012 2706 6,
1035 2637 1099 2695 in
1119 2656 1237 2711 quo
1258 2638 1451 2694 exstat
1469 2637 1648 2694 etiam
1670 2638 1884 2694 Basilii
1940 2641 1999 2695 et
2019 2638 2065 2695 P
2081 2657 2114 2696 a
2127 2656 2156 2696 c
2173 2637 2212 2694 h
2227 2656 2261 2696 o
2277 2637 2406 2695 mii
2426 2638 2518 2695 ab.
2535 2639 2795 2714 reyulam
2810 2638 3217 2695 monachorum

601 2723 962 2784 seleuciensis
998 2724 1421 2784 demonstratio
1461 2725 1740 2785 adversus
1772 2725 1883 2784 Ju·
1941 2725 2024 2804 (in
2057 2745 2188 2802 app.
2221 2745 2350 2802 opp.
2365 2726 2627 2785 Cassiani
2658 2725 2747 2787 ed.
2768 2726 2830 2784 P.
2853 2725 3084 2784 Ciaconi
3104 2725 3216 2783 Ro-

603 2814 778 2872 daeos
829 2813 901 2871 de
948 2814 1211 2871 adventu
1256 2813 1491 2882 Christi,
1538 2834 1581 2872 s.
1633 2815 1886 2873 Maximi
1939 2834 2068 2873 mae
2107 2811 2322 2893 1580).
2354 2814 2559 2873 Dictus
2592 2818 2686 2873 est
2715 2815 2790 2873 ob
2823 2813 3105 2872 studendi
3127 2832 3217 2871 as-

605 2903 708 2976 M,
736 2901 1014 2960 Theodori
1031 2902 1364 2978 presbyteri
1384 2902 1759 2972 rhaithensiS‚
1783 2903 1883 2961 Se·
1942 2903 2283 2962 siduitatem
2331 2903 2668 2972 ,librorum
2712 2905 2961 2962 venator
3004 2908 3066 2962 et
3098 2902 3217 2960 hel-

604 2993 873 3064 rapionis
885 2990 1064 3065 episc.
1081 2991 1401 3060 Thmueos3
1424 2991 1652 3050 Leontii
1669 2991 1884 3068 byzan-
1943 2995 2059 3051 luc.
2074 3001 2101 3030 α

604 3079 736 3150 tini,
791 3081 1096 3136 Anastasii
1126 3080 1403 3142 sinaitae.
1440 3082 1740 3140 Anastasii
1773 3082 1882 3158 ab„

607 3168 924 3241 Nicephori
943 3170 1189 3244 archiep.
1212 3168 1342 3248 GP.²
1368 3169 1687 3228 Zachariae
1705 3170 1885 3244 Myti-
2039 3178 2179 3232 124.
2210 3168 2447 3243 Reliqui
2473 3169 2614 3226 sunt
2630 3168 2979 3227 Ambrosius
2999 3168 3058 3224 M
3072 3186 3105 3225 o
3118 3186 3147 3224 r
3161 3186 3218 3224 a·

607 3257 888 3327 lenensis,
946 3258 1058 3315 Titi
1100 3258 1452 3329 Bostrensis,
1486 3277 1531 3320 s.
1564 3258 1885 3335 Hippolyti,
1941 3259 2053 3316 les
2087 3257 2479 3316 Cordubensis
2513 3252 3024 3338 (1513—1590)‚
3059 3256 3219 3313 Gun-

607 3364 653 3404 s.
702 3346 973 3423 Greyorii
1016 3345 1294 3423 Nysseni‚
1321 3346 1561 3424 Didymi
1602 3349 1791 3421 Alex„
1839 3366 1886 3409 s.
1942 3346 2208 3405 disalvus
2269 3346 2531 3404 Marinus
2595 3346 2831 3403 Ponce
2893 3344 2966 3403 de
3028 3345 3221 3402 Leon

606 3434 861 3494 Joanm‘s
904 3435 1250 3494 Damascene*
1295 3438 1404 3494 etc.
1455 3437 1742 3511 opuscula
1792 3436 1887 3495 vel
1944 3435 2294 3510 hispalensis
2341 3437 2402 3493 et
2431 3434 2690 3493 Joannes
2736 3433 2947 3492 Grial
2992 3433 3083 3492 vir
3113 3433 3221 3490 hu-

610 3525 925 3592 orationes‚
977 3544 1130 3599 quae
1178 3525 1244 3583 in
1290 3524 1468 3583 variis
1501 3527 1737 3599 patrum
1769 3524 1887 3583 col·
1945 3525 2273 3582 maniorum
2316 3522 2759 3598 disciplinarum
2791 3522 3098 3597 totiusque
3130 3538 3220 3579 ec-

609 3612 966 3671 lectionibus
993 3614 1361 3688 prodierunt.
1394 3613 1611 3671 Verum
1646 3612 1887 3688 quidem
1944 3612 2304 3671 clesiasticae
2337 3629 2405 3669 ac
2437 3610 2715 3669 secularis
2760 3611 3039 3669 historiae
3068 3609 3221 3685 peri-

609 3705 705 3759 est
734 3699 1049 3759 nonnullos
1069 3702 1394 3776 praeeunte
1415 3702 1722 3761 Blondello
1743 3702 1889 3760 artis
1944 3701 2229 3769 tissimu8‚
2307 3718 2558 3774 quorum
2650 3700 2877 3775 primus
2953 3699 3222 3757 Castiliae

608 3789 848 3847 criticae
881 3788 1175 3847 defectum
1221 3789 1509 3849 Turriano
1556 3788 1888 3868 objicere2)‚

614 3896 731 3952 quo
762 3877 948 3936 etiam
979 3896 1254 3936 concesso
1284 3897 1494 3954 magna
1513 3882 1712 3937 tamen
1734 3897 1887 3937 sem·
2027 3925 2063 3993 2)
2090 3923 2156 3974 In
2182 3920 2314 3975 diss·
2342 3920 2409 3973 de
2436 3921 2575 3973 Mac·
2603 3919 2865 3988 Magnete
2891 3936 2933 3972 ρ,
2958 3923 2987 3976 1
3010 3927 3037 3985 ς
3057 3923 3107 3983 2,
3129 3917 3224 3972 ubi

611 3984 719 4065 Pel*
749 3969 926 4024 erunt
957 3985 1144 4041 1981118
1177 3986 1240 4023 ¹¹1
1271 3985 1396 4024 rem
1425 3967 1747 4026 hf‘emrlam
1768 3986 1890 4026 ¹¹³0·
1949 3993 2290 4047 Turrianum
2335 3991 2507 4044 etiam
2550 3990 2820 4044 adversus
2863 3989 3223 4044 Albertinum

613 4057 742 4111 rita.
790 4054 1061 4113 Ceterum
1109 4073 1218 4113 nec
1253 4058 1459 4114 tantus
1497 4056 1613 4114 suit
1651 4058 1745 4116 hic
1780 4056 1889 4116 cri·
1949 4067 2163 4118 tuetur.
2189 4064 2290 4115 An
2308 4063 2432 4116 dre
2450 4080 2473 4114 s
2498 4080 2554 4131 p.
2582 4066 2631 4117 6.
2658 4062 2695 4116 1.
2722 4065 2773 4118 3.
2801 4078 2843 4114 c.
2872 4066 2938 4118 2:
2979 4060 3226 4115 Sebbene

1950 4135 1991 4188 il
2042 4134 2319 4188 Turriano
2370 4149 2485 4186 non
2528 4133 2699 4186 abbia
2736 4134 3012 4185 mostrata
3054 4130 3227 4185 molto

1952 4207 2161 4259 finezza
2186 4205 2244 4258 di
2284 4204 2483 4260 critica
2518 4203 2651 4257 nell’
2667 4203 3020 4258 abbracciare
3056 4202 3226 4256 indis-

1952 4278 2292 4330 tintamente
2318 4276 2468 4329 tanti
2493 4273 2868 4339 monumenti,
2908 4274 2967 4327 vi
2992 4276 3070 4329 ha
3095 4275 3225 4345 pero

696 4349 733 4419 ἢ
761 4347 842 4401 of.
868 4347 1226 4415 Roskovanyi
1254 4348 1321 4413 11,
1341 4351 1571 4412 420—2‚
1599 4347 1698 4416 qui
1724 4365 1815 4402 eos
1841 4350 1899 4402 et
1952 4365 2145 4418 sparsa
2171 4348 2284 4401 tale
2309 4346 2642 4410 erudizione‚
2671 4347 2724 4398 ν’
2741 4345 2817 4399 ha
2841 4345 3045 4399 toccati
3083 4344 3225 4398 tanti

618 4418 1003 4487 responsiones
1027 4418 1276 4473 Sadeelis
1300 4421 1565 4472 recenset.
1953 4420 2139 4489 panti,
2171 4421 2225 4472 v'
2242 4418 2318 4471 ha
2344 4418 2661 4487 presentate
2689 4419 2849 4470 tante
2864 4433 3052 4471 nuove
3068 4415 3223 4478 visto,

696 4492 736 4560 2)
763 4489 1099 4543 Praesertim
1125 4494 1356 4559 propter
1383 4506 1557 4558 opus:
1608 4493 1715 4545 Pro
1739 4509 1898 4545 cano-
1953 4492 2054 4544 che
2098 4490 2151 4543 le
2197 4505 2295 4543 sue
2339 4504 2503 4556 opere
2549 4504 2685 4540 sono
2731 4489 2881 4541 stato
2920 4486 2978 4540 di
3099 4485 3228 4541 and'

620 4563 778 4614 nibus
817 4564 1174 4628 apostolorum
1212 4570 1259 4614 et
1301 4564 1531 4628 epistolis
1557 4564 1900 4615 decretalibus
1954 4562 2323 4617 eccitamento
2349 4558 2419 4612 ed
2442 4558 2890 4613 instradamento
2914 4576 3016 4628 per
3067 4575 3099 4612 o
3118 4561 3227 4610 stu-

617 4634 926 4697 pontificum
953 4634 1363 4699 apostolicorum
1386 4631 1655 4685 adversus
1676 4632 1900 4701 magde·
1955 4633 2047 4686 dio
2097 4631 2291 4684 critico
2341 4629 2470 4684 dell'
2487 4630 2863 4683 ecclesiastica
2923 4630 3228 4700 giurispru·

624 4701 930 4770 burgenses
969 4702 1371 4757 centuriatores
1409 4705 1640 4771 defensio
1679 4703 1739 4756 in
1778 4703 1903 4760 511.
1955 4704 2179 4758 denza.“

619 4771 859 4841 digesta.
877 4771 1192 4826 Florentiae
1210 4779 1364 4833 1572.
1382 4773 1555 4826 editio
1572 4772 1737 4827 valde
1753 4791 1898 4829 rara.
2030 4780 2068 4839 2)
2097 4773 2180 4826 Cf.
2206 4772 2348 4827 Bibl.
2379 4771 2448 4827 Η.
2476 4771 2546 4825 N.
2573 4773 2615 4835 Ι,
2641 4777 2674 4828 3
2701 4789 2741 4826 s,
