3625 5193
617 248 696 301 95
1067 230 1438 286 1551—1580.
1466 225 1715 281 Historia
1742 226 1932 283 eccles.
1960 227 2213 297 Gennep‚
2241 225 2469 294 Rioche,
2498 225 2770 292 Severoli,

3145 244 3226 301 96

614 417 929 476 catholicae
989 416 1290 500 religionis
1353 419 1560 475 contra
1620 416 1892 475 haereses
1949 418 2133 476 Ortus
2164 420 2257 475 est
2286 436 2356 476 ex
2388 416 2615 476 familia
2646 418 2931 493 primaria
2978 417 3234 475 faventi-

614 512 1014 583 propugnator
1045 506 1304 564 invictus
1341 499 1622 587 (†1573)
1656 505 1897 581 scripsit
1949 525 2062 566 nae
2112 505 2372 565 civitatis
2418 506 2664 566 ineunte
2711 525 2821 566 sec.
2856 507 3001 565 XVI.
3063 507 3232 565 Com-

612 597 915 655 historiam
960 590 1400 654 ecclesiasticam
1445 611 1648 652 novam
1697 613 1795 670 pp.
1833 603 1890 664 2,
1948 599 2117 672 paret
2178 596 2448 654 Tridenti
2501 599 2572 653 ut
2623 599 2969 671 procurator
3016 595 3232 654 fiscalis

613 686 677 756 in
708 704 964 761 quarum
1004 695 1053 746 1.
1087 683 1464 760 quaestiones
1506 682 1790 757 quasdam
1822 683 1894 741 de
1951 684 2200 754 concilii,
2234 686 2405 761 cujus
2437 685 2702 744 muneris
2734 688 2880 757 erat,
2912 684 2986 742 de
3017 685 3233 744 sessio-

613 774 872 833 Ecclesia
899 775 1154 843 tractat3
1204 773 1268 830 in
1317 773 1506 830 altera
1534 772 1703 831 brevi
1735 781 1893 830 com·

611 863 830 938 pendio
861 881 956 921 res
987 863 1052 920 in
1084 860 1344 920 Ecclesia
1392 863 1590 937 gestas
1621 878 1893 921 romano-

611 970 866 1026 rumque
915 950 1263 1027 pontificum
1314 968 1350 1007 a
1392 949 1449 1007 b.
1484 951 1656 1009 Petro
1702 968 1894 1026 usque

614 1044 685 1100 ad
749 1041 1004 1100 Paulum
1054 1039 1148 1098 IV.
1201 1038 1498 1108 describit,
1549 1039 1895 1115 Moguntiae

621 1140 820 1201 1560;
867 1130 934 1187 de
963 1129 1330 1206 imaqinibus,
1352 1128 1581 1202 jejunio
1612 1136 1661 1185 et
1691 1129 1894 1186 eucha-

613 1221 807 1286 ristia.
851 1228 1050 1288 15433
1082 1219 1152 1277 de
1182 1217 1442 1275 Ecclesia
1481 1226 1680 1287 15563
1730 1220 1893 1293 tyro·

613 1308 833 1368 oinium
886 1309 956 1365 de
1004 1308 1271 1384 mysterio
1320 1306 1530 1365 altar-is
1589 1305 1894 1381 hujusque

613 1396 980 1456 sanctissima
1040 1395 1498 1470 participatione
1560 1397 1621 1454 et
1668 1395 1893 1470 quibus

613 1485 899 1563 gradibus
934 1484 1007 1543 ad
1041 1484 1191 1542 illud
1221 1481 1678 1555 ascendendum,
1729 1484 1894 1542 Colo-

614 1576 749 1633 niae
773 1583 972 1644 15543
1008 1572 1361 1632 Wormatiae
1391 1582 1587 1643 15553
1620 1573 1897 1632 Coloniae

625 1672 822 1731 15583
876 1664 944 1720 de
993 1664 1204 1721 missae
1250 1663 1536 1734 sacrificio
1567 1662 1758 1737 deque
1789 1681 1895 1719 eu-

615 1752 927 1811 charistiae
978 1770 1084 1827 per
1114 1750 1414 1809 Christum
1458 1751 1519 1808 in
1553 1751 1743 1809 Coena
1787 1770 1895 1810 no-

615 1841 859 1899 vissima
880 1840 1290 1909 celebratione,
1324 1841 1682 1914 Antverpiae
1711 1848 1895 1903 1588.

614 1929 876 2004 Reliquit
906 1948 1143 2004 quoque
1163 1929 1463 1986 Postillam
1494 1928 1557 1986 in
1576 1928 1898 2005 Evangelia

617 2017 993 2078 dominicalia
1040 2021 1102 2075 et
1148 2019 1438 2076 conciones
1451 2011 1520 2097 ¹).
1553 2050 1640 2060 —
1670 2017 1894 2076 Adver-

617 2126 718 2165 sus
736 2107 1075 2166 Sleidanum
1092 2105 1336 2181 scripsit
1352 2105 1390 2163 J
1395 2123 1572 2181 aspar
1591 2106 1639 2165 G
1655 2125 1686 2164 e
1700 2126 1795 2165 nn
1810 2125 1842 2165 e
1858 2125 1897 2181 p

618 2193 855 2276 (Caspar
900 2189 1308 2276 Gennepaeus)
1343 2195 1726 2266 ColoniensiS,
1759 2195 1896 2253 bib·

615 2286 837 2361 liopola
860 2285 1196 2343 industrius
1206 2280 1291 2366 2):
1339 2284 1757 2362 Wahrhafftiye
1786 2284 1896 2342 Be-

1950 773 2128 832 nibus
2178 774 2396 832 habitis
2446 773 2680 833 tabulas
2733 773 3001 849 publicas
3047 773 3228 833 confi-

1950 861 2185 922 ciendas
2233 880 2456 932 curare,
2508 882 2653 921 num
2715 861 2907 922 vocati
2960 863 3234 921 venirent

1948 952 2274 1021 advertere,
2344 952 2416 1010 de
2480 952 2807 1011 accusanda
2868 952 3236 1011 contumacia

1950 1041 2284 1099 absentium
2306 1059 2457 1116 quae
2469 1044 2668 1100 essent
2677 1040 3005 1099 necessaria
3023 1040 3229 1109 facere,

1950 1129 2209 1204 denique
2229 1129 2501 1189 omnibus
2519 1130 2582 1188 in
2602 1131 2782 1189 rebus
2800 1128 3032 1189 concilii
3053 1128 3234 1188 ratio-

1949 1218 2129 1277 nibus
2177 1219 2515 1295 prospicere
2570 1237 2636 1278 ac
2697 1217 2999 1278 commoda
3059 1218 3231 1277 tueri.

1951 1308 2265 1384 Permagni
2286 1307 2715 1366 aestimabatur
2727 1307 2793 1366 in
2814 1307 3059 1366 concilio
3078 1309 3235 1365 teste

1952 1396 2272 1472 Seripando
2321 1390 2506 1478 (apud
2537 1398 2844 1473 Dollinger
2875 1396 2921 1466 I,
2967 1392 3093 1477 35),
3129 1394 3234 1453 sed

1950 1485 2004 1544 ei
2035 1485 2312 1544 interfuit
2340 1488 2572 1543 tantum
2619 1486 2692 1544 ad
2724 1506 2773 1544 a.
2814 1493 2998 1548 1548.
3048 1487 3099 1543 A
3131 1483 3235 1542 Pio

1952 1573 2017 1631 V.
2050 1573 2174 1632 fisci
2207 1574 2517 1649 apostolici
2546 1581 2894 1649 procurator
2941 1572 3235 1650 generalis

1952 1666 2046 1722 est
2104 1663 2364 1732 electus;
2428 1682 2582 1722 anno
2652 1673 2808 1727 1571
2880 1663 3005 1722 vita
3066 1663 3229 1721 vide-

1951 1755 2054 1810 tur
2087 1752 2347 1810 cessisse.
2381 1753 2561 1811 Porro
2594 1754 2724 1829 ejus
2769 1752 3231 1811 commentarius

1952 1840 2082 1899 fons
2113 1843 2207 1899 est
2255 1841 2381 1900 sine
2427 1839 2607 1900 dubio
2654 1842 2971 1916 pretiosuS,
3018 1840 3243 1898 nititur

1952 1929 2110 1987 em'm
2141 1927 2205 1988 in
2238 1929 2469 1989 schedis
2502 1952 2536 1987 a
2565 1935 2902 2005 promotore
2934 1929 3077 1988 dum
3097 1934 3239 1989 vota

1954 2017 2303 2077 dicebantur
2333 2018 2588 2094 scriptis,
2611 2023 2672 2077 et
2692 2022 2782 2078 est
2802 2021 3072 2078 actorum
3093 2037 3234 2094 sup-

1952 2108 2316 2182 plementum
2338 2108 2869 2183 exoptatissimum.
2894 2106 3088 2182 Hujus
3107 2107 3237 2182 epi-

1952 2200 2155 2256 tomen
2184 2196 2437 2256 confecit
2467 2196 2806 2267 Massarelli,
2828 2216 2946 2273 qua
2963 2199 3242 2254 uteretur

1952 2285 2014 2342 in
2047 2286 2173 2343 suis
2205 2285 2629 2344 concinnandis
2663 2286 2843 2345 actis:
2886 2286 3015 2360 ejus
3048 2285 3237 2359 speci·

615 2374 950 2451 sehr-eibueoq
980 2374 1085 2432 der
1131 2373 1529 2432 Vornembsten
1555 2373 1796 2444 Hdndel,
1833 2391 1898 2431 so
1954 2374 2114 2432 mina
2145 2374 2384 2433 exhibet
2399 2374 2622 2434 Merkle
2652 2375 2715 2434 in
2735 2375 2963 2450 Proleg.
2987 2391 3130 2432 suae
3150 2374 3239 2433 ed.

617 2462 1185 2522 sichinGeistlichen
1198 2462 1316 2521 und
1331 2461 1900 2521 weltlichenSachen
1954 2463 2121 2521 Conc.
2176 2462 2490 2522 tridentini
2541 2482 2586 2522 c.
2627 2473 2661 2527 2
2715 2460 2748 2530 ἓ
2787 2474 2818 2525 5
2871 2482 3003 2539 pag.
3051 2462 3126 2520 LI
3158 2481 3235 2521 ss·

618 2571 751 2612 vom
801 2551 857 2614 J.
906 2571 965 2610 u.
1018 2551 1088 2610 H.
1122 2551 1232 2609 MD
1278 2551 1371 2609 bis
1421 2549 1483 2609 in
1533 2550 1638 2609 das
1690 2549 1746 2608 J.
1795 2550 1901 2610 der
1955 2552 2384 2611 Commentario
2436 2552 2699 2613 Severoli
2754 2571 2897 2613 usus
2947 2553 3038 2610 est
3083 2551 3241 2628 Ray-

617 2641 890 2699 mindern
953 2640 1095 2697 Zahl
1156 2640 1277 2697 LII.
1353 2643 1711 2716 zugetragen
1774 2638 1898 2697 und
1956 2640 2190 2710 ualdus,
2238 2643 2351 2699 etsi
2400 2643 2528 2717 ejus
2577 2646 2785 2702 auctor
2826 2661 2964 2701 eum
3002 2642 3239 2700 lateret.

618 2728 944 2788 verlauffen
977 2729 1187 2799 haben,
1223 2727 1495 2786 Coloniae
1535 2738 1719 2798 1559,
1764 2746 1897 2787 cum
1958 2729 2377 2806 Fragmentum
2414 2730 2700 2790 Wokerus
2762 2732 2824 2789 in
2890 2730 3235 2790 collectione

618 2817 885 2894 apologia
944 2817 1227 2875 adversus
1290 2816 1729 2893 Spangenberg,
1795 2816 1900 2892 qui
1958 2814 2458 2899 Dellingeriana1)
2506 2819 2572 2878 in
2615 2820 2918 2895 publicam
2948 2819 3238 2895 protraxit

617 2906 771 2965 illud
822 2924 970 2981 opus
1020 2906 1234 2963 acriter
1285 2905 1756 2981 impugnaverat,
1819 2905 1899 2967 ib.
1956 2909 2148 2966 lucem
2180 2908 2280 2966 sed
2313 2908 2460 2966 satis
2481 2910 2888 2987 negligentem
2922 2908 3112 2983 primo
3145 2908 3235 2966 in-

626 3005 810 3059 1561.
859 2994 1043 3053 Plura
1073 3012 1310 3069 quoque
1341 2995 1561 3071 scripta
1591 3014 1697 3070 pro
1728 2994 1898 3053 utili·
1955 3000 2192 3073 tegrum
2226 2997 2456 3055 mendis
2491 3001 2827 3075 purgatum,
2873 2996 3033 3056 notis
3064 2997 3239 3055 illus-

620 3088 743 3143 tate
774 3083 975 3160 populi
1006 3083 1337 3159 germanice
1368 3085 1565 3141 vertit.
1605 3084 1811 3142 Edidit
1842 3087 1902 3143 et
1956 3089 2173 3144 tratum
2206 3086 2391 3144 edidit
2424 3086 2644 3145 Merkle
2675 3106 2766 3163 op.
2789 3087 2887 3145 cit.
2907 3086 2953 3148 I.
2980 3094 3238 3147 1—-147

619 3173 839 3230 bonum
907 3173 1310 3231 catechismum
1372 3172 1648 3232 Coloniae
1716 3182 1899 3236 1561.
1958 3193 2184 3249 suoque
2245 3194 2384 3233 vero
2430 3175 2658 3234 auctori
2721 3171 3072 3255 restituitss),
3108 3194 3242 3234 cum

620 3295 703 3306 -
738 3261 997 3320 «Ioannes
1028 3261 1309 3320 Rioche
1342 3262 1406 3320 Ο.
1440 3264 1494 3322 S.
1527 3262 1728 3321 Franc.
1762 3262 1901 3321 reli·
1959 3264 2125 3339 prius
2155 3263 2524 3322 tribueretur
2574 3264 3053 3323 Massarello.
3127 3263 3239 3322 Sed

621 3351 754 3427 quit
784 3352 1180 3426 compendium
1213 3358 1534 3426 temporum
1566 3356 1626 3409 et
1656 3351 1899 3409 histori-
1949 3354 2077 3429 jam
2125 3353 2197 3411 de
2247 3353 2372 3422 hoc,
2406 3353 2508 3428 qui
2559 3353 2748 3431 magis
2797 3353 3063 3412 innotuit
3114 3353 3239 3411 suis

619 3460 785 3498 arum
819 3440 1351 3499 ecclesiasticarum
1371 3440 1445 3498 ab
1468 3440 1810 3499 ascensione
1835 3440 1899 3498 D.
1958 3442 2029 3499 de
2045 3442 2155 3501 hoc
2170 3443 2416 3501 concilio
2437 3442 2677 3518 scriptis
2699 3442 3013 3518 agendum.
3049 3442 3241 3500 Natus

618 3530 682 3587 in
713 3529 937 3588 coelum
972 3548 1160 3605 usque
1212 3529 1286 3588 ad
1333 3549 1383 3590 a.
1425 3538 1608 3600 1576,
1661 3529 1899 3587 Parisiis
1958 3532 2328 3607 estAngelus
2353 3532 2865 3589 Massarellus
2901 3531 3242 3605 Septempe-

629 3628 789 3681 1576
824 3619 886 3676 in
922 3628 998 3693 8.,
1051 3637 1173 3677 non
1221 3618 1437 3676 inutile
1481 3636 1589 3693 pro
1621 3618 1900 3676 reforma·
1958 3618 2628 3700 dae(S.Severino)a.15
2650 3633 2665 3682 1
2686 3619 2986 3683 0.Studiis
3003 3638 3241 3692 operam

618 3706 799 3764 tionis
832 3707 1098 3766 historia.
1958 3708 2122 3766 dedit
2143 3708 2311 3766 Senis
2332 3710 2511 3782 atque
2533 3709 2849 3784 utriusque
2864 3709 3019 3784 juris
3039 3708 3243 3767 laurea

1959 3799 2052 3854 est
2113 3796 2451 3873 insignitus.
2531 3798 2829 3856 Alcander
2892 3798 3125 3874 legatus
3178 3797 3244 3855 in

712 3894 811 3945 45.
846 3884 936 3942 Ad
970 3883 1276 3942 historiam
1310 3882 1541 3941 concilii
1560 3883 1901 3942 tridentinii
1960 3886 2335 3945 Germaniam
2368 3886 2589 3944 missus
2607 3906 2744 3947 eum
2777 3887 2840 3944 in
2860 3886 3243 3944 secretarium

620 3972 1032 4031 illustrandam
1064 3972 1393 4048 plurimum
1415 3973 1593 4044 Juvat
1623 3972 1901 4031 Herculis
1960 3975 2298 4051 assumpsit.
2354 3975 2642 4034 Defuncto
2693 3976 2800 4033 hoc
2850 3975 3138 4033 cardinali
3180 3975 3244 4032 in

623 4061 971 4119 Severoli
1017 4063 1086 4118 de
1129 4061 1365 4119 concilio
1396 4061 1704 4120 tridentino
1748 4080 1900 4120 com-
1961 4063 2238 4121 familiam
2254 4063 2494 4121 transiit
2524 4064 2780 4123 Marcelli
2800 4064 3033 4121 Cervini
3069 4064 3245 4133 card„

621 4152 945 4209 meritorius
991 4168 1095 4208 seu
1139 4149 1394 4207 diarium
1440 4168 1474 4207 a
1503 4149 1599 4208 die
1638 4162 1734 4213 11.
1769 4151 1901 4209 Dec.
1959 4153 2065 4228 qui
2097 4152 2167 4210 de
2197 4152 2558 4211 bibliotheca
2590 4172 2701 4212 sua
2734 4152 3006 4229 augenda
3028 4152 3242 4210 sollici—

633 4248 792 4302 1545
831 4256 1021 4313 usque
1054 4238 1124 4296 ad
1167 4250 1261 4301 16.
1295 4238 1426 4296 Jan.
1468 4247 1651 4302 1548.
1703 4240 1902 4316 Hujus
1959 4244 2059 4300 tus
2093 4260 2160 4299 eo
2193 4241 2371 4299 etiam
2406 4241 2480 4299 ad
2510 4241 2983 4300 transcribendos
3015 4239 3243 4299 codices

623 4334 819 4386 autem
866 4328 1171 4402 scriptoris
1215 4326 1339 4385 vita
1384 4327 1526 4385 satis
1557 4333 1650 4386 est
1680 4328 1901 4404 ignota.
1960 4335 2049 4389 est
2109 4348 2271 4388 usus.
2324 4331 2584 4389 Concilio
2630 4330 2957 4389 tridentino
3020 4331 3241 4388 iterum

2042 4502 2075 4570 ¹)
2104 4498 2508 4568 Ungedruckte
2558 4500 2812 4554 Berichte
2863 4499 2979 4553 und
3033 4499 3242 4569 Tageb.

700 4572 737 4635 ¹)
765 4566 845 4625 Cf,
877 4567 943 4621 N.
973 4567 1182 4622 Paulus
1206 4567 1482 4622 Katholik
1510 4573 1665 4627 1892.
1689 4570 1757 4634 ΙΙ,
1778 4574 1903 4627 203-
1961 4588 2059 4623 zur
2081 4570 2275 4627 Gesch.
2304 4570 2400 4624 des
2423 4572 2640 4625 Concils
2662 4589 2713 4625 v.
2737 4571 2949 4637 Trient,
2977 4570 3029 4623 N
3035 4570 3246 4625 Ordlin·

621 4643 722 4693 251
756 4638 852 4705 qui
879 4639 1168 4693 doctrinae
1195 4639 1505 4709 specimina
1531 4640 1783 4694 adducit.

701 4712 739 4779 ²)
768 4710 930 4762 Stre
949 4710 1073 4764 ber
1120 4711 1476 4766 Kirchenlex.
1532 4712 1596 4775 V,
1645 4716 1779 4773 294;
1833 4711 1902 4765 N.

625 4778 837 4833 Paulus
865 4779 1139 4835 Katholik
1168 4785 1323 4843 1895.
1353 4783 1397 4839 I.
1420 4785 1722 4841 408—423.

1960 4656 2070 4711 gen
2100 4645 2239 4697 1876
2265 4659 2367 4696 see.
2396 4644 2437 4697 l.
2467 4661 2521 4712 p.
2549 4648 2778 4701 39—65.

2037 4719 2074 4776 ⁹]
2104 4712 2219 4766 Hoc
2260 4714 2382 4781 jam
2428 4715 2715 4782 praestitit
2764 4716 2822 4768 in
2877 4714 3006 4775 hist,
3047 4714 3243 4769 Jahrb.

1962 4782 2091 4836 XVI
2120 4787 2320 4855 (1895),
2348 4789 2649 4842 749—776.
