3625 5193
409 241 533 294 497

816 220 1214 291 Logenhagen‚
1240 219 1613 286 Laurelotius,
1646 220 1843 290 HajuS,
1869 219 2151 287 Loyaerts,
2180 218 2480 272 Moncaeus
2507 220 2612 273 etc.

2905 235 3029 291 498

407 412 564 466 tates
598 409 662 466 in
694 407 912 465 eisdem
946 406 1148 464 bibliis
1186 405 1386 464 latinis
1418 424 1489 463 ex
1522 407 1692 463 vetu·
1751 406 1949 464 verbis
1981 406 2253 464 ordinata
2293 403 2444 462 serie
2477 404 2814 471 distributa,
2852 405 3034 464 Duaci

408 498 514 556 stis
545 515 723 557 mscr.
755 496 1189 570 exemplaribus
1228 496 1518 561 collectas,
1562 494 1694 569 qui·
1760 504 1919 558 1607
1957 495 2022 553 in
2046 504 2117 565 43
2151 495 2503 568 Apparatus
2523 495 2894 570 evanyelieus,
2915 513 3033 568 quo

408 587 521 644 bus
584 586 775 661 possit
837 584 1153 660 perfectior
1214 583 1380 641 reddi
1446 582 1695 641 feliciter
1749 603 1819 642 ea
1863 583 2286 658 disquirunt-ur
2330 584 2391 640 et
2436 583 2834 651 illustrantur,
2883 602 3034 657 quae

401 679 613 750 coepta
644 673 945 743 correctio,
969 674 1020 731 si
1042 672 1280 731 accedat
1307 690 1379 730 ss.
1399 671 1695 747 pontificis
1751 674 1821 731 de
1855 673 2173 748 Evangelio
2214 676 2274 730 et
2306 672 2708 747 evangelistis,
2742 675 2865 729 tam
2901 675 3032 731 uni-

402 763 748 831 auctoritas‚
773 762 1153 837 Antwerpiae
1175 770 1342 824 1618
1376 778 1508 818 cum
1526 780 1695 837 prae·

406 852 659 910 cedenti.
691 852 920 910 Novam
953 868 1190 926 quoque
1222 850 1452 908 curavit
1483 849 1691 908 editio·

407 961 541 999 nem
577 940 1019 999 concordantiae
1066 939 1291 997 ratione
1325 938 1533 997 habita
1564 939 1694 997 vul-

404 1035 578 1106 gatae
611 1028 974 1097 emendatae,
1008 1029 1085 1085 ib.
1130 1037 1328 1097 1617;
1380 1030 1696 1086 retractata

408 1119 483 1177 ab
498 1119 771 1177 Huberto
794 1119 838 1175 P
858 1118 896 1175 h
914 1118 1031 1175 ale
1051 1117 1159 1175 sio
1192 1117 1255 1176 Ο.
1279 1117 1334 1174 S.
1356 1117 1498 1176 Ben.
1531 1126 1690 1179 1642

403 1212 465 1265 et
516 1208 754 1282 saepius
804 1206 966 1268 alibi.
1036 1206 1207 1264 Bell
1230 1206 1571 1264 arminus
1622 1206 1695 1263 ad

407 1314 540 1355 eum
574 1296 814 1355 scribit:
849 1295 1097 1364 ,Variae
1130 1295 1428 1364 lectiones,
1462 1295 1697 1369 quaein

410 1385 626 1445 Bibliis
639 1384 1084 1443 lovaniensibus
1097 1384 1243 1441 habe
1250 1387 1394 1442 ntur
1406 1384 1538 1441 etin
1549 1402 1696 1457 quas

404 1477 477 1531 tu
509 1474 730 1532 librum
778 1473 1170 1531 utilissimum
1218 1472 1517 1547 scripsisti,
1552 1472 1695 1530 mihi

408 1563 767 1621 videbantur
826 1563 1064 1621 omnino
1110 1560 1426 1629 addendae,
1475 1561 1696 1636 quippe

410 1671 560 1727 quae
595 1652 785 1709 instar
817 1650 1202 1709 bibliothecae
1254 1650 1399 1707 mihi
1446 1668 1576 1707 esse
1609 1651 1696 1707 vi-

409 1741 647 1811 dentur,
702 1740 806 1798 sed
853 1758 972 1797 non
1021 1739 1250 1815 placuit
1302 1737 1450 1805 aliis,
1516 1742 1586 1796 ut
1633 1740 1697 1796 in

411 1830 599 1905 prima
630 1829 891 1888 editione
923 1829 1420 1903 apponerentur.“
1476 1827 1695 1885 Secun-

408 1919 555 1977 dum
608 1919 833 1977 Calmet
850 1915 892 1992 ¹)
958 1921 1163 1975 auctor
1222 1920 1311 1973 est
1362 1915 1693 1982 ,eruditus

414 2008 674 2083 prudens
708 2023 775 2064 ac
794 2005 1009 2081 judicii
1026 2004 1294 2063 acumine
1326 2007 1650 2079 praestans.
1666 2013 1692 2041 ⁴¹

412 2096 609 2163 Addit,
647 2114 784 2153 eum
839 2094 1146 2163 ,criticem
1195 2094 1519 2151 exercuisse
1552 2112 1692 2168 pru·

410 2184 648 2243 dentem
697 2187 760 2242 et
807 2183 1150 2253 modestam,
1197 2182 1552 2256 conjecturis
1584 2183 1694 2240 du-

412 2274 663 2332 cendum
727 2291 788 2330 se
849 2291 971 2331 non
1031 2271 1278 2340 dedisse,
1341 2271 1697 2345 ponderasse

413 2363 610 2420 omnia
641 2361 911 2436 nihilque
941 2360 1120 2418 cartis
1166 2360 1487 2429 mandasse,
1539 2361 1694 2434 quod

412 2451 582 2526 prius
608 2450 836 2526 judicio
868 2468 988 2508 non
1019 2448 1486 2525 perpendisset.‘
1540 2449 1695 2507 Reli-

415 2540 546 2614 quit
579 2542 639 2599 et
670 2557 959 2598 sermones
978 2539 1051 2596 de
1072 2538 1320 2596 diversis
1341 2538 1697 2596 christianae

414 2629 547 2688 fidei
565 2629 955 2706 argumentis,
991 2629 1349 2702 Antverpiae
1374 2638 1395 2689 1
1416 2637 1539 2691 610
1558 2629 1622 2686 in
1642 2637 1695 2691 8.

508 2871 540 2922 2
560 2869 651 2922 12.
685 2861 790 2918 His
824 2859 1078 2934 denique
1123 2860 1374 2917 addendi
1421 2865 1562 2917 sunt
1595 2860 1633 2917 J
1637 2880 1694 2916 a·

416 2951 601 3008 cobus
664 2949 708 3007 L
722 2968 754 3007 o
771 2970 810 3026 g
826 2968 855 3007 e
872 2969 911 3006 n
930 2950 966 3006 h
986 2969 1018 3006 a
1034 2969 1073 3025 g
1094 2967 1123 3006 e
1141 2968 1179 3006 n
1243 2948 1700 3024 Antwerpianus

417 3037 472 3116 (†
511 3034 724 3118 1611),
760 3038 864 3112 qui
897 3037 1082 3095 edidit
1119 3038 1606 3095 Comumaetarium
1639 3038 1700 3094 in
1759 3074 1770 3085 ·

1749 780 1914 820 verse
1945 781 2122 835 quam
2170 759 2519 837 singillatim
2552 764 2801 836 possunt
2830 761 3032 839 dispu-

1750 850 1864 909 tari
1896 851 1975 908 ib.
2016 861 2172 913 1611
2215 851 2278 908 111
2312 859 2380 919 4;
2441 850 2796 925 Triumphus
2827 853 3032 910 verita-

1750 942 1828 999 tis
1859 940 2117 998 ordinati
2147 939 2446 1016 Evanyelii
2462 939 2751 1016 quadi-iya
2766 941 3034 1015 invectae,

1751 1047 1829 1087 ss.
1864 1032 2100 1103 patrum
2135 1027 2396 1087 exercitu
2429 1028 2700 1103 stipatae,
2748 1027 2824 1086 ib.
2866 1040 3030 1093 1609

1751 1138 1803 1176 v.
1831 1127 1864 1178 2
1901 1118 1957 1175 in
1980 1117 2038 1187 s.,
2073 1136 2221 1193 opus
2242 1116 2413 1174 valde
2428 1136 2645 1175 rarum.
2680 1150 2765 1160 —
2800 1118 3035 1178 Samuel

1752 1207 2128 1282 Loyaerts
2192 1205 2558 1264 Atthofensis
2619 1226 2676 1264 n.
2730 1216 2830 1269 31.
2882 1210 3032 1286 Aug.

1763 1305 1947 1366 1546,
1981 1295 2313 1371 theologiae
2346 1294 2551 1353 doctor
2581 1292 2805 1377 (1586)
2840 1301 2898 1354 et
2930 1318 3033 1373 pa·

1752 1384 1967 1442 rochus
1988 1402 2029 1442 s.
2053 1384 2352 1443 Michaelis
2373 1383 2630 1453 Lovanii,
2666 1386 3033 1460 aliquamdiu

1749 1473 2050 1548 professor
2093 1476 2155 1532 et
2199 1472 2500 1531 facultatis
2546 1473 2909 1551 theologicae
2941 1495 3033 1534 re·

1752 1579 1897 1637 gens
1945 1558 2006 1642 (†
2043 1557 2260 1641 1614),
2312 1561 2553 1637 scripsit
2602 1562 2830 1640 belgice
2878 1583 3033 1623 com-

1753 1652 2044 1709 mentaria
2087 1653 2150 1708 in
2183 1652 2424 1709 Cantica
2470 1652 2845 1729 canticorum,
2880 1656 3032 1712 Ant·

1752 1740 2005 1814 werpiae
2059 1750 2258 1808 15993
2322 1740 2681 1797 enodationes
2724 1744 3034 1819 evanyelio·

1750 1846 1885 1885 rum
1921 1828 2230 1887 dominicis
2277 1831 2337 1886 et
2381 1829 2548 1887 festis
2594 1829 2800 1888 diebus
2832 1849 3033 1890 occur·

1751 1917 2032 1987 rentium,
2066 1918 2283 1991 quibus
2316 1921 2377 1975 et
2408 1918 2544 1976 fidei
2566 1919 3035 1995 doctrinaexpli-

1752 2010 1924 2064 catur
1973 2009 2035 2063 et
2066 2006 2530 2064 Christianorum
2581 2026 2813 2067 morum
2862 2009 3036 2067 insti-

1751 2095 1910 2153 tutio
1941 2094 2202 2152 traditur
2233 2095 2473 2153 Lovanii
2512 2106 2856 2159 1608-20
2891 2101 2933 2155 t.
2957 2098 3036 2155 VI

1750 2182 1814 2241 in
1852 2193 1882 2244 7
1920 2203 1971 2241 v.
2006 2183 2160 2250 in4;
2194 2184 2358 2242 Paris
2401 2193 2585 2246 1621.
2623 2185 2797 2243 —In
2831 2187 3036 2245 eadem

1752 2271 1989 2329 Cantica
2004 2272 2366 2330 canticorum
2383 2274 2681 2332 Arnoltlus
2715 2274 2754 2332 C
2772 2294 2806 2333 a
2820 2277 2846 2331 t
2861 2275 2934 2331 hi
2950 2294 2991 2331 u
3009 2293 3035 2332 s

1755 2356 2058 2440 (Catheus)
2075 2361 2131 2419 S.
2144 2361 2197 2423 J.
2211 2361 2700 2420 Leonvardiensis
2714 2358 2777 2443 (†
2797 2375 2817 2424 1
2836 2373 2889 2424 4.
2903 2364 3033 2421 Dec.

1759 2446 1954 2529 1620)
2006 2450 2393 2526 paraphrasin
2440 2451 2701 2524 reliquit.
2735 2484 2822 2494 —
2853 2452 3034 2510 Fran-

1753 2539 1947 2598 ciscus
1980 2540 2386 2599 Moncaeus
2439 2540 2620 2616 vulgo
2667 2540 2794 2600 des
2842 2541 3035 2600 Mon-

1754 2647 1989 2687 ceaux
2040 2629 2113 2687 de
2164 2629 2490 2688 Fridevalle
2541 2631 2807 2699 Atrebas,
2851 2631 3037 2706 juris-

1753 2719 2060 2777 consultus
2110 2723 2171 2776 et
2219 2722 2409 2793 poeta,
2462 2719 2620 2777 haud
2669 2739 2879 2794 parum
2931 2721 3037 2778 otii

1755 2825 1798 2864 3.
1833 2807 2023 2865 literis
2055 2808 2431 2866 consecravit.
2494 2808 2694 2866 Testes
2727 2810 2870 2866 sunt
2900 2809 3039 2867 haec

1757 2896 2024 2970 ejusdem
2074 2892 2258 2978 (inter
2303 2891 2439 2977 alia)
2489 2915 2692 2972 opeia:
2742 2899 2827 2956 De
2851 2900 3041 2973 portis

1756 2986 2006 3043 civitatis
2036 2987 2229 3044 Judae
2261 2985 2413 3044 etde
2432 2986 2546 3044 sori
2561 2986 3041 3062 judiciorumque

622 3129 667 3184 l,
971 3127 1010 3184 d
1144 3127 1205 3183 L*
1653 3126 1699 3169 ·-
1756 3092 1821 3130 m
1870 3073 1969 3173 iis·
1995 3075 2445 3174 exercendorum
2499 3076 2701 3176 prisco·
2739 3075 2860 3133 ritu
2908 3077 2945 3138 1.
2988 3086 3038 3178 1.,

416 3146 621 3205 cumqe
643 3147 765 3185 mm
800 3146 966 3185 ³⁶⁶¹m
1012 3146 1107 3184 “m
1203 3143 1371 3184 mam
1404 3146 1470 3185 ex
1506 3146 1669 3201 open
1760 3163 2006 3220 Parisiis
2046 3172 2210 3225 1587
2248 3182 2313 3221 in
2347 3173 2415 3232 4;
2464 3165 2918 3238 Appamtionum
2951 3167 3040 3222 da-

415 3217 527 3274 bus
574 3236 617 3278 s,
651 3214 976 3292 Augustini
1022 3223 1380 3290 excerptum,
1430 3218 1701 3273 Antwer-

415 3306 545 3380 piae
589 3315 749 3367 1574
786 3305 849 3362 111
886 3315 954 3374 8;
990 3306 1387 3362 annotationes
1416 3307 1473 3361 in
1496 3307 1699 3378 episto-

419 3395 536 3452 lam
582 3396 918 3452 canonicam
961 3395 1016 3451 d.
1050 3393 1269 3468 Jacobi,
1319 3393 1397 3450 ib.
1444 3403 1597 3455 1571
1638 3392 1703 3450 in

426 3493 519 3543 12.
569 3489 631 3541 et
691 3492 871 3545 1572.
917 3516 1006 3526 -
1039 3482 1384 3540 Franciscus
1433 3482 1699 3539 Laure-

417 3572 686 3640 lotias,
739 3572 911 3646 cujus
964 3577 1055 3628 est
1106 3573 1348 3647 exeyesis
1398 3572 1703 3647 theoloyica

422 3668 471 3717 et
504 3662 742 3718 moralis
774 3662 835 3717 in
867 3661 1167 3734 epistolam
1187 3660 1396 3728 ,1υάαο,
1430 3659 1507 3717 ib.
1541 3668 1699 3720 1612

418 3750 479 3806 111
516 3759 571 3811 8.
606 3783 690 3792 —-
724 3749 983 3807 Joannes
1020 3748 1256 3823 Hajus
1292 3745 1390 3827 (de
1422 3750 1478 3806 la
1509 3743 1700 3828 Haye)

420 3838 473 3895 S.
505 3838 559 3900 J.
593 3842 771 3908 gente
803 3837 1035 3905 Hann0‚
1079 3837 1271 3912 patria
1304 3836 1560 3906 ServiuS,
1594 3838 1702 3895 Lo-

420 3929 581 3984 vanii
613 3935 673 3985 et
706 3927 887 3984 Duaci
931 3925 1334 4002 philosophiae
1366 3945 1431 3984 ac
1465 3945 1535 3983 ss,
1571 3926 1704 3983 lite-

422 4034 617 4074 rarum
671 4015 963 4090 professor
1016 4009 1077 4095 (†
1118 4023 1212 4075 14.
1261 4015 1392 4073 Jan.
1435 4025 1601 4076 1614
1654 4033 1702 4071 a.

422 4107 633 4162 aetatis
671 4097 796 4185 74).
832 4104 987 4161 Haec
1010 4103 1138 4178 ejus
1159 4121 1361 4177 opera:
1393 4104 1703 4176 Quaternio

418 4195 901 4270 evanyelistarum
947 4211 1053 4250 seu
1101 4193 1472 4268 evangelicae
1520 4193 1702 4250 histo-

421 4282 539 4340 riae
590 4281 901 4356 dispositio
954 4281 1143 4357 ipsius
1205 4281 1704 4356 evangelistarum

497 4560 536 4627 ¹)
564 4555 710 4611 Bibl.
739 4572 910 4612 sacra.
939 4555 1156 4621 Quibus
1183 4557 1394 4611 similia
1408 4557 1579 4610 habet
1595 4561 1706 4610 An-

420 4628 547 4681 dres
573 4646 627 4697 p.
655 4633 705 4685 6.
733 4626 769 4681 1.
799 4632 847 4683 2.
878 4644 923 4683 0.
950 4632 1000 4685 3.
1052 4629 1134 4682 Cf.
1177 4628 1245 4681 de
1287 4628 1439 4681 Luca
1483 4645 1705 4682 accura-

1757 3254 2045 3326 vinarum,
2099 3270 2243 3326 quae
2290 3254 2359 3308 de
2403 3252 2547 3309 rubo
2578 3259 2629 3308 et
2658 3270 2802 3328 quae
2833 3254 2894 3310 in
2928 3256 3040 3310 Ae-

1753 3347 1989 3417 yyptum
2040 3341 2337 3397 revertenti
2386 3341 2445 3397 in
2498 3341 2808 3397 diversorio
2856 3341 3043 3416 Moysi

1754 3430 1963 3504 factae,
1999 3429 2262 3500 historia,
2318 3428 2590 3485 Atrebati
2630 3437 2789 3491 1592
2826 3428 2887 3486 in
2934 3437 3039 3498 l2;

1765 3526 1931 3580 1597
1958 3538 1970 3584 ;
2002 3516 2380 3574 Roterodami
2423 3526 2620 3584 15993
2654 3518 2863 3574 Aaron
2885 3534 3039 3590 pur-

1754 3613 1929 3682 qatus
1979 3623 2082 3662 seu
2136 3604 2205 3663 de
2257 3605 2446 3663 vitulo
2479 3624 2656 3663 aureo
2688 3605 2749 3662 ll.
2787 3613 2820 3665 2
2859 3607 3040 3664 31111111

1760 3694 2222 3754 cherubinorum
2255 3694 2445 3764 Mosis,
2499 3694 2825 3752 vitulorum
2870 3694 2909 3752 J
2912 3713 3038 3755 ero-

1760 3785 1948 3851 boam,
1982 3784 2406 3858 theraphorum
2453 3784 2672 3842 Michae
2705 3783 2951 3842 formam
2984 3788 3043 3843 et

1759 3872 2066 3930 historiam
2116 3873 2425 3947 multaque
2477 3873 2589 3931 alia
2641 3873 3043 3948 pulcherrima

1759 3962 1965 4019 eodem
2000 3961 2324 4036 spectantia
2357 3962 2736 4036 explicantes,
2770 3963 3042 4020 Atrebati

1768 4060 1933 4112 1606
1969 4050 2033 4108 in
2068 4059 2142 4122 8.,
2175 4051 2333 4108 inter
2364 4050 2598 4109 criticos
2632 4068 2825 4108 sacros
2859 4051 3042 4109 Fran-

1760 4139 1974 4197 cofurti
2013 4149 2177 4201 1696
2213 4142 2256 4197 t.
2302 4148 2355 4201 7.
2388 4139 2497 4197 Hic
2517 4143 2712 4198 tamen
2733 4139 2888 4197 liber
2903 4140 2964 4197 in
2980 4140 3040 4197 ll.

1760 4228 2193 4303 prohibitorum
2273 4227 2524 4286 indicem
2617 4229 2838 4286 relatus
2931 4229 3046 4286 suit

1764 4329 1818 4377 6.
1854 4317 1985 4374 Dec.
2029 4326 2189 4379 1607
2213 4339 2226 4387 ;
2261 4317 2579 4395 Responsio
2599 4336 2704 4392 pro
2725 4317 2916 4374 vitulo
2937 4335 3041 4373 au-

1762 4425 1861 4464 reo
1893 4422 2012 4462 non
2045 4423 2244 4476 aureo,
2299 4405 2535 4464 Parisiis
2578 4414 2790 4467 1608..
2829 4405 3044 4463 Contra

1760 4495 1930 4552 illum
1994 4494 2241 4569 scripsit
2302 4494 2598 4551 Robertus
2661 4493 3040 4564 VisoriuS,

1762 4584 1968 4641 doctor
2000 4583 2376 4641 sorbonicus:
2412 4584 2929 4658 Aaronispuryati
2946 4601 3043 4640 seu

424 4702 541 4751 tam
566 4698 834 4753 notitiam
860 4698 918 4752 iu
950 4699 1132 4768 Bgogn
1162 4703 1277 4753 nat,
1306 4699 1373 4752 de
1400 4699 1477 4753 Be
1545 4739 1557 4752 ⁶
1584 4700 1704 4766 ΧΠ,
1752 4672 2265 4744 pseudocherubim
2299 4689 2367 4728 ea:
2399 4689 2576 4728 aureo
2607 4672 2778 4728 vitulo
2811 4672 3045 4742 conflati

420 4773 706 4827 550—563
725 4773 954 4825 auctore
981 4773 1045 4824 A.
1077 4771 1132 4824 C.
1162 4770 1243 4824 De
1270 4770 1513 4825 Schreve
1539 4812 1551 4824 .

1761 4757 2090 4830 destructiO,
2129 4760 2367 4818 Parisiis
2411 4769 2572 4822 1609
2596 4760 2661 4817 in
2683 4769 2736 4823 8.
2771 4760 3040 4817 Bucolica
