3625 5193
353 280 422 332 51
441 279 474 331 3
1422 260 1709 314 Antonius
1736 261 1941 330 Agelli.
2862 282 2987 335 514

353 447 578 506 stitisse
610 447 894 523 Agellii.‘
946 445 1139 521 Opera
1169 447 1435 521 ejusdem
1469 457 1638 504 sunt:
1697 448 1879 507 Mosis
1910 452 2039 518 etc„
2087 452 2147 507 et
2188 450 2251 506 in
2285 449 2701 519 Habacucum;
2749 451 2849 509 sed
2894 451 2991 509 hic

357 537 819 594 Commentarius
850 538 913 592 in
946 534 1206 592 Psalmos
1226 538 1356 593 etin
1383 535 1638 601 Cantica,
1697 537 1934 596 brevior
1965 545 2074 608 est,
2109 537 2382 596 eruditus
2414 544 2630 608 tamen,
2666 540 2765 598 ille
2786 539 2988 598 admo-

351 626 566 684 Romae
608 635 805 695 16063
843 623 1113 683 Coloniae
1153 634 1351 694 16073
1398 624 1642 682 Parisiis

358 724 542 782 1611,
609 732 730 788 quo
789 714 1094 771 meliorem
1159 732 1278 772 non
1325 713 1496 772 facile
1547 713 1639 771 in-

351 804 584 862 venies:
649 803 872 877 optime
933 802 998 860 in
1059 821 1127 862 eo
1190 803 1472 860 lectiones
1521 802 1639 859 ale-

350 892 670 951 xandrinas
718 892 1112 968 vulgatasque
1155 891 1419 950 defendit
1450 895 1511 948 et
1542 909 1641 948 ex-

350 982 550 1056 plicat,
585 985 649 1039 at
680 999 914 1055 semper
955 980 1213 1038 hebraici
1247 999 1483 1054 quoque
1514 985 1641 1037 tex-

349 1074 449 1129 tus
484 1072 776 1128 rationem
809 1073 1144 1127 accuratam
1178 1069 1357 1128 habet
1371 1065 1434 1150 1).
1473 1069 1638 1126 Com-

351 1161 673 1217 mentarius
704 1161 768 1217 in
807 1160 1062 1217 Thr-enos
1092 1158 1375 1217 collectus
1408 1177 1475 1216 ex
1503 1175 1640 1215 auc-

349 1249 584 1307 toribus
615 1248 841 1325 graecis
873 1251 934 1306 et
967 1248 1028 1305 in
1060 1247 1296 1306 eosdem
1331 1246 1639 1321 explicatio

351 1343 413 1397 et
444 1348 654 1396 catena
698 1355 1041 1412 graecorum
1088 1340 1326 1411 patrum
1371 1354 1438 1393 ex
1481 1336 1639 1410 ejus·

352 1427 485 1485 dem
518 1427 804 1496 versione,
826 1427 1042 1484 Romae
1070 1435 1233 1488 1598
1269 1425 1332 1483 in
1366 1434 1436 1493 43
1476 1425 1640 1482 Com—

353 1518 676 1574 mentarius
706 1518 771 1573 in
804 1515 1113 1573 Proverbia
1146 1515 1474 1572 Salomonis
1525 1511 1639 1592 (in-

350 1610 442 1663 ter
498 1624 672 1681 opera
723 1603 952 1680 Aloysii
1000 1603 1395 1670 Novarini‚
1459 1602 1641 1659 Vero-

352 1714 460 1752 nae
504 1689 730 1774 1649);
788 1693 1248 1751 Commentarius
1291 1694 1353 1748 in
1384 1692 1638 1764 prophe-

352 1792 472 1841 tam,
505 1782 799 1853 Habaeuc‚
849 1781 1227 1855 Antwerpiae
1266 1790 1428 1842 1697
1488 1781 1548 1837 in
1586 1791 1639 1836 Η.

1699 627 1839 684 dum
1876 627 2148 701 copiosus
2195 632 2258 686 et
2302 627 2596 699 eruditus,
2645 629 2768 687 sive
2821 629 2983 687 criti-

1698 734 1822 773 cam
1843 719 2087 790 spectes,
2122 735 2297 790 quam
2319 717 2468 775 bene
2485 722 2547 776 et
2563 718 2987 793 circumspecte

1697 808 1916 863 tractat
1948 806 2147 864 allatis
2194 806 2373 863 etiam
2424 806 2780 865 lectionibus
2825 807 2984 865 codi-

1699 912 1835 951 cum
1867 894 2245 969 scfiptorum,
2279 894 2403 952 sive
2433 895 2987 971 interpretationem

1697 984 1905 1057 ipsam.
1938 984 2008 1040 In
2039 983 2369 1059 primisque
2403 985 2615 1058 plenus
2637 987 2729 1043 est
2748 1003 2984 1059 excerp-

1699 1073 1781 1130 tis
1815 1090 1846 1128 e
1880 1072 2314 1131 commentariis
2350 1092 2692 1148 graecorum
2744 1073 2986 1132 ineditis

1697 1167 1849 1230 tum,
1886 1161 2244 1235 quibusdam
2277 1164 2339 1219 et
2370 1181 2530 1220 nunc
2561 1210 2575 1224 .
2610 1209 2620 1218 .
2658 1207 2670 1219 .
2735 1163 2845 1221 Hic
2874 1163 2986 1238 igi·

1700 1257 1800 1308 tur
1831 1253 1955 1307 tam
1988 1251 2198 1308 doctus
2231 1250 2525 1325 interpres
2559 1251 2622 1308 in
2656 1252 2762 1309 hac
2781 1256 2986 1310 nostra

1697 1340 2037 1397 narratione
2098 1341 2494 1414 praetermitti
2556 1359 2675 1398 non
2726 1344 2985 1415 potest.‘

1697 1427 1895 1486 Etiam
1971 1447 2007 1486 a
2084 1429 2631 1486 Rosenmiiller
2702 1425 2985 1510 diciturl)

1701 1517 2182 1585 ,eruditissimus
2215 1521 2277 1575 et
2299 1518 2722 1592 sagacissimus
2754 1518 2864 1587 vir,
2883 1519 2985 1593 qui

1698 1606 2075 1681 potissimum
2123 1607 2186 1664 in
2237 1607 2522 1665 versionis
2584 1626 2826 1684 graecae
2872 1610 2988 1666 ale·-

1697 1694 2016 1752 xandrinae
2071 1698 2250 1769 atque
2300 1695 2523 1754 latinae
2569 1697 2846 1772 vulgatae
2893 1716 2988 1755 ra-

1698 1783 1967 1841 tionibus
2014 1784 2373 1860 explicandis
2421 1785 2647 1843 felicior
2693 1785 2828 1843 aliis
2860 1806 2989 1843 ver-

355 1873 533 1930 Plura
553 1874 903 1930 manserunt
922 1870 1169 1930 inedita.
1205 1910 1230 1937 »
1245 1870 1467 1928 Nostra
1487 1887 1640 1927 com·
1701 1879 1871 1930 satur
1881 1873 1930 1952 ²)
1948 1881 1997 1933 “.

353 1961 665 2030 ment-aria,
698 1960 900 2034 inquit
930 1959 1173 2017 Micha
1191 1960 1260 2017 el
1292 1978 1326 2016 a
1355 1977 1399 2019 s,
1420 1959 1639 2033 Joseph

354 2049 642 2124 Bibliogr.
678 2050 806 2106 crit.
828 2049 873 2116 Ι,
903 2058 1047 2118 139,
1081 2052 1224 2106 sunt
1257 2066 1393 2104 vere
1428 2047 1642 2104 eximia

1776 2081 1812 2148 ¹)
1842 2077 2022 2130 Praef.
2065 2094 2153 2145 op.
2197 2077 2407 2132 Psalmi
2450 2080 2821 2133 annotatione
2868 2097 2987 2147 per-

355 2145 413 2195 et
475 2139 571 2196 vel
633 2137 1027 2196 severioribus
1090 2137 1310 2196 criticis
1361 2137 1638 2204 calmem,
1698 2150 1874 2217 petua
1896 2147 2194 2213 illustrati,
2219 2149 2444 2217 Lipsiae
2473 2154 2642 2206 1321;
2685 2150 2766 2207 Cf,
2796 2151 2988 2203 Leveg.

356 2226 612 2301 Dupinio
645 2246 710 2284 ac
744 2227 1003 2284 Simonio
1049 2226 1297 2283 maxime
1343 2243 1637 2283 commen-

356 2316 552 2376 datast*
588 2317 849 2374 Multum
871 2334 1105 2390 quoque
1137 2315 1311 2373 illum
1346 2331 1638 2373 commen-

357 2404 457 2461 dat
507 2405 762 2472 Ernesti,
811 2405 914 2477 qui
960 2405 1031 2461 de
1077 2422 1145 2462 eo
1179 2405 1318 2462 haec
1365 2383 1670 2483 habet2):l

1698 2237 1809 2287 que
1835 2219 1894 2272 in
1922 2219 2255 2288 Vigouroux
2282 2219 2427 2273 Dict.
2455 2220 2522 2273 de
2552 2221 2607 2274 la
2625 2219 2787 2274 Bible
2803 2222 2843 2284 1,
2866 2226 2987 2278 265.

1769 2293 1810 2358 ²)
1837 2290 2221 2344 Bernardinus
2256 2292 2458 2345 Amic
2477 2308 2507 2344 ο
2537 2290 2598 2345 Ο.
2640 2292 2777 2344 Min.
2818 2292 2987 2346 Galli-

1695 2361 2005 2431 politanus‚
2093 2366 2410 2415 conventus
2497 2362 2987 2431 hierosolymitani

1697 2432 2044 2503 guardianus
2070 2437 2249 2502 (1596)
2278 2433 2541 2501 publicae
2583 2434 2689 2487 luci
2733 2434 2893 2488 dedit
2920 2439 2986 2488 tr.

361 2494 597 2562 ,Unum
647 2495 786 2551 Ant.
837 2493 1246 2569 Agellium,
1298 2493 1639 2568 episcopum
1665 2479 1670 2558 l
1697 2509 1828 2559 delle
1844 2509 2029 2572 pe‘ante
2071 2508 2132 2557 ed
2170 2509 2395 2572 imayen·
2431 2504 2676 2558 de'sacri
2702 2504 2903 2558 Edifici
2930 2505 2987 2557 di

361 2602 750 2652 acernensem,
787 2582 1394 2651 commemorabimus,
1430 2584 1501 2639 ut,
1537 2600 1642 2657 per
1697 2576 1865 2629 Terra
1910 2579 2092 2641 santa,
2139 2575 2434 2645 disegnate
2460 2576 2520 2630 in
2549 2575 2988 2642 Gerusalemme‚

360 2674 508 2731 hanc
540 2672 899 2730 occasionem
935 2672 1111 2729 etiam
1146 2671 1343 2729 notior
1365 2670 1480 2728 'fiat
1512 2674 1637 2728 stu-

359 2762 536 2819 diosis
569 2762 781 2819 harum
815 2761 1141 2819 literarum.
1206 2759 1356 2817 Nam
1389 2760 1505 2817 fuit
1537 2759 1641 2817 ille

1699 2647 1910 2701 Romae
1939 2652 2107 2709 1609;
2138 2647 2459 2702 Florentiae
2487 2653 2629 2705 1620
2654 2665 2780 2701 cum
2811 2653 2879 2704 35
2908 2653 2987 2701 ta-

1699 2719 1848 2772 bulis
1876 2719 1952 2790 (fl.
1980 2723 2156 2784 1611).
2182 2753 2249 2759 —
2278 2718 2526 2773 Jacobus
2553 2719 2596 2771 B
2615 2737 2651 2772 ιι
2672 2738 2706 2771 u
2725 2720 2796 2772 di
2826 2737 2986 2789 paro-

1698 2789 1839 2843 chus
1866 2794 1912 2861 (†
1941 2794 2099 2861 1614)
2146 2789 2349 2858 lingua
2394 2789 2615 2843 ladinia
2661 2808 2828 2843 suum
2878 2791 2987 2844 iter

359 2850 627 2908 hebraice
658 2868 981 2926 graeceque
1014 2849 1390 2907 doctissimus
1442 2866 1637 2906 versa·
1697 2861 2263 2929 hierosolymitanum
2287 2880 2334 2916 a.
2360 2867 2640 2919 1591-92
2669 2862 2986 2931 descripsit,

358 2944 575 3013 tusque
597 2939 951 2997 excellenter
982 2939 1047 2995 in
1066 2937 1303 3014 scriptis
1334 2938 1640 2995 doctorum

357 3028 647 3086 Ecclesiae
668 3030 903 3097 veteris,
937 3028 1000 3085 in
1020 3027 1226 3102 primis
1249 3043 1510 3103 graecae,
1533 3042 1643 3083 nec

356 3117 528 3174 modo
591 3116 788 3183 editis,
855 3116 954 3174 sed
1015 3116 1194 3175 etiam
1258 3114 1497 3172 ineditis
1533 3160 1546 3173 .
1580 3159 1591 3170 .
1627 3159 1641 3171 .

358 3205 561 3264 Editos
593 3209 791 3264 autem
838 3205 1120 3263 habemus
1170 3207 1426 3280 quatuor
1459 3200 1640 3283 (com-

277 3348 282 3353 .
358 3295 718 3375 mentatios),
753 3313 784 3352 e
817 3294 1036 3368 quibus
1087 3313 1196 3352 nos
1230 3311 1330 3351 eos
1365 3292 1638 3368 cognovi-

356 3403 488 3441 mus
522 3383 926 3457 habemusque
947 3383 1008 3441 in
1030 3384 1323 3452 manibus,
1359 3383 1461 3456 qui
1497 3380 1671 3457 sunt}

357 3473 420 3529 in
475 3473 732 3529 Psalmos
797 3490 932 3530 cum
981 3472 1193 3530 ceteris
1245 3471 1509 3541 canticis,
1573 3473 1643 3527 ut

433 3789 469 3849 ¹)
499 3782 741 3852 Cornely
767 3783 801 3836 1.
831 3802 874 3839 c,
900 3801 1029 3853 pag.
1056 3791 1174 3841 679.

358 3856 560 3983 17;)31n
594 3854 883 3923 opusculis
913 3856 1155 3925 theolog.
1193 3860 1384 3926 1222ss.
1415 3856 1641 3926 Lipsiae

1667 3006 1670 3011 μ
1698 2948 1846 3000 quae
1873 2932 2177 3003 descriptio
2205 2932 2431 2986 demum
2460 2951 2575 2986 cur.
2604 2932 2661 2987 C.
2690 2933 2987 2987 Decurtins

1696 3004 1753 3055 in
1857 3004 2125 3058 Archivio
2206 3004 2579 3074 glottologico
2664 3005 2780 3070 VII,
2865 3010 2988 3062 149·

1697 3078 1766 3130 96
1793 3075 2022 3143 prodiit.
2053 3110 2119 3116 -—
2146 3076 2476 3129 Leonardus
2514 3078 2563 3127 A
2582 3076 2615 3129 b
2633 3076 2747 3129 ela
2784 3076 2986 3129 meliti-

1699 3145 1886 3199 nensis
1914 3154 1988 3211 (n.
2005 3150 2183 3217 1541),
2205 3147 2355 3215 juris
2373 3147 2585 3211 doctor,
2607 3147 2911 3201 canonicus
2930 3151 2988 3201 et

1700 3216 1944 3270 vicarius
1986 3217 2280 3286 generalis,
2327 3218 2513 3271 dictus
2557 3221 2643 3271 est
2685 3219 2986 3287 episcopus

1698 3288 1971 3355 sydonius
1997 3305 2030 3340 a
2058 3287 2328 3358 Gregorio
2356 3290 2503 3342 XIII.
2532 3292 2590 3342 et
2615 3290 2817 3342 missus
2846 3307 2987 3341 nun-

1697 3359 1818 3412 cius
1868 3360 1927 3411 in
1980 3359 2286 3423 Orientem,
2351 3378 2481 3413 nam
2546 3361 2688 3413 bene
2741 3361 2989 3414 callebat

1699 3430 2075 3483 Orientalium
2116 3431 2361 3499 linguas,
2412 3431 2602 3483 Rediit
2646 3448 2709 3483 ex
2756 3430 2985 3484 Oriente

1697 3518 1887 3555 secum
1915 3503 2150 3556 afferens
2178 3520 2349 3569 quam
2376 3502 2652 3569 plurimos
2669 3505 2883 3555 veteres
2900 3520 2985 3555 ‹zo-

1698 3573 1845 3625 dices
1873 3575 1920 3639 (†
1948 3573 2179 3643 12.Maj.
2202 3578 2376 3643 1605).
2408 3571 2705 3625 Rationem
2734 3572 2984 3625 reddidit

1699 3643 1786 3696 sui
1811 3642 2030 3696 itineris
2079 3644 2234 3697 Sixto
2264 3645 2346 3709 V„
2395 3661 2563 3711 quam
2609 3643 2782 3697 habes
2826 3644 2985 3712 apud

1667 3690 1907 3771 lssaluze
1934 3714 1993 3766 in
2020 3715 2248 3768 misnen.
2278 3716 2361 3769 ed.
2392 3715 2571 3768 Mami
2602 3715 2692 3781 lv,
2724 3718 2983 3771 150-158:

1699 3785 1900 3855 gallice
1928 3786 2013 3838 ed.
2041 3788 2114 3839 ab
2139 3786 2401 3856 Adolpho
2432 3786 2486 3838 d'
2504 3786 2689 3841 Avril:
2724 3789 2831 3840 Une
2857 3790 2983 3839 mis-

1698 3865 1815 3910 sirm
1860 3861 2133 3925 relz‘yieuse
2175 3877 2237 3911 en
2284 3861 2464 3912 Orient
2509 3875 2583 3911 au
2626 3858 2755 3911 XVI
2802 3857 2986 3921 siecle,

1669 3936 1673 3997 ἦ
1701 3927 1858 3980 Paris
1887 3932 2042 3984 1866.

1296 4213 1444 4310 IV.
1511 4214 1571 4309 P
1582 4214 2057 4332 atrologia.

448 4458 480 4509 2
495 4457 592 4509 20.
617 4449 843 4506 Paucos
866 4444 905 4527 ¹)
931 4448 1036 4506 hac
1057 4448 1275 4522 epocha
1295 4450 1640 4524 reperimus,
1669 4462 1673 4503 ι
1700 4449 2077 4508 siasticorum
2108 4453 2202 4509 vel
2240 4453 2357 4511 alia
2378 4453 2754 4526 antiquitatis
2775 4472 2985 4511 monu-

354 4538 457 4612 qui
492 4556 670 4613 opera
701 4539 940 4612 patrum
963 4537 1439 4611 scriptorumque
1460 4538 1641 4596 eccle-

1699 4541 1899 4596 menta
1950 4539 2246 4598 ediderint
2298 4546 2475 4616 atque
2530 4542 2982 4600 illustraverint.

433 4747 470 4811 ¹)
500 4741 601 4795 His
619 4744 813 4795 tamen
840 4741 984 4796 adde
998 4742 1357 4797 Franciscum
1387 4743 1427 4795 F
1445 4761 1473 4797 e
1491 4761 1528 4796 u
1545 4760 1579 4796 a
1597 4763 1642 4795 r·
1699 4746 1738 4797 (3
1757 4763 1793 4798 u
1810 4762 1847 4814 y
1865 4761 1892 4799 c
1910 4745 1964 4810 k,
2010 4746 2096 4799 Jo.
2125 4745 2168 4797 B
2189 4763 2225 4798 u
2244 4762 2268 4798 s
2285 4763 2317 4798 a
2335 4765 2363 4800 e
2382 4764 2419 4798 u
2438 4765 2492 4799 m
2536 4754 2607 4816 (p.
2637 4753 2779 4810 4⁴21),
2808 4747 2983 4801 etiam

355 4812 390 4866 d
408 4829 436 4866 e
453 4831 491 4866 n
507 4813 568 4867 ti
586 4830 624 4865 u
644 4832 698 4866 m
726 4813 815 4884 (de
843 4830 956 4880 quo
985 4815 1054 4870 cf.
1075 4832 1130 4883 p.
1155 4818 1300 4884 414),
1331 4814 1639 4871 Henricum
1697 4818 1951 4871 Marcum
1978 4816 2049 4868 W
2067 4817 2128 4869 el
2147 4835 2169 4870 s
2190 4834 2217 4870 e
2239 4834 2266 4869 r
2292 4820 2673 4887 augustanum
2695 4814 2981 4887 g†'23..1nn.

581 4911 773 4966 Hurter‚
814 4912 1153 4960 Nomenclator
1193 4914 1277 4960 111.
1317 4915 1393 4962 ed.
1435 4915 1483 4960 3.

2596 4911 2659 4962 17
