3625 5193
955 269 1089 323 1641
1105 270 1327 326 -1663.
1355 265 1697 337 Pati-elogia.
1724 265 2056 336 Galopiuus,
2083 265 2468 330 colvenerius,
2501 266 2734 335 Vignier
2760 269 2866 320 etc.

612 285 777 338 1095
3076 283 3262 338 1096

616 461 812 522 1648;
853 461 1147 514 1655.--
1167 453 1453 529 Georgius
1486 451 1892 528 Galopinus
1950 451 2094 509 Cum
2115 450 2398 509 Bandour
2427 453 2489 508 et
2521 468 2635 508 van
2655 451 3000 510 Couverden
3032 457 3255 510 auctor

610 541 674 600 Ο.
697 542 748 599 S.
772 542 910 599 Ben.
931 541 1117 617 Belga
1138 537 1199 623 (†
1227 536 1425 623 1657)
1456 543 1895 600 commentarios
1949 539 2070 598 fuit
2099 540 2137 597 l.
2170 539 2397 598 Veritas
2426 546 2478 597 et
2494 537 2754 615 aequitas
2772 558 3060 599 censurae
3093 560 3252 617 pon-

607 633 672 689 in
702 631 1142 688 Pontmeuohum
1187 630 1302 689 sub
1351 631 1590 689 nomine
1636 649 1680 693 s,
1712 631 1893 688 Bru·
1949 627 2164 687 tificiae
2197 628 2289 686 Pii
2321 627 2390 698 V,
2417 627 2686 705 Gregorii
2719 628 2877 687 XIII.
2912 633 2974 688 et
3021 630 3243 688 Urbani

608 739 650 777 n
667 737 699 776 0
714 718 835 777 nis
868 718 1308 794 Herbipolensis
1341 719 1406 778 in
1426 719 1672 779 Francia
1702 719 1895 778 orien-
1956 717 2107 775 VIII.
2130 735 2311 793 super
2330 716 2599 776 articulis
2619 717 2853 777 LXXVI
2875 714 3057 800 (Baji)
3078 719 3252 777 dam-

607 808 716 867 tali
748 807 1013 883 episcopi
1046 809 1307 883 primum
1339 807 1527 867 edidit
1540 808 1584 887 ²)
1613 809 1895 883 notisque
1952 805 2113 864 natis
2144 809 2520 883 propugnata
2549 809 2677 876 etc„
2713 807 3122 870 Duaci·1649.
3155 842 3252 853 -

608 897 954 968 illustravit,
993 896 1174 955 Duaci
1204 906 1369 960 1648
1404 898 1466 955 in
1501 906 1571 968 43
1606 896 1896 955 V.Petri
1953 896 2196 953 Maurus
2243 894 2724 954 Marchesius
2756 896 2820 954 Ο.
2856 897 2910 955 S.
2942 897 3089 955 Ben.
3135 898 3253 955 Pa·

610 985 876 1046 Oantoris
922 985 1163 1044 Verbum
1196 986 1586 1045 abbreviatum
1617 1004 1753 1045 cum
1786 1005 1894 1045 no-
1952 984 2328 1042 normitanus
2363 979 2592 1064 (1650)
2632 985 2859 1060 publici
2897 985 3057 1060 juris
3104 986 3254 1045 fecit

608 1075 707 1144 tis,
742 1075 1045 1132 Montibus
1066 1075 1416 1134 Hannoniae
1442 1085 1611 1138 1639
1644 1076 1708 1133 in
1730 1084 1785 1136 4.
1809 1108 1895 1118 —
1950 1092 1993 1135 s.
2017 1073 2321 1131 Brunonis
2338 1074 2600 1132 Astensis
2618 1092 2688 1132 ex
2717 1074 2931 1133 abbate
2952 1076 3250 1134 casinensi

611 1163 895 1240 Georgius
940 1163 1445 1223 colvenerius
1488 1159 1894 1247 (Colveneere)
1952 1161 2211 1237 episcopi
2244 1162 2464 1238 signini
2506 1179 2685 1235 opera
2716 1165 2928 1233 omnia,
2978 1163 3254 1222 Venetiis

612 1253 977 1327 Gempensi8‚
1024 1252 1424 1312 Brabantinus
1474 1250 1553 1334 (n.
1605 1262 1702 1315 21.
1751 1254 1894 1329 Maji
1960 1259 2118 1312 1651
2160 1253 2201 1308 t.
2227 1260 2263 1312 2
2296 1250 2452 1321 'mm
2486 1252 2703 1309 Romae
2731 1261 2927 1322 1655;
2961 1252 3247 1328 Lugduni

615 1336 829 1421 1564),
865 1340 1119 1399 subinde
1165 1342 1489 1400 Alestanus
1534 1342 1751 1412 dictus,
1803 1361 1894 1401 re·
1959 1348 2122 1403 1678
2174 1334 2264 1421 (in
2309 1339 2450 1398 bibl.
2498 1340 2750 1398 maxima
2794 1344 3034 1417 patrum
3077 1345 3123 1399 t.
3161 1339 3258 1422 2.)

606 1430 766 1488 lictis
802 1429 977 1488 armis
1009 1430 1418 1504 philosophiae
1463 1431 1663 1489 studio
1696 1449 1758 1489 se
1791 1431 1894 1489 ad·
1956 1460 2036 1471 —
2071 1428 2311 1486 Carolus
2333 1428 2613 1488 Paulin
2634 1425 2938 1511 (Poulain)
2966 1430 3021 1491 S.
3041 1430 3095 1487 J.
3119 1433 3247 1488 Au-

609 1518 783 1587 dixit,
831 1537 950 1592 quo
994 1518 1266 1578 absoluto
1311 1519 1578 1595 ejusdem
1620 1538 1753 1578 mox
1799 1538 1892 1578 ca-
1951 1516 2299 1575 relianensis
2334 1515 2396 1597 (†
2438 1527 2529 1579 12.
2565 1520 2703 1593 Apr.
2745 1515 2941 1598 1653)
2976 1518 3165 1577 edidit
3195 1540 3244 1579 s.

608 1606 881 1664 thedram
930 1606 1111 1665 Duaci
1159 1609 1501 1683 promeruit.
1554 1609 1699 1667 Post
1741 1609 1895 1666 Estii
1953 1606 2148 1680 optati
2193 1605 2514 1664 Milevitani
2557 1624 2735 1679 opera
2781 1625 2917 1667 cum
2962 1607 3246 1666 observa·

610 1701 860 1754 mortem
892 1696 1265 1771 praepositus
1295 1698 1366 1755 ad
1400 1716 1442 1755 s.
1466 1697 1628 1756 Petri
1662 1700 1724 1755 et
1756 1715 1894 1756 can·
1951 1694 2223 1753 tionibus
2255 1695 2346 1752 Fr.
2381 1695 2755 1754 Balduini
2789 1700 2853 1754 et
2882 1697 3040 1756 notis
3067 1697 3246 1754 Gabr.

610 1784 888 1843 cellarius
904 1783 1232 1844 academiae
1252 1786 1551 1845 duacenae
1576 1787 1763 1844 factus
1782 1791 1891 1856 est,
1951 1783 2272 1858 Albaspi
2293 1785 2482 1854 naei,
2517 1784 2755 1843 Parisiis
2797 1795 2957 1848 1631
2999 1786 3062 1843 in
3095 1785 3132 1843 f.
3153 1818 3246 1828 -—-

611 1873 769 1948 quod
820 1891 1036 1930 munus
1082 1875 1270 1949 gessit
1319 1895 1367 1933 a.
1405 1884 1504 1942 36.
1568 1877 1720 1933 Acer
1764 1880 1895 1934 erat
1952 1871 3022 1950 ClaudiusMenardAndegavensis
3043 1869 3246 1954 (1580

611 1961 1083 2020 Jansenistarum
1118 1962 1491 2022 adversarius
1528 1960 1589 2045 (†
1626 1974 1726 2027 29.
1756 1965 1896 2039 Maji
1953 1955 2262 2042 -1652),
2297 1962 2680 2036 antiquitatis
2715 1964 2963 2022 sedulus
2994 1964 3245 2038 indaga-

619 2046 831 2130 1649).
862 2050 1063 2109 Edidit
1092 2052 1464 2128 eruditisque
1491 2053 1895 2111 annotationi·
1950 2052 2078 2119 tor,
2132 2049 2420 2109 historiae
2469 2051 2701 2126 patriae
2749 2055 2921 2127 pater
2969 2053 3160 2111 dictus
3174 2048 3248 2132 ¹),

607 2139 723 2198 bus
784 2139 1116 2198 illustravit
1163 2158 1343 2214 opera
1392 2143 1624 2201 Rabani
1674 2143 1892 2212 Mauri,
1950 2156 2072 2196 non
2114 2142 2316 2196 tamen
2363 2143 2456 2198 sat
2499 2139 2740 2199 criticus
2759 2184 2772 2210 ‚
2825 2143 3057 2216 priores
3102 2142 3256 2199 duos

609 2228 882 2287 Coloniae
928 2237 1087 2292 1626
1124 2234 1167 2288 t.
1194 2240 1228 2290 6
1272 2229 1336 2288 in
1374 2241 1410 2294 3
1447 2251 1500 2290 v.
1536 2233 1601 2289 in
1640 2232 1710 2300 f.;
1751 2232 1895 2289 Bal-
1951 2227 2127 2286 libros
2158 2230 2351 2300 operis
2380 2230 2698 2303 imperfecti
2727 2232 3107 2306 &Auyustim'
3137 2231 3249 2288 ad·

610 2319 803 2375 dorici
850 2318 1154 2377 chronicon
1201 2336 1599 2379 cameracense
1644 2327 1695 2376 et
1739 2328 1893 2378 atre·
1951 2335 2149 2374 versus
2191 2316 2503 2375 Julianum
2533 2336 2565 2376 e
2597 2319 2861 2377 tenebris
2905 2320 3083 2386 eruit,
3137 2319 3250 2376 Ps-

612 2406 863 2482 buteuse,
918 2411 1091 2465 antea
1140 2408 1450 2478 ineditum,
1506 2409 1689 2468 Duaci
1728 2418 1892 2471 1615
1950 2405 2111 2463 risiis
2170 2415 2353 2468 1617.
2404 2440 2493 2449 -
2543 2406 2762 2465 Omnes
2813 2426 2916 2466 sex
2964 2410 3020 2466 ll.
3071 2409 3256 2482 hujus

607 2495 672 2552 iu
692 2504 745 2558 8.
770 2513 904 2553 cum
922 2497 1411 2556 annotationibus
1433 2497 1603 2556 valde
1623 2497 1894 2567 eruditis3
1950 2497 2146 2573 operis
2178 2513 2312 2552 cum
2344 2494 2695 2568 quibusdam
2748 2497 2880 2555 aliis
2913 2496 3248 2574 Augustini

618 2591 784 2648 1834
819 2604 938 2645 cur.
961 2585 1211 2662 Leglay3
1244 2586 1310 2645 in
1330 2587 1453 2645 MG.
1490 2587 1587 2647 SS.
1607 2585 1735 2657 VII,
1761 2595 1885 2650 393
1952 2579 2238 2664 libellis²)
2272 2587 2334 2642 et
2366 2585 2738 2645 sermonibus
2787 2586 3020 2662 primus
3053 2587 3115 2644 in
3150 2586 3250 2644 lu-

610 2692 729 2736 cur.
762 2674 823 2731 L.
858 2675 913 2735 C.
948 2675 1296 2743 Bethmann‚
1331 2680 1393 2733 et
1424 2677 1581 2750 apud
1614 2675 1811 2751 Migne
1831 2678 1892 2734 P.

609 2763 670 2818 L.
692 2762 931 2831 CXLIX,
958 2773 992 2824 9
1017 2781 1093 2821 ss.
1129 2764 1450 2822 Flodoardi
1479 2766 1784 2823 historiam
1800 2785 1894 2823 re-

613 2853 823 2909 mensis
883 2853 1141 2909 ecclesiae
1202 2872 1338 2910 cum
1404 2853 1894 2913 annotationibus

615 2935 789 3017 (quas
821 2940 1079 3014 reperies
1111 2941 1291 2999 etiam
1336 2942 1400 3000 in
1434 2943 1631 3019 Migne
1680 2944 1894 3019 patrol.

620 3036 761 3097 135,
801 3024 1148 3112 329—99)‚
1197 3030 1323 3089 vita
1353 3032 1667 3090 Flodoardi
1709 3037 1770 3091 et
1800 3050 1894 3091 ca-

611 3116 809 3192 talogo
860 3118 1125 3177 omnium
1169 3121 1763 3197 archiepiscoporum,
1815 3122 1892 3179 ib.

619 3213 783 3267 1617
834 3206 896 3264 in
946 3217 1014 3277 83
1060 3208 1122 3265 in
1163 3209 1307 3267 bibl.
1355 3229 1503 3267 max.
1551 3212 1661 3268 ΡΡ.
1697 3210 1892 3280 XVII3

622 3294 867 3353 Thomae
891 3296 1306 3369 Cantipratani
1335 3301 1369 3356 l.
1401 3302 1471 3357 de
1489 3300 1631 3357 bono
1664 3301 1892 3357 univer·

610 3386 724 3442 soli
756 3385 878 3443 sive
917 3385 989 3444 de
1020 3386 1233 3462 apibus
1257 3388 1524 3463 mysticis
1557 3407 1691 3447 cum
1724 3388 1893 3446 scho-

611 3472 708 3531 liis
739 3477 801 3531 et
832 3474 958 3533 vita
1002 3476 1282 3546 auctoris,
1336 3476 1412 3534 ib.
1458 3486 1653 3548 15973
1698 3486 1891 3546 16053

619 3571 780 3625 1627
818 3563 879 3621 in
917 3573 971 3625 8.
1003 3564 1190 3623 trium
1235 3565 1324 3629 ed.
1358 3567 1613 3641 optima3
1659 3566 1750 3625 Jo.
1785 3566 1892 3623 Ni-

609 3650 733 3709 deri
782 3653 1242 3729 Formicarium,
1291 3655 1368 3713 ib.
1424 3665 1625 3726 1602;
1677 3654 1891 3713 Kalon-

610 3741 847 3797 darium
891 3760 963 3799 s3.
1012 3742 1073 3799 V.
1122 3743 1349 3801 Mariae
1392 3744 1779 3803 novissimum
1822 3762 1891 3801 ex

611 3829 783 3885 variis
847 3829 1148 3904 Syrorum,
1212 3833 1591 3909 Aethiopum,
1642 3835 1890 3891 Graeco-

612 3933 763 3982 rum,
796 3915 1138 3975 Latinorum
1159 3920 1525 3996 menologiis,
1561 3921 1890 3989 breviariiS‚

613 4005 1053 4079 martyrologiis
1085 4009 1144 4063 et
1164 4008 1427 4065 historiis
1456 4010 1890 4078 concinnatum,

612 4089 689 4147 ib.
732 4100 895 4152 1638
931 4098 973 4149 t.
1011 4102 1044 4153 2
1094 4094 1154 4151 in
1192 4104 1246 4155 8.
1299 4095 1371 4154 In
1415 4098 1608 4155 lucem
1653 4117 1892 4173 quoque

611 4179 891 4254 produxit
933 4185 1208 4257 synopsin
1252 4203 1450 4242 rerum
1493 4188 1891 4246 ecclesiastica-

612 4288 761 4344 rum,
782 4274 1021 4330 auctore
1042 4271 1315 4333 Eduardo
1338 4273 1415 4332 Ri
1429 4294 1454 4332 s
1468 4278 1491 4333 t
1505 4275 1543 4333 h
1555 4295 1588 4334 o
1600 4296 1639 4334 n
1652 4296 1685 4335 0
1702 4276 1893 4352 Anglo

611 4377 644 4414 a
676 4378 737 4417 se
782 4372 1013 4417 auctam
1062 4365 1122 4419 et
1167 4365 1525 4439 recognitam
1573 4366 1649 4423 ib.
1708 4376 1891 4428 1595.

691 4606 725 4665 ¹)
744 4602 873 4654 Alia
900 4619 1070 4673 opera
1098 4605 1166 4656 cf.
1195 4605 1255 4657 in
1280 4604 1465 4673 Biogr.
1494 4610 1609 4658 nat.
1638 4605 1707 4659 de
1735 4605 1890 4674 Belg.

617 4672 733 4736 vn,
759 4678 882 4737 468,
928 4678 985 4726 et
1010 4676 1342 4742 praesertim
1386 4676 1444 4729 in
1486 4677 1693 4729 notitia
1732 4693 1892 4730 accu-

1952 2691 2075 2732 cem
2119 2673 2378 2748 protulit
2423 2676 2664 2733 Parisiis
2717 2684 2882 2737 1654
2932 2694 2986 2733 v.
3024 2685 3058 2737 2
3108 2675 3176 2733 in
3208 2675 3247 2732 f.

1952 2762 2348 2837 Hieronymus
2370 2763 2450 2821 vi
2467 2783 2558 2840 gn
2576 2764 2639 2821 ie
2653 2783 2685 2821 r
2716 2782 2916 2841 congr.
2937 2768 3084 2823 orat.
3103 2765 3246 2822 Ble-

1952 2851 2140 2909 sensis
2176 2849 2238 2931 (†
2278 2862 2373 2912 14.
2407 2853 2556 2911 Nov.
2595 2861 2755 2915 1661
2799 2873 2848 2911 a.
2883 2854 3096 2912 aetatis
3132 2847 3258 2934 55)

1950 2943 2222 2998 versatus
2255 2940 2573 2999 admodum
2625 2942 2687 2999 iu
2718 2942 2945 3019 linguis
2980 2943 3246 3000 orienta-

1951 3028 2124 3099 libus,
2175 3029 2424 3088 historia
2467 3034 2528 3088 et
2559 3030 2993 3089 numismatum
3038 3031 3248 3106 cogni·

1950 3118 2130 3187 tione,
2165 3119 2270 3192 qui
2289 3118 2496 3178 relicto
2515 3137 2713 3178 errore
2733 3120 3064 3178 calviniano
3086 3121 3245 3178 veri-

1950 3210 2132 3264 tatem
2167 3207 2505 3283 complexus
2537 3212 2631 3267 est
2663 3208 3087 3277 catholicam3).
3123 3210 3250 3266 Me-

1948 3296 2067 3353 rito
2117 3300 2315 3354 tamen
2348 3300 2595 3355 notatur
2643 3298 2719 3355 ab
2750 3298 2946 3356 Havet
2980 3298 3132 3356 Bibl.
3170 3297 3250 3355 de

1949 3382 2165 3443 l'ecole
2210 3384 2313 3443 des
2361 3386 2592 3444 chartes
2633 3386 2813 3445 XLVI
2845 3384 3076 3467 (1885)
3115 3395 3244 3449 205

2030 3612 2064 3678 ¹)
2095 3609 2177 3661 Cf.
2210 3608 2396 3678 Biogr.
2425 3608 2581 3662 univ.
2609 3608 2863 3673 XXVIII,
2890 3612 3015 3665 265.

2024 3686 2064 3751 ²)
2093 3680 2246 3733 Inter
2287 3697 2428 3746 quos
2464 3682 2522 3733 et
2546 3682 2824 3749 Speculum
2853 3698 2893 3740 s,
2923 3679 3248 3749 Augustini

1951 3767 2040 3820 op.
2070 3751 2325 3804 omnium
2366 3752 2831 3821 supplementum
2872 3753 3010 3822 (non
3045 3753 3244 3803 tamen

1949 3823 2288 3946 genuinum)
2327 3822 2389 3874 in
2429 3823 2517 3876 ed.
2558 3822 2653 3877 cit.
2694 3823 2734 3887 Ι,
2761 3825 3041 3879 515-46;
3085 3821 3244 3888 quod

1974 3910 2119 3963 onge
2147 3892 2471 3946 accuratius
2496 3894 2717 3947 recudit
2746 3893 2813 3944 W
2831 3911 2860 3946 e
2877 3893 2897 3946 i
2914 3894 2952 3946 h
2968 3912 2995 3945 r
3011 3892 3034 3946 i
3048 3908 3078 3945 c
3094 3893 3134 3945 h
3158 3892 3245 3946 in-

1950 3965 2225 4035 scriptum
2255 3966 2308 4017 S.
2327 3967 2460 4017 Aur.
2489 3965 2801 4036 Augustini
2821 3965 2945 4045 hip.
2964 3981 3052 4034 ep.
3082 3964 3116 4017 l.
3139 3964 3244 4030 qui

1949 4035 2281 4105 appellatur
2306 4038 2583 4105 Speculum
2610 4039 2668 4089 et
2692 4036 2727 4089 l.
2750 4036 2820 4088 de
2848 4035 2964 4089 div.
2992 4037 3243 4104 Scriptu-

1949 4106 2026 4159 ris
2068 4108 2182 4160 sive
2223 4107 2517 4176 speculum
2560 4107 2713 4174 quod
2755 4106 2938 4160 fertur
2975 4124 3016 4160 s.
3047 4109 3242 4176 Augu·

1949 4178 2086 4231 stini
2112 4178 2174 4230 in
2202 4180 2365 4249 Corp.
2392 4178 2583 4247 script.
2614 4178 2743 4238 eccl,
2772 4181 2811 4231 t.
2839 4178 2960 4231 XII.
2983 4176 3244 4230 Viennae

2024 4329 2062 4387 ³)
2093 4320 2173 4373 Cf.
2199 4319 2368 4373 Raess
2399 4321 2489 4385 111,
2511 4324 2616 4376 374
2637 4338 2724 4383 ss..
2753 4320 2852 4374 ubi
2952 4320 3001 4373 it
3025 4320 3092 4372 de
3113 4320 3240 4387 ejus

1949 4391 2237 4445 avunculo
2265 4391 2581 4446 Nicolao
2617 4394 2677 4444 et
2701 4394 2864 4461 patre
2971 4391 3239 4452 icolao,

1950 4463 2050 4530 qui
2076 4462 2292 4532 pariter
2326 4462 2540 4515 relictis
2568 4462 2787 4517 Calvini
2827 4462 3026 4515 castris
3053 4461 3240 4515 Eccle-

1951 4534 2065 4587 siae
2087 4550 2144 4586 se
2166 4534 2474 4593 dederunt;
2503 4534 2748 4587 Niceron
2771 4534 2840 4597 11,
2860 4538 2967 4590 356
2986 4550 3057 4587 ss.
3078 4555 3087 4584 :
3118 4529 3237 4584 Fel-

1951 4606 2034 4659 ler
2062 4605 2206 4668 VIII,
2228 4609 2362 4665 353;
2391 4605 2585 4674 Dupin
2605 4606 2803 4663 XVIII.
2840 4609 2957 4666 110,
2985 4602 3088 4672 qui
3114 4603 3238 4671 ejus

1951 4676 2368 4730 humanitatem
2404 4677 2621 4740 laudat,
2664 4693 2778 4745 qua
2804 4675 3120 4729 studiorum
3147 4689 3238 4725 su·

612 4748 737 4796 rata
775 4748 1001 4798 auctore
1030 4746 1131 4798 Th.
1161 4746 1445 4801 Leuridan
1474 4765 1534 4799 in
1562 4748 1753 4801 Revue
1794 4748 1892 4800 des
1949 4764 2110 4801 orum
2139 4748 2389 4801 fructum
2418 4747 2925 4802 communicaverit
2947 4746 3095 4809 aliis,
3121 4744 3240 4797 Mo-

615 4814 869 4866 Sciences
886 4817 1014 4872 eccl.
1034 4820 1174 4873 1898
1192 4819 1253 4880 ΙΙ,
1269 4822 1568 4878 sos—325:
1588 4822 1891 4875 481—504.
1947 4820 2071 4873 rino
2102 4819 2452 4887 praesertim.
