3625 5193
449 258 474 309 1
490 257 568 309 49
1462 238 1780 292 Ludovicus
1807 238 2037 294 Molina.
2933 257 2950 306 1
2974 256 3050 309 50

440 424 688 483 sitaniae
734 424 1032 484 academia
1080 426 1408 500 permultos
1442 421 1577 506 (20)
1611 445 1714 484 an·
1769 427 1898 501 ipse
1930 445 2184 501 cumque
2216 426 2404 485 doctis
2426 428 2486 483 et
2506 424 2876 501 sapientibus
2909 425 3054 484 viris

438 532 544 572 nos
574 514 794 590 primas
825 513 984 572 inter
1013 515 1374 589 professores
1406 516 1714 591 theologos
1770 516 2043 592 agitaret,
2078 532 2467 591 quaecunque
2514 514 2575 572 in
2621 514 2810 572 lucem
2856 514 3053 572 editu-

435 608 631 678 partes
683 602 946 661 docendo
993 605 1194 662 tenuit
1242 609 1304 662 et
1353 602 1712 678 Aquinatem
1769 623 1874 663 rus
1905 610 2095 664 erat.‘
2130 604 2276 680 Ejus
2298 621 2474 680 opera
2504 606 2678 661 sunt:
2714 602 2802 660 De
2817 603 3055 676 justitia

437 692 715 750 Thomam
759 695 853 750 est
895 692 1339 768 interpretatus
1403 692 1712 751 Matritum
1769 700 1820 751 et
1837 695 1978 768 Jure
2005 697 2049 752 t.
2085 693 2182 764 VI,
2216 711 2471 768 quorum
2501 695 2624 750 tres
2656 691 2882 766 priores
2914 710 3051 767 pro·

435 783 675 839 vocatus
706 781 1065 858 theologiam
1097 783 1381 841 moralem
1428 784 1499 839 ut
1543 782 1713 840 doce·
1768 782 2011 841 dierunt
2055 784 2317 843 Conchae
2369 790 2556 851 1593,
2613 789 2796 848 1597,
2853 790 3053 851 16003

433 873 541 938 ret,
590 889 724 928 mox
771 871 1028 929 moritur
1077 870 1131 928 d.
1192 880 1287 933 12.
1339 871 1611 931 Octobris
1661 890 1711 928 a.
1768 872 1872 930 alii
1901 875 2025 931 tres
2058 874 2196 948 post
2238 871 2368 947 ejus
2412 872 2660 929 mortem
2694 870 3053 944 Antverpiae

445 968 605 1019 1600
643 960 857 1018 aetatis
892 969 990 1022 65.
1055 960 1218 1018 Duae
1262 962 1328 1019 in
1368 980 1436 1020 eo
1469 960 1710 1035 potissi·
1782 970 1975 1031 16093
2050 970 2247 1030 1615:
2309 959 2570 1019 Venetiis
2611 969 2775 1021 1614
2827 962 2871 1016 t.
2905 958 3049 1029 V11;

433 1066 597 1106 mum
645 1048 862 1107 fulsere
906 1049 1179 1120 virtuteS‚
1230 1052 1543 1125 paupertas
1575 1067 1712 1108 cum
1766 1051 2108 1127 Moguntiae
2147 1059 2311 1112 1659
2347 1052 2389 1107 t.
2422 1047 2503 1107 VI
2536 1049 2599 1106 in
2629 1048 2687 1118 s.;
2713 1056 2893 1110 -1733
2929 1050 2970 1105 t.
3004 1047 3055 1106 V

432 1154 663 1194 summa
690 1137 1027 1196 humilitate
1055 1139 1386 1214 conjuncta.
1421 1137 1710 1197 Obedien-
1765 1140 1831 1198 in
1866 1151 1900 1201 2
1934 1159 1988 1198 v.
2021 1140 2086 1198 in
2118 1139 2174 1210 f.,
2226 1157 2377 1215 quae
2422 1138 2604 1196 editio
2635 1136 3055 1211 complectitur

430 1225 518 1284 tia
549 1228 611 1283 et
640 1225 1016 1285 observantia
1046 1227 1113 1284 in
1144 1228 1492 1302 superiores,
1513 1245 1708 1302 prom·
1767 1230 1832 1286 R.
1866 1228 1927 1285 P.
1960 1228 2183 1287 Ludov.
2218 1227 2469 1286 Molinae
2502 1246 2534 1284 e
2567 1226 2621 1284 S.
2655 1225 2711 1287 J.
2745 1225 2904 1284 vitae
2923 1244 3049 1284 mo-

431 1314 731 1389 ptitudine
762 1315 836 1373 ad
867 1333 1239 1375 communem
1278 1317 1615 1375 convictum
1645 1335 1712 1375 ac
1765 1336 2020 1392 rumque
2034 1317 2275 1376 brevem
2290 1316 2817 1374 adumbrationem.
2852 1314 3050 1390 Magni

431 1407 714 1462 consueta
744 1422 993 1462 munera
1021 1406 1228 1464 nullus
1248 1424 1385 1463 eum
1407 1406 1522 1464 tiro
1543 1424 1710 1480 prae·
1766 1407 1876 1466 hoc
1906 1425 2056 1482 opus
2073 1406 2438 1465 aestimatur.
2477 1404 2704 1473 ,Nemo
2725 1406 2830 1473 est,
2852 1403 3052 1477 inquit

431 1492 651 1551 ivisset.
713 1492 892 1552 Nullo
937 1492 1031 1552 die
1074 1494 1476 1568 praetermisit
1522 1494 1708 1552 inter·
1766 1490 2121 1577 Mohrhof1),
2171 1495 2276 1569 qui
2308 1494 2521 1553 horum
2554 1493 2845 1552 librorum
2882 1491 3050 1551 utili-

430 1582 627 1657 ruptis
648 1583 941 1657 tantisper
960 1582 1175 1641 studiis
1206 1583 1427 1642 librum
1454 1583 1709 1642 Thomae
1764 1587 1951 1643 tatem
1971 1585 2223 1661 ignoret.
2240 1591 2267 1620 ⁴¹
2307 1583 2588 1653 ,Molina,
2621 1583 2705 1640 ait
2725 1581 2864 1639 Silv.
2883 1582 3049 1639 Mau-

431 1670 503 1728 de
534 1670 775 1745 Kempis
819 1671 892 1729 de
935 1671 1271 1730 imitatione
1302 1671 1521 1730 Christi
1565 1672 1709 1730 deli·
1764 1669 2081 1754 rolycus2),
2133 1673 2198 1730 in
2241 1672 2541 1748 theologia
2590 1670 2803 1729 morali
2848 1672 3050 1728 tantae

430 1755 648 1839 bare1).
681 1759 944 1836 Rogatus
968 1760 1035 1819 in
1063 1762 1323 1820 extremo
1351 1762 1529 1830 vitae,
1562 1779 1707 1819 num
1764 1765 1858 1820 est
1889 1761 2265 1822 auctoritatis
2314 1763 2638 1835 tantaeque
2689 1758 3049 1817 aestimatio-

429 1867 576 1923 quos
605 1848 972 1923 relinqueret
1000 1850 1185 1909 libros
1215 1851 1519 1909 absolutos
1548 1853 1608 1908 et
1636 1850 1708 1908 de
1763 1853 1859 1909 nis
1891 1852 1954 1909 in
1986 1849 2396 1910 tribunalibus
2412 1854 2474 1908 et
2492 1848 2649 1926 apud
2673 1848 2943 1923 juristas,
2980 1850 3051 1905 ut

428 1937 544 1995 illis
576 1938 716 2012 quid
749 1937 878 1997 fieri
911 1938 1106 2008 vellet,
1141 1940 1311 2014 quasi
1351 1939 1502 1997 nihil
1542 1939 1615 1997 ad
1647 1957 1708 1997 se
1762 1941 1889 1998 sine
1920 1939 2279 1998 adminiculo
2313 1942 2420 1997 aut
2439 1938 2606 2014 copia
2625 1938 2875 1995 aliorum
2910 1954 3048 1994 auc-

432 2026 769 2097 attinerent,
799 2027 1021 2097 Faciat,
1055 2028 1273 2104 inquit,
1309 2028 1382 2086 de
1420 2029 1491 2086 iis
1513 2028 1706 2087 Socie-
1762 2031 1960 2088 torum
1977 2029 2179 2086 afferat
2196 2027 2394 2086 lumen
2411 2026 2672 2095 veritati,
2696 2025 3047 2084 decisionem

429 2118 519 2173 tas
552 2133 656 2191 pro
689 2134 795 2175 suo
828 2116 1140 2175 arbitratu.
1186 2117 1321 2176 Non
1354 2117 1547 2176 minor
1577 2118 1724 2193 ejus·
1762 2118 1975 2188 causis,
2007 2117 2325 2176 terminum
2357 2116 2618 2193 litigiis«
2657 2114 2808 2172 Hinc
2840 2114 3049 2171 Carde-

431 2205 654 2263 virtute
684 2204 805 2263 fuit
834 2206 1096 2265 scientia.
1160 2206 1313 2264 Hinc
1356 2206 1616 2281 plurima
1645 2209 1707 2263 et
1762 2225 1869 2264 nas
1902 2225 2038 2264 eum
2072 2210 2425 2265 annumerat
2441 2203 2781 2263 auctoribus
2798 2204 2862 2261 in
2879 2204 3046 2262 theo-

428 2293 739 2368 splendida
771 2296 1035 2354 encomia
1052 2295 1165 2369 ipsi
1180 2295 1427 2363 tributa,
1450 2314 1705 2371 quorum
1762 2294 1922 2372 logia
1953 2294 2158 2352 morali
2208 2295 2369 2353 omni
2419 2292 2761 2367 exceptione
2810 2293 3045 2366 majori-

429 2402 713 2440 snmmam
763 2383 849 2441 ita
897 2384 1313 2459 complectitur
1362 2383 1609 2442 historia
1649 2383 1703 2441 S.
1761 2384 1895 2454 bus,
1973 2384 2237 2442 classicis
2314 2380 2912 2441 Ballerini-Palmieri
2983 2385 3044 2440 et

427 2470 480 2529 J.
493 2469 575 2551 2);
643 2471 755 2540 ,In
787 2473 846 2530 P.
879 2472 1099 2531 Ludov.
1135 2473 1354 2532 Melina
1394 2473 1706 2549 scriptores
1763 2473 1926 2548 Gury
1958 2492 2095 2532 eum
2141 2472 2288 2530 dicit
2343 2469 2827 2547 ,probabilistam
2861 2471 3042 2529 ratio-

428 2561 604 2619 multi
639 2562 828 2621 multa
860 2562 1269 2622 laudaverunt.
1304 2562 1424 2621 Alii
1444 2562 1561 2621 vim
1576 2563 1704 2638 ejus
1762 2582 1909 2621 num
1958 2565 2020 2621 et
2066 2561 2368 2621 doctrinae
2417 2559 2718 2619 soliditate
2762 2560 3042 2636 gravissi-

426 2650 651 2724 ingenii
711 2652 981 2710 maximis
1053 2651 1512 2711 difficultatibus
1574 2671 1703 2727 per·
1761 2672 1925 2709 mum
1940 2660 1987 2709 ‘.
2053 2651 2478 2710 Commentario·
2509 2652 2570 2708 in
2605 2650 2662 2710 1.
2684 2667 2749 2722 1).
2786 2650 2856 2707 D.
2897 2650 3042 2707 Tho-

427 2739 769 2814 rumpendis
818 2759 1050 2814 parem3
1101 2741 1199 2799 alii
1250 2740 1706 2815 amplitudinem
1762 2759 1888 2798 mae
1948 2741 2012 2798 in
2072 2740 2220 2799 duos
2280 2743 2471 2798 tomos
2522 2738 2729 2808 divisa,
2781 2738 3044 2798 Conchae

426 2847 635 2887 arcana
695 2829 977 2887 scientiae
1039 2830 1346 2901 naturalis,
1423 2830 1706 2906 mysteria
1769 2839 1968 2900 15923
2003 2829 2262 2888 Venetiis
2301 2838 2486 2898 1594,
2527 2838 2723 2897 1602;
2766 2827 3045 2904 Lugduni

428 2936 622 2975 sacrae
672 2917 990 2988 doctrinae,
1050 2919 1250 2995 legum
1299 2919 1502 2987 nodos,
1546 2919 1703 2993 juris
1770 2926 1953 2980 1622.
2032 2920 2257 2977 Horum
2320 2918 2488 2976 velut
2541 2917 3043 2992 complementum

425 3007 762 3083 aenigmata
791 3008 1181 3082 complexam:
1228 3008 1331 3066 alii
1375 3007 1704 3066 fecundita-
1763 3003 1929 3088 (licet
1978 3008 2147 3082 prius
2196 3002 2505 3086 prodierit)
2554 3009 2647 3064 est
2695 3024 2844 3081 opus
2892 3006 3043 3064 illud

426 3099 546 3153 tem
590 3095 664 3154 de
710 3114 819 3154 suo
866 3101 1238 3171 promentem
1288 3096 1485 3155 omnia
1534 3093 1704 3172 quasi
1760 3096 2238 3166 famosissimum,
2296 3095 2457 3172 quod
2525 3097 2618 3154 tot
2686 3095 3042 3168 disputatio-

424 3183 625 3254 fundo,
659 3203 782 3242 non
814 3184 1053 3243 aliunde
1093 3190 1404 3262 corrogata
1434 3186 1528 3244 vel
1562 3185 1704 3243 sub-
1760 3182 1988 3266 num3),
2053 3185 2576 3255 concertationum,
2640 3184 2759 3242 imo
2810 3187 2869 3242 et
2913 3189 3042 3242 tur-

424 3271 575 3331 lecta
624 3276 1032 3331 mutuantem:
1096 3274 1196 3331 alii
1249 3276 1590 3351 religiosam
1640 3275 1703 3332 in
1760 3274 1973 3332 barum
2004 3274 2231 3333 exstitit
2262 3273 2507 3344 occasi0,
2542 3273 2636 3331 cui
2669 3273 2917 3331 titulum
2954 3273 3036 3331 fe·

426 3361 771 3437 opinionum
834 3362 1070 3420 delectu
1131 3365 1523 3432 severitatem,
1587 3382 1704 3439 qua
1760 3363 1872 3421 cit:
1912 3363 2233 3421 Concordia
2277 3362 2442 3420 liberi
2473 3362 2706 3419 arbitrii
2737 3381 2865 3419 cum
2900 3382 3041 3438 yra-

427 3450 638 3525 spretis
672 3451 994 3509 laxioribus
1013 3452 1265 3510 tutiores
1300 3453 1483 3511 ferme
1503 3454 1563 3510 et
1583 3453 1701 3510 vir·
1758 3454 1873 3509 tiae
1921 3453 2105 3524 donis,
2154 3452 2353 3509 divina
2391 3452 2798 3525 praescientia,
2839 3453 3040 3522 provi·

425 3539 545 3598 tuti
580 3540 820 3616 legique
860 3541 1166 3600 amiciores
1197 3541 1699 3617 amplectebatur:
1758 3541 1973 3615 dentia,
1995 3542 2525 3616 praedestinatione
2565 3545 2614 3595 et
2645 3539 3041 3611 reprobatione

428 3627 529 3685 alii
561 3647 816 3687 amorem
849 3629 1118 3687 veritatis
1152 3649 1216 3688 ac
1246 3650 1426 3706 prope
1456 3648 1701 3688 venera·

424 3716 664 3786 tionem,
699 3717 784 3774 ita
820 3722 889 3775 ut
905 3719 978 3776 ab
1013 3737 1080 3776 ea
1098 3737 1205 3777 nec
1225 3720 1360 3777 odio
1380 3738 1487 3777 nec
1506 3737 1701 3777 amore
1839 3731 1874 3796 ¹)
1901 3727 2176 3795 Polyhist.
2206 3727 2355 3781 liter.
2383 3742 2440 3794 p.
2465 3730 2514 3782 2.
2543 3727 2580 3781 l.
2609 3731 2656 3782 1.
2686 3742 2729 3779 c.
2759 3731 2845 3782 14.
2872 3744 2924 3779 n.
2953 3729 3037 3783 58.

423 3804 772 3875 deflecteret,
816 3826 883 3865 ac
912 3825 987 3864 ne
1020 3809 1429 3867 auctoritatem
1460 3808 1700 3883 quidem
1831 3804 1873 3868 ²)
1901 3798 1958 3853 1¹·
1988 3803 2037 3854 5·
2066 3798 2270 3853 Ocean-
2300 3798 2463 3866 relig·

426 3895 674 3953 alienam
707 3895 826 3953 nisi
859 3895 1086 3954 ratione
1128 3897 1314 3956 solida
1346 3898 1562 3956 fultam
1597 3898 1698 3955 ad·
1832 3875 1873 3941 ³)
1901 3870 2195 3950 Interssffl
2231 3870 2486 3924 eminent
2523 3869 2661 3922 inae
2700 3869 2932 3950 hapst'ffe
2976 3869 3038 3921 in

1758 3943 2200 4021 congregatione
2228 3957 2261 3994 a
2289 3940 2578 3995 Clemente
2600 3941 2742 3994 vlu.
2771 3943 3038 3993 instituta

424 3984 718 4042 mitte1et:
751 3983 855 4041 alii
885 3985 1144 4044 laborem
1178 3987 1555 4056 indefessum,
1581 4004 1699 4060 quo
1756 4011 1826 4066 de
1865 4011 2093 4066 amalfis
2133 4030 2237 4082 pro
2278 4011 2654 4065 examinanda
2694 4012 2866 4081 hujus
2906 4010 3039 4064 fibri

429 4079 504 4134 20
557 4090 743 4131 annos
805 4073 1058 4132 divinam
1102 4075 1406 4134 scientiam
1451 4075 1699 4133 tradidit
1755 4082 2013 4137 doctrina
2038 4089 2109 4153 (a.
2139 4086 2298 4154 1598)
2338 4087 2395 4137 et
2431 4084 2537 4137 sub
2563 4083 2740 4137 Paulo
2767 4083 2832 4135 V.
2864 4084 3040 4136 conti-

422 4159 646 4219 Eborae
707 4161 1017 4237 vitamque
1078 4182 1310 4222 omnem
1373 4164 1437 4222 in
1498 4164 1696 4221 studio
1756 4156 1931 4208 1¹an
1956 4154 2026 4207 ad
2056 4171 2104 4208 a·
2134 4171 2315 4223 11811116
2343 4155 2497 4218 1607,
2541 4171 2653 4223 (1110
2694 4154 2922 4208 demum
2951 4157 3039 4207 *³0¹⁵

422 4249 706 4323 pertinaci
757 4252 1152 4327 consumpsit:
1205 4252 1306 4310 alii
1353 4252 1695 4327 prudentis·
1754 4225 2247 4308 di⁸l³F¹²³¹⁵50¹¹ibt¹⁸
2267 4243 2300 4280 θ’
2335 4224 2711 4309 ἳθῖθῦθῗῖἰέῃίθ
2737 4226 3036 4307 ΠἚΓῘΠΒἿΨΘ

1754 4300 1936 4366 partis
1950 4297 2232 4368 theologis
2240 4296 2452 4350 habitis
2464 4297 2586 4350 fims
2598 4298 3035 4365 impoffltusfuit.

421 4356 627 4438 ⁸¹12&OE
646 4358 712 4397 m
732 4341 1038 4398 scribendo
1056 4340 1494 4428 dsseidendOQUO
1521 4359 1695 4400 cunc·
1755 4369 1884 4423 Non
1910 4369 2170 4423 obstante
2186 4368 2338 4422 omni
2354 4368 2801 4423 adversariorum
2833 4371 3038 4423 conatu

420 4431 726 4498 tationem,
760 4447 894 4487 cum
940 4429 1047 4487 diu
1091 4431 1468 4505 multumque
1501 4449 1697 4489 secum
1752 4441 1897 4494 liber
1923 4442 2012 4495 vel
2033 4445 2279 4509 systema
2305 4440 2551 4494 Molinae
2591 4457 2704 4493 non
2743 4440 2859 4493 fuit
2884 4439 3036 4492 dam-

1754 4514 1989 4571 natum:
2023 4513 2137 4566 imo
2167 4512 2354 4566 vetuit
2379 4529 2628 4565 summus
2654 4511 2912 4565 Pontifex
2944 4510 3035 4570 „in

1280 4615 1283 4616 ν
1755 4583 2088 4650 quaestione
2113 4584 2220 4637 hac
2247 4583 2336 4650 (de
2375 4583 2606 4636 auxiliis
2645 4581 2886 4652 gratiae)
2915 4598 3035 4651 per·

497 4657 536 4722 ¹)
563 4651 812 4706 Litterae
837 4668 1062 4706 annuae
1088 4653 1214 4707 coll.
1240 4653 1454 4706 Matrit.
1477 4659 1695 4711 a.1600.
1754 4654 2052 4708 tractanda.
2078 4671 2149 4709 ne
2177 4655 2303 4722 quis
2322 4658 2537 4724 partem
2560 4670 2694 4707 suae
2712 4651 3031 4722 oppositam

422 4723 501 4776 Cf.
530 4723 838 4792 Alegambe
863 4723 999 4777 bibl.
1028 4724 1218 4793 script.
1247 4725 1299 4779 S.
1327 4724 1377 4779 J.
1752 4729 1858 4778 aut
1909 4726 2263 4794 qualificaret
2311 4729 2415 4778 aut
2465 4741 2701 4779 censura
2763 4723 3033 4792 quapiam

494 4797 534 4864 ²)
560 4795 619 4847 L.
648 4799 734 4850 24.
763 4793 821 4847 P.
851 4799 899 4850 5.
931 4803 958 4860 ξ
982 4799 1067 4850 37.
1753 4799 2034 4851 notaret··.
