3625 5193
578 245 602 295 1
624 246 696 297 19
1308 231 1681 287 1564—1580.
1707 229 1810 283 Jus
1837 231 2195 287 canonicum.
2222 232 2358 286 Pius
2385 234 2452 287 V.

3074 254 3095 304 1
3115 253 3147 304 2
3160 254 3195 306 0

571 415 917 473 assistentes
938 415 1095 473 enim
1120 413 1329 472 babuit
1348 413 1412 472 in
1433 433 1620 491 agone
1642 415 1854 474 ultimo
1911 418 2172 476 audacia.
2207 420 2361 477 Dum
2393 438 2530 478 vero
2561 437 2778 477 novam
2827 419 2891 477 in
2915 420 3048 478 illos
3096 439 3196 477 ex-

571 523 614 562 S.
665 503 1006 578 Philippum
1069 504 1315 561 Nerium
1377 507 1438 562 et
1488 522 1531 562 s.
1582 504 1855 563 Carolum
1911 506 2274 582 peditionem
2305 510 2555 583 pararet,
2592 508 2655 565 in
2696 527 2935 584 gravem
2983 508 3198 567 incidit

570 593 991 653 Borromaeum
1023 610 1094 650 ex
1126 610 1328 650 sorore
1358 596 1653 668 nepotem,
1675 613 1854 668 quem
1909 596 2332 671 morbum,quo
2354 600 2738 672 consumptus
2759 597 3022 671 piissime
3041 597 3194 656 obiit

571 681 925 739 cardinalem
960 675 1336 763 creaverat1).
1387 682 1602 740 Urbem
1634 685 1726 741 tot
1758 701 1852 741 or·
1921 697 1968 746 l.
2002 685 2134 760 Maj.
2177 694 2341 748 1572
2377 705 2424 742 a.
2458 685 2671 744 aetatis
2708 694 2806 749 68.
2841 686 3027 744 Duxit
3046 687 3190 744 etin

572 770 863 829 namentis
895 771 1078 842 auxit,
1114 774 1185 828 ut
1216 770 1568 829 cecinerint:

571 893 950 952 Marmoream
982 913 1077 953 me
1108 893 1265 961 fecit,
1298 913 1455 953 eram
1484 913 1617 953 cum
1638 898 1852 965 terrea,

1536 984 1759 1053 Caesar,

571 1074 767 1130 Aurea
832 1072 945 1130 sub
1009 1075 1226 1146 quarto
1289 1091 1419 1130 sum
1476 1073 1651 1132 modo
1702 1073 1857 1132 facta

1534 1162 1656 1221 Pio.

663 1268 909 1325 Amator
940 1270 1068 1324 erat
1099 1268 1276 1343 paci8‚
1313 1268 1447 1326 hinc
1479 1269 1658 1326 etiam
1703 1269 1855 1327 rela-

571 1355 768 1413 tiones
801 1355 1114 1414 benevolas
1157 1357 1494 1432 principum
1540 1358 1855 1416 catholico-

573 1463 704 1502 rum
739 1463 877 1520 erga
909 1443 1096 1502 sedem
1145 1446 1524 1520 apostolicam
1569 1447 1856 1506 restituit.

572 1566 658 1576 —-
692 1533 865 1590 Pium
897 1532 993 1593 IV.
1027 1534 1253 1609 excepit
1284 1534 1470 1593 Pius
1521 1536 1700 1611 hujus
1748 1555 1855 1593 no-

570 1621 750 1678 minis
782 1621 866 1690 V„
898 1626 1074 1680 antea
1094 1623 1339 1681 Michael
1361 1624 1636 1682 Ghislieri
1656 1625 1854 1700 appel-

573 1709 735 1768 latus
746 1710 809 1767 in
824 1710 1040 1786 oppido
1054 1713 1236 1770 Bosco
1249 1731 1429 1788 prope
1441 1713 1857 1772 Alexandriam

573 1799 637 1856 in
670 1798 942 1857 Insubria
973 1803 1153 1859 natus
1190 1801 1438 1863 17.Jan.
1482 1812 1666 1865 1504.
1699 1803 1858 1860 Puer

575 1908 624 1945 a.
655 1899 677 1948 1
704 1902 725 1947 4
767 1888 1074 1963 ingressus
1109 1892 1202 1947 est
1233 1890 1295 1949 Ο.
1332 1890 1385 1948 S.
1404 1891 1568 1949 Dom.
1586 1891 1856 1950 Philoso-

572 1976 771 2052 phiam
804 1983 864 2034 et
895 1978 1253 2054 theologiam
1287 1980 1515 2038 sodales
1551 1999 1735 2041 annos
1777 1991 1852 2043 16

569 2065 787 2133 docuit,
824 2085 1160 2141 munusque
1180 2067 1554 2143 inquisitoris
1594 2089 1643 2127 a.
1687 2080 1849 2131 1549

574 2153 855 2212 adversus
904 2155 1256 2213 haereticam
1300 2157 1655 2233 pravitatem
1694 2159 1854 2216 Comi

574 2247 816 2300 strenue
846 2245 1049 2318 gessit.
1097 2245 1148 2302 A
1182 2245 1367 2303 Paulo
1399 2246 1494 2304 IV.
1541 2247 1853 2321 episcopus

572 2332 893 2407 nepesinus
939 2336 999 2392 et
1046 2334 1418 2392 surrentinus
1482 2338 1571 2393 est
1630 2335 1853 2393 electus

575 2416 801 2501 (1556)
850 2428 911 2479 et
955 2440 1088 2480 mox
1139 2443 1187 2485 a.
1220 2423 1492 2497 sequenti
1547 2433 1642 2486 15.
1682 2423 1853 2484 Mart.

572 2529 837 2584 purpura
871 2510 1181 2570 decoratus
1215 2515 1276 2569 et
1304 2512 1500 2569 factus
1538 2511 1856 2586 inquisitor

571 2600 865 2674 generalis
902 2594 1146 2681 (1558).
1181 2600 1271 2658 Ad
1304 2600 1602 2659 ecclesiam
1636 2601 1855 2659 Montis

572 2687 805 2761 Regalis
850 2689 913 2745 in
956 2688 1299 2762 Subalpinis
1331 2709 1365 2746 a
1396 2689 1498 2746 Pio
1531 2688 1626 2747 IV.
1660 2693 1854 2748 trans-

575 2776 735 2832 latus
767 2780 872 2833 est.
908 2776 1049 2834 Cum
1084 2780 1285 2834 autem
1316 2778 1538 2836 invicto
1588 2797 1694 2852 pro
1740 2779 1854 2837 fide

576 2863 773 2921 animo
809 2868 987 2940 atque
1010 2865 1240 2923 ardenti
1260 2884 1366 2940 pro
1387 2867 1678 2925 Ecclesiae
1698 2868 1853 2925 bono

572 2952 806 3010 arderet
838 2953 1039 3011 studio
1070 2957 1305 3028 praeter
1333 2955 1599 3013 omnium
1618 2975 1853 3032 exspec-

572 3041 853 3099 tationem
919 3043 1217 3101 communi
1280 3043 1664 3102 cardinalium
1728 3047 1851 3103 sus-

571 3129 761 3205 fragio
793 3131 1016 3189 electus
1049 3135 1142 3189 est
1184 3150 1364 3206 opera
1411 3135 1755 3208 praesertim
1807 3153 1851 3193 s,

570 3219 765 3276 Caroli
799 3220 1135 3280 Borromaei
1172 3231 1224 3283 ’7.
1257 3220 1388 3280 Jan.
1441 3232 1601 3285 1566
1649 3223 1710 3280 in
1755 3242 1852 3281 ro-

569 3326 815 3365 manum
847 3308 1204 3382 pontificem.
1233 3310 1496 3369 Sollicite
1512 3311 1738 3370 institit
1753 3332 1853 3371 ex-

570 3396 883 3469 sequendis
921 3397 1170 3456 decretis
1192 3399 1426 3457 concilii
1448 3399 1759 3458 tridentini
1780 3401 1853 3458 de

569 3484 987 3546 reformatione
1006 3488 1270 3549 sancitis.
1304 3484 1606 3569 Curavit2)
1642 3489 1849 3548 editio-

569 3592 701 3631 nem
739 3575 1074 3634 Catechismi
1104 3577 1358 3635 Romani
1390 3573 1633 3658 (1566),
1664 3578 1851 3636 refor-

568 3664 884 3721 mationem
919 3664 1206 3723 Breviarii
1238 3668 1299 3723 et
1329 3666 1588 3724 Missalis
1621 3662 1850 3746 (1570)

571 3756 751 3826 atque
790 3753 1193 3812 sollicitudine
1231 3747 1647 3813 ardentissima
1682 3754 1850 3829 prin-

568 3840 726 3915 cipes
743 3842 1022 3901 excitavit
1040 3843 1391 3902 christianos
1404 3842 1687 3900 adversus
1698 3843 1850 3901 Tur-

1909 772 2263 848 pontificatu
2288 774 2475 832 vitam
2508 774 2682 849 plane
2712 775 3043 845 asceticam,
3080 775 3196 833 vir-

1909 865 2110 920 tutum
2127 863 2392 921 omnium
2407 863 2639 921 exstitit
2662 863 2983 939 speculum,
3004 883 3196 922 unum

1914 951 2176 1025 spirabat
2206 952 2512 1028 religionis
2542 952 2973 1010 incrementum
2993 948 3058 1033 ¹).
3097 954 3196 1011 In·

1910 1042 2003 1098 ter
2036 1044 2267 1099 sanctos
2313 1041 2537 1099 relatus
2583 1043 2672 1100 est
2704 1061 2738 1099 a
2769 1041 3066 1099 Clemente
3101 1042 3194 1099 Xl.

1911 1148 1961 1186 a.
2003 1138 2188 1191 1712.
2220 1129 2425 1207 Ecloye
2454 1130 2746 1188 bullarum
2777 1134 2838 1188 et
2869 1134 3038 1189 motu
3059 1149 3195 1206 pro·

1911 1217 2177 1292 priorum
2210 1217 2301 1275 Pii
2334 1218 2431 1277 IV.
2465 1219 2556 1276 Pii
2575 1219 2640 1278 V.
2663 1221 2724 1277 et
2745 1219 3012 1296 Gregorii
3035 1218 3191 1276 XIII.

1912 1306 2132 1381 prodiit
2161 1306 2441 1382 Lugduni
2482 1316 2680 1377 15823
2719 1308 3195 1382 Apostolicarum

1912 1395 2000 1453 Pii
2051 1395 2119 1457 V.
2182 1396 2552 1468 epistolarum
2601 1397 2657 1453 ll.
2724 1397 2780 1454 V.
2841 1396 2989 1455 editi
3053 1399 3198 1454 sunt

1913 1502 2088 1560 opera
2120 1484 2212 1542 Fr.
2245 1485 2509 1555 Goubau,
2543 1486 2906 1562 Antverpiae
2947 1495 3133 1548 1640.

2005 1670 2104 1723 57.
2159 1661 2389 1731 Omnes,
2442 1662 2548 1736 qui
2599 1661 2661 1720 in
2716 1663 2855 1738 jure
2916 1663 3197 1721 canonico

1912 1750 2274 1809 illustrando
2335 1752 2556 1809 versati
2607 1755 2751 1809 sunt
2803 1753 2908 1809 hac
2955 1752 3195 1826 epocha,

1912 1838 2266 1897 eruditionis
2285 1840 2312 1896 f
2310 1859 2444 1897 ama
2462 1840 2833 1915 nominisque
2855 1840 3197 1898 celebritate

1913 1927 2097 1985 vincit
2145 1927 2400 1986 Didacus
2464 1928 2535 1986 de
2596 1929 3109 1988 Covarrubias
3157 1948 3197 2004 y

1910 2016 2123 2092 Leyva,
2189 2017 2508 2075 Toletanus
2557 2037 2614 2079 n.
2672 2027 2770 2081 25.
2821 2017 2946 2075 Jul.
3009 2027 3195 2086 1512,

1913 2104 2246 2181 discipulus
2277 2105 2340 2162 in
2373 2105 2591 2164 studiis
2622 2106 2897 2164 civilibus
2929 2110 2990 2164 et
3021 2124 3195 2164 cano·

1911 2193 2061 2251 nicis
2134 2194 2333 2270 magni
2409 2195 2650 2253 Martini
2728 2195 3199 2269 Azpilcueta

1911 2282 2180 2353 Navarri,
2235 2283 2339 2356 qui
2399 2285 2569 2341 tanto
2633 2283 2921 2358 discipulo
2981 2283 3198 2341 merito

1909 2371 2086 2429 etiam
2116 2370 2356 2446 gloriari
2391 2368 2696 2453 solebat2).
2731 2372 3057 2445 Postquam
3093 2371 3195 2430 do-

1909 2460 2111 2517 cuerat
2172 2459 2245 2515 nb
2307 2478 2358 2521 a.
2435 2470 2599 2523 1543
2671 2462 2773 2535 jus
2843 2461 3193 2519 canonicum

1911 2548 1975 2606 in
2006 2548 2302 2607 academia
2353 2548 2792 2608 salmanticensi
2825 2546 3023 2630 (cujus
3075 2552 3194 2607 sta-

1910 2640 2043 2695 tuta
2116 2638 2244 2712 ipse
2322 2634 2628 2721 condidit),
2699 2638 2933 2712 aliaque
3003 2639 3197 2697 obivit

1910 2745 2158 2785 munera
2188 2727 2521 2797 honorifica,
2558 2726 2632 2785 ad
2663 2727 3002 2786 cathedram
3036 2728 3196 2802 epis-

1910 2816 2164 2890 copalem
2197 2815 2601 2873 civitatensem
2636 2811 2883 2896 (OEudad
2906 2811 3194 2894 Rodrigo)

1909 2908 2214 2979 promotus
2263 2904 2381 2961 fuit
2426 2923 2475 2962 a.
2533 2914 2718 2966 1560.
2785 2905 2909 2962 Hoc
2959 2907 3195 2980 specta-

1910 2992 2049 3050 bilis
2089 2993 2307 3050 honore
2357 2992 2430 3050 ad
2483 2992 2776 3068 synodum
2827 3011 2887 3050 se
2938 2993 3198 3050 contulit

1910 3081 2276 3150 Tridentum,
2340 3081 2403 3138 in
2465 3099 2584 3155 quo
2646 3083 2835 3139 totius
2895 3080 3196 3139 Ecclesiae

1984 3219 2023 3287 ¹)
2053 3215 2234 3279 Quam
2259 3215 2493 3283 plurimi
2515 3215 2861 3285 scripserunt
2876 3216 2997 3284 ejus
3014 3215 3194 3268 vitam

1909 3290 1975 3339 ut
2023 3287 2170 3340 flier.
2220 3285 2277 3338 M
2295 3302 2323 3338 a
2344 3304 2382 3339 n
2400 3286 2504 3339 fre
2521 3287 2555 3339 d
2577 3305 2614 3339 u
2633 3304 2675 3351 s,
2728 3286 2972 3339 Cesenae
3022 3289 3194 3342 1586:

1907 3357 1995 3412 J0.
2045 3359 2178 3410 Ant.
2231 3356 2432 3410 Gabu
2451 3357 2603 3410 tius
2654 3359 2781 3410 cler.
2826 3374 2940 3424 reg.
2980 3357 3196 3411 Romae

1912 3432 2050 3485 1605
2076 3429 2138 3480 in
2168 3429 2206 3482 f.
2235 3432 2293 3481 et
2320 3429 2380 3480 in
2409 3428 2567 3481 Actis
2593 3427 2686 3488 SS,
2714 3432 2764 3485 5.
2791 3428 2924 3496 Maj.
2953 3427 2996 3489 Ι,
3017 3433 3196 3484 617-

1909 3504 2042 3560 714ς
2081 3499 2193 3554 Gir.
2223 3497 2314 3553 Ca
2332 3501 2398 3554 te
2416 3518 2454 3552 n
2472 3516 2524 3563 a,
2566 3499 2664 3566 qui
2693 3500 2808 3551 fuit
2830 3502 3027 3552 sancto
3057 3515 3196 3567 pon-

1909 3570 2046 3624 tifici
2073 3587 2142 3624 ex
2167 3587 2352 3624 sorore
2392 3587 2566 3639 nepos
2608 3573 2665 3623 et
2702 3587 2736 3622 a
2776 3570 3019 3633 secretiS,
3063 3588 3195 3622 cum

1907 3642 2159 3709 ejusdem
2210 3640 2466 3710 epistolis
2516 3641 2735 3694 selectis
2786 3641 2860 3693 ad
2906 3640 3197 3709 principes

1906 3713 2115 3766 Romae
2148 3716 2284 3769 1586
2304 3713 2364 3764 in
2388 3716 2452 3770 4:
2482 3715 2651 3792 1587}
2692 3712 2848 3765 Alex.
2869 3711 3063 3765 Maffei
3091 3712 3197 3765 Ro·

1906 3800 2030 3836 mae
2058 3787 2197 3839 1712
2225 3784 2285 3835 in
2309 3788 2380 3847 4.,
2408 3784 2571 3852 cujus
2599 3784 2719 3835 vita
2745 3785 2803 3836 et
2827 3781 3120 3850 eleganter
3140 3785 3199 3836 et

1906 3856 2167 3907 accurate
2194 3853 2409 3922 scripta
2435 3853 2647 3906 dicitur
2672 3854 2743 3905 ab
2771 3853 2988 3906 Echard
3006 3854 3050 3916 1,
3071 3858 3196 3912 22ος

567 3946 661 3986 cas
694 3931 1010 4004 perniciem
1043 3930 1346 3990 Occidenti
1368 3931 1733 3989 intentantes
1753 3950 1850 3989 ex·
1905 3925 2142 3979 Falloux
2194 3924 2337 3977 Hisst·
2378 3925 2445 3978 (le
2485 3942 2530 3980 S·
2569 3924 2667 3977 Pie
2699 3925 2781 3989 V..
2821 3924 2978 3976 PariS
3021 3928 3194 3995 18463

569 4022 850 4077 tremam:
882 4039 990 4079 nec
1020 4019 1214 4077 defuit
1232 4020 1361 4093 ejus
1383 4018 1693 4078 conatibus
1715 4039 1849 4079 suc·
1907 3999 2047 4103 1838
2073 3995 2159 4050 ed.
2186 3999 2237 4050 3·
2265 3997 2370 4088 effi:
2411 3996 2504 4076 ,Cf·
2532 4012 2584 4049 V·
2611 3994 2778 4047 FUnk
2817 3994 2932 4052 ΚΒ·
2958 3994 3028 4075 ἶς’
3055 4000 3128 4053 54
3152 4016 3196 4052 ⁸·

2006 4073 2020 4134 )
2071 4066 2248 4119 Janus
2299 4067 2496 4119 hiems
2560 4065 2903 4133 Erythraeus
2965 4084 3029 4118 in
3095 4084 3196 4120 sua

568 4125 784 4176 cessa&
819 4127 953 4165 nam
987 4108 1177 4166 relata
1216 4107 1439 4182 inSigni
1484 4108 1730 4166 Victoria
1776 4109 1849 4167 ad
1906 4137 2193 4191 Pinacoth.
2223 4143 2274 4199 1,
2301 4142 2348 4192 1.
2377 4136 2652 4190 disserens
2681 4135 2749 4189 de
2765 4135 3195 4191 Navarridisci-

566 4195 900 4255 Echinadas
962 4196 1192 4254 insulas
1252 4196 1449 4254 navali
1511 4197 1700 4255 fracta
1760 4200 1850 4255 est
1904 4208 2073 4277 pulis,
2101 4208 2216 4262 ait:
2270 4206 2452 4271 „Quos
2492 4207 2642 4260 inter
2666 4205 2790 4259 Did.
2837 4207 3195 4262 Covarru·

568 4284 777 4342 saltem
829 4284 901 4342 ad
950 4288 1190 4358 tempus
1240 4302 1445 4343 eorum
1495 4289 1758 4359 potestas
1788 4290 1850 4343 et
1908 4280 2070 4360 bia?
2095 4278 2437 4347 magistrum
2465 4277 2857 4359 etiamssPf-''Pm
2881 4294 2999 4359 non
3027 4280 3195 4333 mini·

1904 4367 1995 4403 mo
2045 4348 2349 4403 intervallo
2399 4351 2705 4417 superavit,
2755 4366 2971 4416 ingemi
3033 4368 3195 4417 prae·

644 4424 680 4482 ¹)
704 4418 784 4470 (Τ.
827 4435 879 4470 v.
919 4417 1087 4471 Funk
1126 4417 1237 4471 KL.
1279 4418 1344 4483 X,
1385 4422 1614 4477 52—54.
1664 4419 1849 4473 Multa.
1903 4422 2134 4491 stantia,
2153 4420 2357 4491 judicii
2383 4419 2657 4482 acumine,
2684 4419 2984 4488 magisque
3005 4438 3191 4475 recon-

568 4489 851 4612 {iffieffie
873 4489 1211 4614 &suffit
1246 4490 1495 4616 533⁶&
1518 4492 1709 4616 ἔὲηἶῗι
1734 4491 1848 4616 ’.ἶὲῗῑ
1902 4489 3197 4617 3352sffffiffisssstssissffissrffiizo‘iffivffi‘iffi?

567 4588 765 4682 'ki'rient
791 4633 957 4685 unter
983 4601 1116 4686 Eius
1143 4631 1237 4697 IV,
1266 4631 1433 4686 Wien
1462 4639 1615 4694 1904.
1906 4651 2020 4703 quo
2037 4632 2272 4687 Martini
2303 4632 2457 4683 fama
2482 4630 3070 4699 pervenit,popularis
3097 4604 3197 4688 au3

642 4705 679 4763 2)
713 4701 795 4754 cf.
847 4702 1243 4768 Skibniewski,
1298 4703 1495 4760 Gesch.
1560 4706 1656 4761 des
1707 4711 1845 4759 r'om.
1903 4722 1996 4759 rae
2026 4705 2186 4758 favor
2211 4701 2410 4764 effecit,
2441 4701 2539 4768 qui
2559 4718 2672 4754 non
2689 4719 2868 4770 aeque
2883 4702 2997 4769 ipsi
3014 4709 3195 4774 atque

566 4769 975 4839 Katechismus,
1002 4775 1142 4829 Rom
1172 4779 1327 4834 1903.
1902 4776 1988 4828 illi
2014 4773 2293 4828 secundus
2320 4771 2587 4824 afflavit.“
