3625 5193
319 4843 376 4868 ἠ

375 4871 400 4892 κ

527 237 648 289 843

521 404 752 462 lumnia
800 403 853 461 ei
898 403 1156 477 impacta
1198 402 1273 458 ob
1321 419 1487 458 suam
1522 401 1805 477 Stegano-

523 491 828 569 graphiam
862 485 1089 572 (cf.11³‚
1118 485 1329 570 1168).
1365 489 1528 548 Obiit
1564 490 1804 553 28.0ct.

530 590 711 644 1634.
745 613 832 624 --
866 580 1131 638 Clemens
1163 579 1465 654 Rayner
1489 579 1554 639 Ο.
1577 578 1631 636 S.
1664 579 1802 636 Ben.

521 678 729 729 auctor
759 672 852 727 est
883 687 977 743 op.
1013 669 1388 742 Apostolatus
1406 667 1802 726 Benedictino-

519 777 652 817 rum
683 758 745 816 in
767 757 980 833 Anglia
1012 775 1117 815 seu
1138 756 1490 831 disceptatio
1524 756 1807 815 historica

517 848 588 905 de
620 847 980 922 antiquitate
1012 845 1135 904 ord.
1159 845 1372 903 Bened.
1398 846 1710 921 nigrorum
1743 845 1804 903 in

516 955 698 1013 regno
732 935 999 1011 Angliae.
1052 934 1356 994 Accedunt
1402 934 1668 993 concord.
1711 954 1801 993 re-

515 1026 637 1103 gul.
674 1044 717 1083 s.
742 1023 1032 1082 Dunstani
1054 1027 1115 1082 et
1136 1025 1361 1082 statuta
1384 1044 1435 1080 111
1445 1027 1632 1082 onast.
1653 1024 1800 1081 Lan·

519 1114 720 1185 franci,
755 1112 939 1171 Duaci
982 1122 1141 1175 1626
1181 1110 1282 1193 (m.
1316 1108 1444 1192 66).
1465 1146 1549 1155 —-
1572 1113 1803 1171 Marcus

519 1203 816 1262 Antonius
864 1201 1124 1276 Scipio
1172 1202 1234 1259 O.
1270 1200 1324 1259 S.
1373 1202 1513 1259 Ben.
1561 1202 1801 1260 Placen-

515 1292 679 1351 tinus
730 1291 917 1349 edidit
961 1290 1167 1367 Eloyia
1219 1293 1474 1348 omnium
1535 1290 1802 1349 abbatum

517 1381 667 1440 sacri
733 1379 1073 1438 monasterii
1136 1380 1483 1450 casinensiS,
1550 1378 1803 1454 Neapoli

521 1479 721 1538 163ος
755 1468 1051 1545 castigata
1082 1471 1142 1525 et
1173 1474 1347 1526 aucta
1393 1478 1570 1538 1643,
1612 1486 1801 1543 ‚opus

517 1559 769 1634 insigne,
818 1573 937 1614 non
972 1558 1205 1631 quidem
1251 1557 1580 1632 puerilibus
1626 1557 1801 1631 nugis

514 1646 817 1713 refertum,
867 1645 1068 1720 inquit
1102 1645 1484 1722 Ziegelbauer
1525 1645 1666 1708 hist.
1710 1646 1800 1704 lit.

517 1736 581 1797 Ο.
616 1735 671 1793 S.
704 1736 845 1792 Ben.
887 1733 985 1799 IV,
1043 1743 1186 1802 567,
1240 1737 1309 1793 ut
1359 1734 1684 1810 plurimum
1736 1753 1802 1792 ea

513 1826 864 1899 tempestate
915 1823 1105 1899 elogia
1156 1823 1426 1882 solebant
1477 1842 1636 1893 esse,
1700 1824 1800 1881 sed

513 1913 795 1971 historica
825 1912 1137 1986 majestate
1170 1916 1229 1970 et
1249 1913 1646 1987 pulcherrimo
1679 1914 1799 1970 elo-

512 2000 770 2059 cutionis
801 2004 1017 2059 ornatu
1050 2004 1451 2060 contextum.‘
1497 2001 1703 2077 Eloyia
1737 2002 1800 2059 in

513 2094 754 2149 centum
800 2090 1005 2148 heroas
1056 2091 1118 2148 Ο.
1154 2093 1206 2150 S.
1256 2092 1414 2162 Ben.,
1467 2090 1801 2149 Placentiae

519 2188 684 2241 1643
707 2222 720 2249 ‚
796 2197 947 2254 opus
1010 2179 1235 2254 pariter
1298 2180 1800 2238 commendatione

513 2268 782 2345 dignum.
822 2300 903 2311 —-
936 2268 1208 2344 Ignatius
1240 2269 1535 2327 Firminus
1577 2269 1648 2326 de
1684 2269 1798 2325 Hi—

505 2358 698 2431 bero
733 2356 796 2414 Ο.
841 2356 978 2417 Cist.
1030 2357 1374 2415 Durandum
1426 2358 1580 2433 apud
1633 2357 1797 2414 Com-

802 221 1170 274 16:21—1640.
1198 215 1448 269 Historia
1476 214 1754 269 ordinum.
1780 215 1982 285 Scipio,
2011 216 2077 269 de
2108 213 2329 278 Hiber0‚
2357 213 2713 283 Kapihorsky
2741 217 2840 267 etc.

3030 232 3159 282 844-

1862 401 2219 460 monasterio
2295 398 2718 475 welegradensi
2795 398 3149 457 adstrictum

1866 488 1926 571 (†
1968 500 2059 553 13.
2109 491 2240 552 Dec.
2302 486 2512 567 1621).
2577 487 2890 562 Adjecerat
2942 488 3155 546 seriem

1862 580 2142 638 abbatum
2207 577 2731 654 welegradensium
2795 572 3159 657 (ineditam).

1867 702 1948 710 -—
1983 668 2219 727 Simeon
2250 666 2605 726 Eustachius
2649 667 2703 723 K
2721 685 2756 724 a
2774 686 2810 741 p
2826 666 2846 723 i
2865 666 2901 723 h
2921 684 2953 723 o
2973 685 3002 723 r
3018 684 3043 723 s
3059 666 3097 723 k
3114 685 3152 740 y

1862 756 2307 833 Kuttenbergae
2358 756 2425 816 in
2475 754 2759 813 Bohemia
2810 755 2924 813 suh
2976 755 3153 813 finem

1863 864 1973 905 sec.
2008 845 2153 905 XVI.
2188 851 2368 904 natus
2400 844 2664 904 ordinem
2716 844 3155 902 cisterciensem

1861 938 1951 993 est
1981 935 2286 1011 ingressus
2319 955 2366 991 a.
2406 944 2589 996 1616.
2623 932 2986 991 Missionarii
3017 952 3148 991 mu·

1863 1043 1974 1082 nus
2006 1024 2071 1082 in
2102 1023 2380 1082 districtu
2413 1022 2731 1081 curimensi
2765 1022 2952 1098 gessit
2999 1025 3057 1080 et
3089 1022 3150 1080 in

1846 1113 2148 1182 >decanum
2182 1112 2350 1170 urbis
2383 1112 2651 1169 Curimae
2691 1110 2809 1168 fuit
2841 1115 3155 1185 promotus

1861 1201 2243 1276 ejusdemque
2298 1204 2573 1259 senatum
2621 1200 3030 1276 populumque
3077 1199 3151 1257 ad

1859 1290 2032 1349 fidem
2085 1290 2318 1348 reduxit
2369 1289 2582 1348 avitam
2633 1285 2875 1367 (1627).
2933 1288 3155 1347 Factus

1860 1379 2001 1437 dein
2033 1382 2124 1438 est
2155 1379 2410 1438 decanus
2444 1378 2871 1436 chlumecensis
2904 1373 3153 1458 (1630).

1860 1470 1930 1527 111
1980 1468 2326 1526 coenobium
2377 1470 2685 1525 revocatus
2736 1466 3003 1541 ejusdem
3048 1466 3146 1523 ad-

1861 1556 2322 1615 ministratorem
2364 1557 2503 1633 egit.
2551 1554 2678 1623 Quo
2727 1575 2881 1614 anno
2914 1555 3149 1624 obierit,

1860 1664 1976 1705 non
2024 1646 2230 1721 liquet.
2297 1645 2546 1721 Scripsit
2596 1645 2896 1702 historiam
2949 1663 3155 1703 mona·

1860 1736 2030 1794 sterii
2061 1736 2154 1793 sui
2201 1734 2555 1794 sedlecensis
2604 1733 2677 1791 ab
2726 1732 2991 1807 ejusdem
3038 1733 3155 1789 ori·

1858 1826 1997 1901 gine
2029 1843 2078 1886 a.
2122 1832 2553 1887 1143—1628
2611 1821 2935 1880 secundum
2969 1821 3149 1879 abba-

1858 1916 1985 1971 tum
2009 1913 2454 1982 successionem,
2491 1912 2594 1970 sed
2615 1910 2829 1969 merito
2852 1910 3155 1969 historicis

1857 2020 1951 2061 res
1985 2001 2209 2078 patrias
2257 2001 2679 2060 universaliter
2728 1999 3147 2075 pertractanti·

1857 2091 1968 2149 bus
2000 2091 2293 2149 accenseri
2336 2093 2552 2165 potest.
2593 2088 2818 2146 Prodiit
2850 2090 2886 2146 l.
2923 2084 3145 2167 (rarus)

1858 2180 2078 2256 Pragae
2120 2190 2281 2242 1630
2318 2178 2383 2235 111
2406 2180 2437 2239 f.
2474 2178 2621 2237 Jure
2653 2181 2852 2236 autem
2884 2180 3147 2244 nota-tur,

1857 2268 2015 2343 quod
2067 2268 2244 2326 nimis
2293 2274 2511 2343 aperte,
2560 2267 2711 2325 forte
2763 2265 3137 2335 calumniose,

1859 2358 2084 2432 absque
2117 2356 2464 2415 necessitate
2499 2355 2647 2415 male
2675 2359 2846 2430 gesta
2878 2355 3146 2413 abbatum

506 2446 818 2522 plutenses
858 2446 1370 2519 interpretabatur
1418 2447 1799 2519 laureamque
1852 2448 2219 2522 fratrumque
2251 2446 2506 2522 detegat,
2542 2445 2685 2504 adeo
2704 2451 2776 2502 ut
2809 2463 2876 2501 ea
2896 2443 3147 2503 historia

505 2534 801 2612 theologis
825 2534 1145 2591 solemnem
1167 2536 1405 2600 tulerat,
1442 2555 1571 2593 cum
1608 2533 1796 2592 aPhi-
1856 2535 2130 2593 videatur
2213 2553 2362 2610 opus
2454 2534 2760 2610 apostatae
2847 2532 3142 2591 sedlecen-

505 2626 673 2700 lippo
694 2623 769 2686 ΙΙ.
806 2624 1188 2681 renunciatus
1222 2625 1409 2682 estin
1442 2630 1797 2699 perpetuum
1857 2625 1936 2684 sis
1989 2626 2081 2682 vel
2134 2624 2393 2682 hominis
2445 2624 2672 2682 haeresi
2726 2619 3004 2703 insecti1).
3057 2655 3145 2664 —

504 2712 710 2780 Fiteri,
776 2710 935 2785 quod
989 2713 1213 2769 celebre
1259 2716 1350 2770 est
1396 2714 1796 2772 Navarrorum
1854 2714 2112 2771 Joannes
2150 2714 2463 2771 Dressel
2496 2713 2558 2771 O.
2586 2712 2725 2770 Cist.
2761 2712 2941 2769 abbas
2973 2712 3145 2769 ebra·

506 2800 879 2869 coenobium,
929 2800 1127 2858 abbas.
1177 2802 1259 2859 De
1306 2801 1532 2859 ordinis
1582 2802 1674 2858 sui
1711 2803 1794 2860 hi·
1856 2802 2047 2862 censis
2102 2799 2162 2882 (†
2217 2812 2269 2864 5.
2321 2805 2461 2877 Apr.
2524 2798 2714 2880 1637)
2767 2800 3144 2860 concinnavit

508 2890 698 2947 storia
744 2887 1035 2945 sollicitus
1068 2889 1436 2948 Bernardum
1471 2890 1795 2965 Villalpan-
1854 2893 2151 2966 Dianium,
2204 2891 2266 2949 in
2318 2909 2434 2965 quo
2487 2890 2578 2948 sui
2627 2889 2972 2948 monasterii
3020 2889 3145 2946 fata

508 2979 650 3034 dum
685 2976 944 3036 sodalem
977 2979 1249 3052 expensis
1298 2979 1422 3037 suis
1456 2999 1559 3054 per
1601 2980 1798 3037 omnia
1852 2985 2059 3038 narrat
2092 2985 2358 3054 tempore
2392 2979 2720 3037 tristissimi
2746 2978 2890 3037 belli
2923 2978 3142 3036 tricen-

508 3065 725 3125 Galliae
745 3067 1104 3124 monasteria
1120 3068 1526 3138 circummisit,
1555 3070 1796 3126 uthunc
1853 3069 2005 3127 narii
2040 3067 2140 3145 (ab
2176 3090 2224 3127 a.
2267 3063 2658 3150 1631--35),
2693 3067 2850 3141 quod
2886 3068 3142 3142 primum

507 3157 568 3213 in
600 3155 778 3213 finem
811 3154 1114 3231 colligeret
1149 3162 1544 3216 monumenta.
1597 3157 1797 3214 Edidit
1853 3158 2048 3233 coepit
2078 3157 2248 3216 edere
2280 3157 2372 3215 Fr.
2406 3156 2670 3215 Hiittner
2701 3157 2764 3214 in
2798 3156 3048 3214 Studien
3077 3174 3136 3212 u.

506 3243 840 3303 Exordium
888 3246 1074 3302 'ninus
1124 3242 1220 3326 (ut
1269 3242 1513 3327 vocant)⁸
1558 3246 1619 3304 Ο.
1654 3245 1794 3305 Cist.
1854 3247 2127 3306 Mittheil.
2175 3265 2281 3304 aus
2314 3245 2447 3304 dem
2479 3247 2647 3303 Ben.·
2682 3265 2739 3308 u.
2774 3244 2908 3303 Cist.
2945 3244 3140 3302 Orden

507 3334 783 3409 pluribus
816 3333 956 3391 locis
976 3336 1213 3393 auctum
1249 3338 1309 3392 et
1334 3335 1494 3393 not-is
1528 3335 1794 3393 illustra·
1854 3335 2036 3393 XXVI
2068 3330 2320 3417 (1905),
2358 3346 2389 3397 7
2401 3345 2433 3395 6
2459 3353 2532 3395 ss

507 3427 656 3490 tum,
691 3423 734 3479 F
738 3421 875 3480 iteri
918 3432 1114 3488 161ος
1169 3423 1438 3482 Exordia
1470 3445 1514 3482 s.
1557 3423 1619 3481 0.
1658 3423 1793 3485 Cist.

508 3512 762 3569 alterum
797 3531 831 3569 a
863 3527 906 3568 s.
941 3512 1216 3585 RobertO,
1265 3532 1306 3569 s,
1341 3512 1613 3572 Alberico
1658 3517 1719 3571 et
1751 3532 1792 3570 S.
1945 3523 2085 3575 353.
2123 3512 2578 3587 christophorus
2612 3511 2990 3570 Besoldus
3014 3510 3129 3566 Tu·

508 3601 803 3675 Stephano
847 3599 1074 3675 pridem
1107 3602 1374 3677 ejusdem
1423 3601 1545 3663 ord.
1580 3602 1794 3660 funda·
1852 3603 2158 3678 bingensis
2190 3621 2247 3662 n.
2291 3611 2407 3664 157
2422 3612 2474 3670 7,
2529 3602 2589 3658 in
2622 3601 2812 3675 patria
2843 3597 3137 3656 academia

507 3689 737 3746 toribus
783 3691 920 3745 ante
971 3698 1092 3751 500
1139 3710 1206 3758 a.‚
1260 3691 1514 3749 alterum
1563 3695 1700 3749 ante
1744 3711 1792 3749 a.
1844 3691 1998 3765 juris
2060 3691 2352 3767 professor
2422 3708 2669 3766 magnae
2746 3686 3131 3753 auctoritatis,

512 3787 636 3838 400
691 3778 764 3833 ab
815 3794 1107 3852 anonymo
1162 3779 1441 3837 hactenus
1513 3780 1795 3838 monacho
1852 3780 2137 3839 diuturno
2171 3781 2231 3837 et
2281 3778 2557 3855 diligenti
2606 3797 2650 3836 s,
2684 3778 3020 3852 Scripturas
3079 3783 3141 3832 et

511 3864 932 3931 claravallensi,
969 3865 1070 3922 sed
1096 3884 1296 3924 revera
1328 3887 1362 3924 a
1395 3886 1437 3924 s.
1462 3867 1793 3925 Helinando
1852 3887 2095 3944 operum
2118 3887 2192 3929 ss,
2228 3871 2463 3943 patrum
2487 3866 2707 3935 studio,
2743 3866 2989 3924 lectione
3012 3865 3135 3938 pio-

510 3956 781 4009 accurate
806 3953 1152 4027 conscripta,
1200 3955 1586 4028 Pampelonae
1630 3966 1782 4017 1621
1852 3977 1986 4015 rum
2022 3958 2324 4022 librorum,
2362 3957 2423 4014 in
2444 3956 2654 4031 primis
2688 3955 2873 4013 libelli
2902 3954 2973 4011 de
3007 3953 3140 4009 imi-

515 4037 709 4113 (juxta
727 4039 797 4094 N.
832 4040 1162 4098 Antonium
1188 4040 1398 4121 1631),
1431 4061 1578 4117 opus
1594 4044 1793 4102 admo·
1851 4047 2074 4105 tatione
2108 4046 2339 4116 Christi,
2395 4049 2455 4103 et
2501 4045 2781 4102 familiari
2828 4061 3137 4101 conversa-

514 4126 656 4183 dum
679 4145 895 4186 rarum.
918 4161 1003 4169 —
1024 4128 1090 4185 In
1114 4129 1362 4188 Studien
1382 4131 1505 4189 und
1522 4133 1793 4195 Mittheil.
1852 4136 2012 4193 tione
2045 4153 2176 4194 cum
2212 4134 2614 4193 sacerdotibus
2646 4132 2950 4191 catholicis
2987 4131 3137 4188 veri-

511 4232 618 4272 aus
644 4213 1790 4304 (16018611.-1111110131.-Ο.ΧΧΙΙ(1901),
1851 4227 2033 4282 tatem
2087 4224 2333 4299 agnovit
2383 4222 2517 4280 fidei
2569 4222 2908 4288 catholicae,
2962 4239 3137 4294 quam

516 4312 813 4367 418—27
869 4310 929 4363 et
980 4315 1324 4370 599-610
1377 4310 1602 4384 prodiit
1653 4329 1795 4369 cura
1851 4313 2029 4370 etiam
2083 4320 2174 4370 est
2224 4312 2527 4387 amplexus
2580 4307 2821 4388 (1630),
2876 4327 3137 4382 suaeque

513 4393 576 4449 B.
611 4394 884 4452 Bretssholz
904 4394 1198 4455 Moraviae
1221 4397 1547 4457 archivario
1576 4399 1794 4458 Tabula
1849 4401 2248 4459 conversionis
2283 4401 2573 4459 rationem
2604 4399 2862 4458 reddidit
2893 4399 2953 4455 in
3003 4416 3125 4471 op.:

512 4485 765 4540 omnium
798 4487 1277 4544 monasteriorum
1306 4505 1350 4543 s.
1389 4487 1450 4543 Ο.
1484 4487 1618 4546 Cist.
1653 4506 1791 4546 con-
1854 4489 2156 4548 Claristlich
2206 4491 2321 4547 und
2366 4488 2671 4547 erhebliclze
2706 4488 2966 4559 Motiven,
3016 4505 3134 4542 wa-

514 4570 732 4642 scripta
775 4591 879 4646 per
923 4573 1166 4632 fratrem
1212 4574 1250 4632 J
1267 4593 1580 4634 oannem
1613 4578 1789 4636 Roza-
1850 4579 2023 4637 rumb
2042 4579 2171 4636 Chr.
2190 4575 3007 4636 Bessold...vornehmblich
3029 4572 3133 4629 da-

513 4676 754 4715 nensem
806 4661 948 4718 olim
1011 4662 1341 4737 professum
1407 4666 1788 4724 coronovien·

517 4765 672 4806 sem.
737 4767 893 4806 nunc
944 4768 1081 4809 vero
1132 4751 1501 4811 obedientiae
1553 4755 1790 4813 vinculo

1925 4771 1963 4828 ¹)
1997 4764 2271 4819 Balbinus
2300 4764 2437 4819 Boh.
2466 4765 2663 4819 doctae
2691 4764 2759 4828 11,
2786 4767 2872 4820 93.
