<?xml version="1.0" encoding="UTF-8"?>
<!DOCTYPE html PUBLIC "-//W3C//DTD XHTML 1.0 Transitional//EN"
    "http://www.w3.org/TR/xhtml1/DTD/xhtml1-transitional.dtd">
<html xmlns="http://www.w3.org/1999/xhtml" xml:lang="en" lang="en">
 <head>
  <title>
</title>
<meta http-equiv="Content-Type" content="text/html;charset=utf-8" />
  <meta name='ocr-system' content='tesseract 3.04.00' />
  <meta name='ocr-capabilities' content='ocr_page ocr_carea ocr_par ocr_line ocrx_word'/>
</head>
<body>
  <div class='ocr_page' id='page_1' title='image "./nomenclatorlite11hurtgoog_0337.png"; bbox 0 0 3625 5193; ppageno 0'>
   <div class='ocr_carea' id='block_1_1' title="bbox 416 252 3051 1319">
    <p class='ocr_par' dir='ltr' id='par_1_1' title="bbox 416 252 3051 1319">
     <span class='ocr_line' id='line_1_1' title="bbox 421 252 3043 329; baseline -0.01 0"><span class='ocrx_word' id='word_1_1' title='bbox 421 275 543 329; x_wconf 75' lang='lat'><strong>657</strong></span> <span class='ocrx_word' id='word_1_2' title='bbox 1086 255 1378 321; x_wconf 59' lang='lat' dir='ltr'><strong>Ozomenes,</strong></span> <span class='ocrx_word' id='word_1_3' title='bbox 1406 254 1459 308; x_wconf 88' lang='lat' dir='ltr'>N</span> <span class='ocrx_word' id='word_1_4' title='bbox 1464 255 1736 319; x_wconf 85' lang='lat' dir='ltr'><strong>avarette,</strong></span> <span class='ocrx_word' id='word_1_5' title='bbox 1767 252 1977 317; x_wconf 85' lang='lat' dir='ltr'><strong>Verdu,</strong></span> <span class='ocrx_word' id='word_1_6' title='bbox 2005 253 2240 307; x_wconf 87' lang='lat' dir='ltr'><strong>Herrera</strong></span> <span class='ocrx_word' id='word_1_7' title='bbox 2267 255 2369 306; x_wconf 87' lang='lat' dir='ltr'><strong>etc.</strong></span> <span class='ocrx_word' id='word_1_8' title='bbox 2921 269 3043 323; x_wconf 70' lang='lat'><strong>553</strong></span> 
     </span>
     <span class='ocr_line' id='line_1_2' title="bbox 416 438 3047 524; baseline -0.002 -22"><span class='ocrx_word' id='word_1_9' title='bbox 416 462 599 502; x_wconf 86' lang='lat' dir='ltr'><strong>annes</strong></span> <span class='ocrx_word' id='word_1_10' title='bbox 634 440 1064 520; x_wconf 72' lang='lat' dir='ltr'><strong>Gonzales1)</strong></span> <span class='ocrx_word' id='word_1_11' title='bbox 1098 441 1184 500; x_wconf 92' lang='lat' dir='ltr'><strong>de</strong></span> <span class='ocrx_word' id='word_1_12' title='bbox 1216 444 1262 500; x_wconf 88' lang='lat' dir='ltr'>A</span> <span class='ocrx_word' id='word_1_13' title='bbox 1283 444 1304 500; x_wconf 96' lang='lat' dir='ltr'><strong>l</strong></span> <span class='ocrx_word' id='word_1_14' title='bbox 1324 442 1551 501; x_wconf 89' lang='lat' dir='ltr'><strong>belda</strong></span> <span class='ocrx_word' id='word_1_15' title='bbox 1583 438 1702 524; x_wconf 91' lang='lat' dir='ltr'><strong>(vel</strong></span> <span class='ocrx_word' id='word_1_16' title='bbox 1758 442 1915 500; x_wconf 80' lang='lat' dir='ltr'><strong>xima</strong></span> <span class='ocrx_word' id='word_1_17' title='bbox 1945 442 2203 501; x_wconf 91' lang='lat' dir='ltr'><strong>nominis</strong></span> <span class='ocrx_word' id='word_1_18' title='bbox 2235 440 2330 499; x_wconf 88' lang='lat' dir='ltr'><strong>sui</strong></span> <span class='ocrx_word' id='word_1_19' title='bbox 2363 439 2518 497; x_wconf 85' lang='lat' dir='ltr'><strong>fama</strong></span> <span class='ocrx_word' id='word_1_20' title='bbox 2543 438 2898 515; x_wconf 89' lang='lat' dir='ltr'><strong>fungeretur</strong></span> <span class='ocrx_word' id='word_1_21' title='bbox 2916 458 3047 496; x_wconf 92' lang='lat' dir='ltr'><strong>mu·</strong></span> 
     </span>
     <span class='ocr_line' id='line_1_3' title="bbox 418 526 3046 611; baseline -0.003 -20"><span class='ocrx_word' id='word_1_22' title='bbox 418 529 691 611; x_wconf 84' lang='lat' dir='ltr'><strong>Alvelda)</strong></span> <span class='ocrx_word' id='word_1_23' title='bbox 726 533 1042 590; x_wconf 83' lang='lat' dir='ltr'><strong>Navarette</strong></span> <span class='ocrx_word' id='word_1_24' title='bbox 1087 535 1264 590; x_wconf 87' lang='lat' dir='ltr'><strong>natus</strong></span> <span class='ocrx_word' id='word_1_25' title='bbox 1311 532 1372 590; x_wconf 90' lang='lat' dir='ltr'><strong>in</strong></span> <span class='ocrx_word' id='word_1_26' title='bbox 1420 532 1702 591; x_wconf 88' lang='lat' dir='ltr'><strong>dioecesis</strong></span> <span class='ocrx_word' id='word_1_27' title='bbox 1758 550 1899 591; x_wconf 91' lang='lat' dir='ltr'><strong>nere</strong></span> <span class='ocrx_word' id='word_1_28' title='bbox 1930 529 2003 589; x_wconf 92' lang='lat' dir='ltr'><strong>ad</strong></span> <span class='ocrx_word' id='word_1_29' title='bbox 2050 530 2385 589; x_wconf 76' lang='lat' dir='ltr'><strong>cathedram</strong></span> <span class='ocrx_word' id='word_1_30' title='bbox 2418 529 2703 587; x_wconf 90' lang='lat' dir='ltr'><strong>ecclesiae</strong></span> <span class='ocrx_word' id='word_1_31' title='bbox 2734 526 3046 586; x_wconf 88' lang='lat' dir='ltr'><strong>dertusen-</strong></span> 
     </span>
     <span class='ocr_line' id='line_1_4' title="bbox 420 613 3048 697; baseline -0.002 -18"><span class='ocrx_word' id='word_1_32' title='bbox 420 622 856 696; x_wconf 83' lang='lat' dir='ltr'><strong>calaguritanae</strong></span> <span class='ocrx_word' id='word_1_33' title='bbox 918 620 1150 697; x_wconf 90' lang='lat' dir='ltr'><strong>oppido,</strong></span> <span class='ocrx_word' id='word_1_34' title='bbox 1214 621 1318 696; x_wconf 87' lang='lat' dir='ltr'><strong>qui</strong></span> <span class='ocrx_word' id='word_1_35' title='bbox 1387 623 1704 697; x_wconf 78' lang='lat' dir='ltr'><strong>postquam</strong></span> <span class='ocrx_word' id='word_1_36' title='bbox 1761 621 1842 679; x_wconf 91' lang='lat' dir='ltr'><strong>sis</strong></span> <span class='ocrx_word' id='word_1_37' title='bbox 1875 613 2271 696; x_wconf 57' lang='lat' dir='ltr'><strong>theologalem&#39;</strong></span> <span class='ocrx_word' id='word_1_38' title='bbox 2299 621 2542 677; x_wconf 89' lang='lat' dir='ltr'><strong>vocatus</strong></span> <span class='ocrx_word' id='word_1_39' title='bbox 2574 621 2683 688; x_wconf 83' lang='lat' dir='ltr'><strong>est,</strong></span> <span class='ocrx_word' id='word_1_40' title='bbox 2716 635 2894 691; x_wconf 88' lang='lat' dir='ltr'><strong>quam</strong></span> <span class='ocrx_word' id='word_1_41' title='bbox 2915 616 3048 675; x_wconf 82' lang='lat' dir='ltr'><strong>obi-</strong></span> 
     </span>
     <span class='ocr_line' id='line_1_5' title="bbox 419 705 3045 785; baseline -0.003 -16"><span class='ocrx_word' id='word_1_42' title='bbox 419 711 597 769; x_wconf 88' lang='lat' dir='ltr'><strong>variis</strong></span> <span class='ocrx_word' id='word_1_43' title='bbox 629 710 691 769; x_wconf 92' lang='lat' dir='ltr'><strong>in</strong></span> <span class='ocrx_word' id='word_1_44' title='bbox 709 710 1045 785; x_wconf 89' lang='lat' dir='ltr'><strong>provinciae</strong></span> <span class='ocrx_word' id='word_1_45' title='bbox 1066 727 1209 768; x_wconf 89' lang='lat' dir='ltr'><strong>suae</strong></span> <span class='ocrx_word' id='word_1_46' title='bbox 1244 710 1385 769; x_wconf 87' lang='lat' dir='ltr'><strong>locis</strong></span> <span class='ocrx_word' id='word_1_47' title='bbox 1418 714 1478 768; x_wconf 91' lang='lat' dir='ltr'><strong>et</strong></span> <span class='ocrx_word' id='word_1_48' title='bbox 1511 710 1702 768; x_wconf 87' lang='lat' dir='ltr'><strong>domi-</strong></span> <span class='ocrx_word' id='word_1_49' title='bbox 1762 710 1850 768; x_wconf 90' lang='lat' dir='ltr'><strong>vit</strong></span> <span class='ocrx_word' id='word_1_50' title='bbox 1884 709 2056 768; x_wconf 87' lang='lat' dir='ltr'><strong>annis</strong></span> <span class='ocrx_word' id='word_1_51' title='bbox 2089 707 2364 784; x_wconf 85' lang='lat' dir='ltr'><strong>pluribus</strong></span> <span class='ocrx_word' id='word_1_52' title='bbox 2414 726 2546 765; x_wconf 91' lang='lat' dir='ltr'><strong>cum</strong></span> <span class='ocrx_word' id='word_1_53' title='bbox 2579 706 2844 765; x_wconf 88' lang='lat' dir='ltr'><strong>omnium</strong></span> <span class='ocrx_word' id='word_1_54' title='bbox 2875 705 3045 780; x_wconf 86' lang='lat' dir='ltr'><strong>plau-</strong></span> 
     </span>
     <span class='ocr_line' id='line_1_6' title="bbox 418 790 3049 879; baseline -0.003 -22"><span class='ocrx_word' id='word_1_55' title='bbox 418 799 533 857; x_wconf 87' lang='lat' dir='ltr'><strong>bus</strong></span> <span class='ocrx_word' id='word_1_56' title='bbox 566 800 855 857; x_wconf 88' lang='lat' dir='ltr'><strong>humanas</strong></span> <span class='ocrx_word' id='word_1_57' title='bbox 901 799 1252 874; x_wconf 85' lang='lat' dir='ltr'><strong>divinasque</strong></span> <span class='ocrx_word' id='word_1_58' title='bbox 1284 799 1490 858; x_wconf 89' lang='lat' dir='ltr'><strong>literas</strong></span> <span class='ocrx_word' id='word_1_59' title='bbox 1519 798 1702 857; x_wconf 89' lang='lat' dir='ltr'><strong>tradi·</strong></span> <span class='ocrx_word' id='word_1_60' title='bbox 1761 818 1832 858; x_wconf 87' lang='lat' dir='ltr'><strong>su</strong></span> <span class='ocrx_word' id='word_1_61' title='bbox 1862 793 1941 879; x_wconf 61' lang='lat' dir='ltr'><strong>[et</strong></span> <span class='ocrx_word' id='word_1_62' title='bbox 1989 798 2190 856; x_wconf 83' lang='lat' dir='ltr'><strong>fructu</strong></span> <span class='ocrx_word' id='word_1_63' title='bbox 2234 793 2295 879; x_wconf 84' lang='lat'><strong>(†</strong></span> <span class='ocrx_word' id='word_1_64' title='bbox 2345 814 2392 854; x_wconf 92' lang='lat' dir='ltr'><strong>c.</strong></span> <span class='ocrx_word' id='word_1_65' title='bbox 2442 817 2493 857; x_wconf 87' lang='lat' dir='ltr'><strong>a.</strong></span> <span class='ocrx_word' id='word_1_66' title='bbox 2533 790 2743 875; x_wconf 89' lang='grc'>1626).</span> <span class='ocrx_word' id='word_1_67' title='bbox 2805 795 3049 852; x_wconf 79' lang='lat' dir='ltr'><strong>Praeter</strong></span> 
     </span>
     <span class='ocr_line' id='line_1_7' title="bbox 419 883 3048 969; baseline -0.002 -24"><span class='ocrx_word' id='word_1_68' title='bbox 419 888 525 958; x_wconf 82' lang='lat' dir='ltr'><strong>dit,</strong></span> <span class='ocrx_word' id='word_1_69' title='bbox 560 889 803 946; x_wconf 87' lang='lat' dir='ltr'><strong>Romam</strong></span> <span class='ocrx_word' id='word_1_70' title='bbox 849 889 1073 946; x_wconf 88' lang='lat' dir='ltr'><strong>accitus</strong></span> <span class='ocrx_word' id='word_1_71' title='bbox 1121 883 1348 969; x_wconf 89' lang='grc'>(1608)</span> <span class='ocrx_word' id='word_1_72' title='bbox 1397 888 1632 964; x_wconf 85' lang='lat' dir='ltr'><strong>collegii</strong></span> <span class='ocrx_word' id='word_1_73' title='bbox 1661 907 1704 946; x_wconf 77' lang='lat' dir='ltr'><strong>s,</strong></span> <span class='ocrx_word' id='word_1_74' title='bbox 1761 889 1877 946; x_wconf 88' lang='lat' dir='ltr'><strong>alia</strong></span> <span class='ocrx_word' id='word_1_75' title='bbox 1908 887 2149 961; x_wconf 76' lang='lat' dir='ltr'><strong>scripsit</strong></span> <span class='ocrx_word' id='word_1_76' title='bbox 2196 885 2544 945; x_wconf 81' lang='lat' dir='ltr'>relectiones</span> <span class='ocrx_word' id='word_1_77' title='bbox 2594 885 2756 954; x_wconf 90' lang='lat' dir='ltr'><strong>duas,</strong></span> <span class='ocrx_word' id='word_1_78' title='bbox 2803 884 3048 941; x_wconf 86' lang='lat' dir='ltr'><strong>alteram</strong></span> 
     </span>
     <span class='ocr_line' id='line_1_8' title="bbox 419 973 3048 1053; baseline -0.002 -18"><span class='ocrx_word' id='word_1_79' title='bbox 419 977 674 1037; x_wconf 86' lang='lat' dir='ltr'><strong>Thomae</strong></span> <span class='ocrx_word' id='word_1_80' title='bbox 706 978 779 1034; x_wconf 81' lang='lat' dir='ltr'><strong>ad</strong></span> <span class='ocrx_word' id='word_1_81' title='bbox 811 977 1134 1035; x_wconf 85' lang='lat' dir='ltr'><strong>Minervam</strong></span> <span class='ocrx_word' id='word_1_82' title='bbox 1156 995 1365 1053; x_wconf 91' lang='lat' dir='ltr'><strong>regens</strong></span> <span class='ocrx_word' id='word_1_83' title='bbox 1385 977 1704 1036; x_wconf 79' lang='lat' dir='ltr'><strong>institutus</strong></span> <span class='ocrx_word' id='word_1_84' title='bbox 1760 984 1961 1036; x_wconf 80' lang='lat' dir='ltr'><strong>contra</strong></span> <span class='ocrx_word' id='word_1_85' title='bbox 2023 977 2317 1034; x_wconf 79' lang='lat' dir='ltr'><strong>scientiam</strong></span> <span class='ocrx_word' id='word_1_86' title='bbox 2380 974 2630 1031; x_wconf 79' lang='lat' dir='ltr'><strong>mediam</strong></span> <span class='ocrx_word' id='word_1_87' title='bbox 2691 977 2751 1031; x_wconf 93' lang='lat' dir='ltr'><strong>et</strong></span> <span class='ocrx_word' id='word_1_88' title='bbox 2804 973 3048 1031; x_wconf 86' lang='lat' dir='ltr'><strong>alteram</strong></span> 
     </span>
     <span class='ocr_line' id='line_1_9' title="bbox 420 1063 3045 1141; baseline -0.002 -18"><span class='ocrx_word' id='word_1_89' title='bbox 420 1070 511 1124; x_wconf 92' lang='lat' dir='ltr'><strong>est</strong></span> <span class='ocrx_word' id='word_1_90' title='bbox 560 1066 899 1141; x_wconf 74' lang='lat' dir='ltr'><strong>primariae,</strong></span> <span class='ocrx_word' id='word_1_91' title='bbox 964 1069 1024 1124; x_wconf 92' lang='lat' dir='ltr'><strong>et</strong></span> <span class='ocrx_word' id='word_1_92' title='bbox 1073 1068 1211 1141; x_wconf 93' lang='lat' dir='ltr'><strong>post</strong></span> <span class='ocrx_word' id='word_1_93' title='bbox 1259 1066 1584 1125; x_wconf 89' lang='lat' dir='ltr'><strong>triennium</strong></span> <span class='ocrx_word' id='word_1_94' title='bbox 1643 1067 1706 1124; x_wconf 90' lang='lat' dir='ltr'><strong>in</strong></span> <span class='ocrx_word' id='word_1_95' title='bbox 1752 1083 1872 1140; x_wconf 80' lang='lat' dir='ltr'><strong>pro</strong></span> <span class='ocrx_word' id='word_1_96' title='bbox 1935 1066 2192 1138; x_wconf 81' lang='lat' dir='ltr'><strong>efficacia</strong></span> <span class='ocrx_word' id='word_1_97' title='bbox 2268 1064 2596 1122; x_wconf 77' lang='lat' dir='ltr'><strong>divinorum</strong></span> <span class='ocrx_word' id='word_1_98' title='bbox 2669 1063 3045 1129; x_wconf 80' lang='lat' dir='ltr'><strong>auxiliorum,</strong></span> 
     </span>
     <span class='ocr_line' id='line_1_10' title="bbox 421 1151 3051 1230; baseline 0.001 -18"><span class='ocrx_word' id='word_1_99' title='bbox 421 1155 764 1230; x_wconf 87' lang='lat' dir='ltr'><strong>Hispaniam</strong></span> <span class='ocrx_word' id='word_1_100' title='bbox 812 1155 996 1212; x_wconf 84' lang='lat' dir='ltr'>redux</span> <span class='ocrx_word' id='word_1_101' title='bbox 1030 1156 1280 1230; x_wconf 87' lang='lat' dir='ltr'><strong>primam</strong></span> <span class='ocrx_word' id='word_1_102' title='bbox 1326 1156 1390 1213; x_wconf 90' lang='lat' dir='ltr'><strong>in</strong></span> <span class='ocrx_word' id='word_1_103' title='bbox 1437 1156 1705 1230; x_wconf 89' lang='lat' dir='ltr'><strong>complu·</strong></span> <span class='ocrx_word' id='word_1_104' title='bbox 1761 1155 2089 1213; x_wconf 85' lang='lat' dir='ltr'><strong>Barcinone</strong></span> <span class='ocrx_word' id='word_1_105' title='bbox 2132 1165 2292 1216; x_wconf 89' lang='grc'>1610</span> <span class='ocrx_word' id='word_1_106' title='bbox 2329 1153 2389 1210; x_wconf 87' lang='lat' dir='ltr'><strong>in</strong></span> <span class='ocrx_word' id='word_1_107' title='bbox 2419 1163 2475 1214; x_wconf 90' lang='lat'><strong>4.</strong></span> <span class='ocrx_word' id='word_1_108' title='bbox 2509 1186 2595 1195; x_wconf 91' lang='lat'>—</span> <span class='ocrx_word' id='word_1_109' title='bbox 2628 1151 2735 1209; x_wconf 80' lang='lat' dir='ltr'><strong>His</strong></span> <span class='ocrx_word' id='word_1_110' title='bbox 2768 1151 3051 1209; x_wconf 79' lang='lat' dir='ltr'>celebrior</span> 
     </span>
     <span class='ocr_line' id='line_1_11' title="bbox 418 1239 3049 1319; baseline -0.002 -18"><span class='ocrx_word' id='word_1_111' title='bbox 418 1244 578 1301; x_wconf 87' lang='lat' dir='ltr'><strong>tensi</strong></span> <span class='ocrx_word' id='word_1_112' title='bbox 638 1243 935 1302; x_wconf 81' lang='lat' dir='ltr'><strong>academia</strong></span> <span class='ocrx_word' id='word_1_113' title='bbox 981 1243 1316 1319; x_wconf 76' lang='lat' dir='ltr'>theologiae</span> <span class='ocrx_word' id='word_1_114' title='bbox 1367 1243 1704 1302; x_wconf 79' lang='lat' dir='ltr'><strong>cathedram</strong></span> <span class='ocrx_word' id='word_1_115' title='bbox 1762 1249 1855 1302; x_wconf 86' lang='lat' dir='ltr'><strong>est</strong></span> <span class='ocrx_word' id='word_1_116' title='bbox 1905 1244 2118 1301; x_wconf 88' lang='lat' dir='ltr'><strong>Petrus</strong></span> <span class='ocrx_word' id='word_1_117' title='bbox 2170 1244 2241 1299; x_wconf 89' lang='lat' dir='ltr'><strong>de</strong></span> <span class='ocrx_word' id='word_1_118' title='bbox 2293 1243 2629 1300; x_wconf 87' lang='lat' dir='ltr'><strong>Herrera</strong></span> <span class='ocrx_word' id='word_1_119' title='bbox 2680 1239 3049 1315; x_wconf 83' lang='lat' dir='ltr'><strong>Hispalensis</strong></span> 
     </span>
    </p>
   </div>
   <div class='ocr_carea' id='block_1_2' title="bbox 423 1327 3047 1413">
    <p class='ocr_par' dir='ltr' id='par_1_2' title="bbox 423 1327 3047 1413">
     <span class='ocr_line' id='line_1_12' title="bbox 423 1327 3047 1413; baseline -0.003 -22"><span class='ocrx_word' id='word_1_120' title='bbox 423 1332 756 1407; x_wconf 83' lang='lat' dir='ltr'><strong>promeruit</strong></span> <span class='ocrx_word' id='word_1_121' title='bbox 805 1327 1052 1413; x_wconf 88' lang='grc'>(1612),</span> <span class='ocrx_word' id='word_1_122' title='bbox 1117 1352 1294 1407; x_wconf 90' lang='lat' dir='ltr'><strong>quam</strong></span> <span class='ocrx_word' id='word_1_123' title='bbox 1345 1351 1479 1391; x_wconf 90' lang='lat' dir='ltr'><strong>cum</strong></span> <span class='ocrx_word' id='word_1_124' title='bbox 1530 1333 1705 1391; x_wconf 86' lang='lat' dir='ltr'><strong>laude</strong></span> <span class='ocrx_word' id='word_1_125' title='bbox 1761 1352 1818 1390; x_wconf 91' lang='lat' dir='ltr'><strong>n.</strong></span> <span class='ocrx_word' id='word_1_126' title='bbox 1880 1341 2063 1400; x_wconf 85' lang='lat'>1548,</span> <span class='ocrx_word' id='word_1_127' title='bbox 2115 1332 2218 1406; x_wconf 88' lang='lat' dir='ltr'><strong>qui</strong></span> <span class='ocrx_word' id='word_1_128' title='bbox 2268 1332 2329 1389; x_wconf 90' lang='lat' dir='ltr'><strong>in</strong></span> <span class='ocrx_word' id='word_1_129' title='bbox 2381 1329 2682 1388; x_wconf 78' lang='lat' dir='ltr'><strong>academia</strong></span> <span class='ocrx_word' id='word_1_130' title='bbox 2743 1329 3047 1386; x_wconf 89' lang='lat' dir='ltr'><strong>salmanti-</strong></span> 
     </span>
    </p>
   </div>
   <div class='ocr_carea' id='block_1_3' title="bbox 419 1417 1713 3634">
    <p class='ocr_par' dir='ltr' id='par_1_3' title="bbox 419 1417 1713 3634">
     <span class='ocr_line' id='line_1_13' title="bbox 421 1417 1703 1502; baseline 0.002 -24"><span class='ocrx_word' id='word_1_131' title='bbox 421 1421 494 1478; x_wconf 89' lang='lat' dir='ltr'><strong>ad</strong></span> <span class='ocrx_word' id='word_1_132' title='bbox 526 1421 701 1479; x_wconf 88' lang='lat' dir='ltr'><strong>finem</strong></span> <span class='ocrx_word' id='word_1_133' title='bbox 735 1439 923 1496; x_wconf 89' lang='lat' dir='ltr'><strong>usque</strong></span> <span class='ocrx_word' id='word_1_134' title='bbox 955 1421 1110 1480; x_wconf 88' lang='lat' dir='ltr'><strong>vitae</strong></span> <span class='ocrx_word' id='word_1_135' title='bbox 1139 1422 1290 1479; x_wconf 84' lang='lat' dir='ltr'><strong>rexit</strong></span> <span class='ocrx_word' id='word_1_136' title='bbox 1311 1417 1553 1502; x_wconf 80' lang='grc'>(1622).</span> <span class='ocrx_word' id='word_1_137' title='bbox 1589 1423 1703 1497; x_wconf 85' lang='lat' dir='ltr'><strong>Ty-</strong></span> 
     </span>
     <span class='ocr_line' id='line_1_14' title="bbox 422 1509 1706 1586; baseline 0.001 -19"><span class='ocrx_word' id='word_1_138' title='bbox 422 1510 517 1584; x_wconf 90' lang='lat' dir='ltr'><strong>pis</strong></span> <span class='ocrx_word' id='word_1_139' title='bbox 549 1509 736 1567; x_wconf 85' lang='lat' dir='ltr'><strong>edidit</strong></span> <span class='ocrx_word' id='word_1_140' title='bbox 771 1509 1329 1570; x_wconf 76' lang='lat' dir='ltr'><strong>Commentariorum</strong></span> <span class='ocrx_word' id='word_1_141' title='bbox 1364 1518 1413 1567; x_wconf 81' lang='lat' dir='ltr'><strong>et</strong></span> <span class='ocrx_word' id='word_1_142' title='bbox 1445 1513 1706 1586; x_wconf 79' lang='lat' dir='ltr'><strong>disputa-</strong></span> 
     </span>
     <span class='ocr_line' id='line_1_15' title="bbox 420 1600 1707 1672; baseline 0.002 -17"><span class='ocrx_word' id='word_1_143' title='bbox 420 1601 640 1656; x_wconf 76' lang='lat' dir='ltr'><strong>tionum</strong></span> <span class='ocrx_word' id='word_1_144' title='bbox 685 1601 745 1655; x_wconf 82' lang='lat' dir='ltr'><strong>in</strong></span> <span class='ocrx_word' id='word_1_145' title='bbox 779 1603 836 1661; x_wconf 80' lang='lat'><strong>1.</strong></span> <span class='ocrx_word' id='word_1_146' title='bbox 861 1616 927 1672; x_wconf 80' lang='lat' dir='ltr'><strong>p.</strong></span> <span class='ocrx_word' id='word_1_147' title='bbox 962 1600 1232 1657; x_wconf 79' lang='lat' dir='ltr'><strong>Summae</strong></span> <span class='ocrx_word' id='word_1_148' title='bbox 1275 1619 1319 1657; x_wconf 81' lang='lat' dir='ltr'><strong>s.</strong></span> <span class='ocrx_word' id='word_1_149' title='bbox 1365 1601 1607 1657; x_wconf 69' lang='lat' dir='ltr'><strong>leomae</strong></span> <span class='ocrx_word' id='word_1_150' title='bbox 1638 1601 1707 1657; x_wconf 83' lang='lat' dir='ltr'><strong>de</strong></span> 
     </span>
     <span class='ocr_line' id='line_1_16' title="bbox 421 1683 1705 1768; baseline -0.001 -22"><span class='ocrx_word' id='word_1_151' title='bbox 421 1689 530 1764; x_wconf 78' lang='lat' dir='ltr'><strong>Aq.</strong></span> <span class='ocrx_word' id='word_1_152' title='bbox 563 1707 616 1745; x_wconf 91' lang='lat' dir='ltr'><strong>v.</strong></span> <span class='ocrx_word' id='word_1_153' title='bbox 644 1697 676 1749; x_wconf 87' lang='lat'>2</span> <span class='ocrx_word' id='word_1_154' title='bbox 717 1683 803 1768; x_wconf 91' lang='lat' dir='ltr'><strong>(in</strong></span> <span class='ocrx_word' id='word_1_155' title='bbox 824 1706 920 1763; x_wconf 92' lang='lat' dir='ltr'><strong>qq.</strong></span> <span class='ocrx_word' id='word_1_156' title='bbox 953 1688 1385 1767; x_wconf 80' lang='lat'>1—-25--43)‚</span> <span class='ocrx_word' id='word_1_157' title='bbox 1410 1689 1705 1764; x_wconf 86' lang='lat' dir='ltr'><strong>Compluti</strong></span> 
     </span>
     <span class='ocr_line' id='line_1_17' title="bbox 433 1772 1707 1857; baseline 0.002 -25"><span class='ocrx_word' id='word_1_158' title='bbox 433 1785 626 1845; x_wconf 81' lang='lat'>16213</span> <span class='ocrx_word' id='word_1_159' title='bbox 677 1776 920 1851; x_wconf 90' lang='lat' dir='ltr'><strong>Neapoli</strong></span> <span class='ocrx_word' id='word_1_160' title='bbox 978 1772 1225 1857; x_wconf 77' lang='lat'><strong>16:372).</strong></span> <span class='ocrx_word' id='word_1_161' title='bbox 1277 1811 1363 1821; x_wconf 88' lang='lat'>—</span> <span class='ocrx_word' id='word_1_162' title='bbox 1395 1777 1707 1835; x_wconf 87' lang='lat' dir='ltr'><strong>Balthasar</strong></span> 
     </span>
     <span class='ocr_line' id='line_1_18' title="bbox 421 1864 1704 1942; baseline 0.001 -20"><span class='ocrx_word' id='word_1_163' title='bbox 421 1864 893 1922; x_wconf 80' lang='lat' dir='ltr'><strong>Navarrette</strong></span> <span class='ocrx_word' id='word_1_164' title='bbox 927 1865 1262 1936; x_wconf 50' lang='lat' dir='ltr'><strong>Pincianus</strong></span> <span class='ocrx_word' id='word_1_165' title='bbox 1286 1867 1581 1942; x_wconf 85' lang='lat' dir='ltr'><strong>Compluti</strong></span> <span class='ocrx_word' id='word_1_166' title='bbox 1615 1866 1704 1923; x_wconf 92' lang='lat' dir='ltr'><strong>in-</strong></span> 
     </span>
     <span class='ocr_line' id='line_1_19' title="bbox 420 1954 1704 2030; baseline 0.002 -20"><span class='ocrx_word' id='word_1_167' title='bbox 420 1957 650 2029; x_wconf 84' lang='lat' dir='ltr'><strong>terpres</strong></span> <span class='ocrx_word' id='word_1_168' title='bbox 684 1972 758 2011; x_wconf 88' lang='lat' dir='ltr'><strong>ss.</strong></span> <span class='ocrx_word' id='word_1_169' title='bbox 794 1954 1102 2012; x_wconf 86' lang='lat' dir='ltr'><strong>literarum</strong></span> <span class='ocrx_word' id='word_1_170' title='bbox 1137 1956 1201 2012; x_wconf 90' lang='lat' dir='ltr'><strong>in</strong></span> <span class='ocrx_word' id='word_1_171' title='bbox 1222 1955 1467 2030; x_wconf 88' lang='lat' dir='ltr'><strong>collegio</strong></span> <span class='ocrx_word' id='word_1_172' title='bbox 1489 1975 1532 2017; x_wconf 89' lang='lat' dir='ltr'><strong>s.</strong></span> <span class='ocrx_word' id='word_1_173' title='bbox 1554 1955 1704 2012; x_wconf 87' lang='lat' dir='ltr'><strong>Tho-</strong></span> 
     </span>
     <span class='ocr_line' id='line_1_20' title="bbox 421 2042 1706 2117; baseline 0.001 -18"><span class='ocrx_word' id='word_1_174' title='bbox 421 2061 565 2110; x_wconf 87' lang='lat' dir='ltr'><strong>mae,</strong></span> <span class='ocrx_word' id='word_1_175' title='bbox 600 2042 914 2117; x_wconf 89' lang='lat' dir='ltr'><strong>primariae</strong></span> <span class='ocrx_word' id='word_1_176' title='bbox 965 2043 1103 2101; x_wconf 91' lang='lat' dir='ltr'><strong>dein</strong></span> <span class='ocrx_word' id='word_1_177' title='bbox 1152 2048 1344 2102; x_wconf 84' lang='lat' dir='ltr'><strong>rector</strong></span> <span class='ocrx_word' id='word_1_178' title='bbox 1394 2044 1706 2102; x_wconf 84' lang='lat' dir='ltr'><strong>cathedrae</strong></span> 
     </span>
     <span class='ocr_line' id='line_1_21' title="bbox 420 2128 1704 2212; baseline 0.001 -24"><span class='ocrx_word' id='word_1_179' title='bbox 420 2131 785 2207; x_wconf 86' lang='lat' dir='ltr'><strong>theologicae</strong></span> <span class='ocrx_word' id='word_1_180' title='bbox 815 2131 880 2188; x_wconf 89' lang='lat' dir='ltr'><strong>in</strong></span> <span class='ocrx_word' id='word_1_181' title='bbox 910 2133 1209 2190; x_wconf 88' lang='lat' dir='ltr'><strong>academia</strong></span> <span class='ocrx_word' id='word_1_182' title='bbox 1241 2128 1590 2212; x_wconf 69' lang='lat' dir='ltr'><strong>pincianass),</strong></span> <span class='ocrx_word' id='word_1_183' title='bbox 1613 2137 1704 2189; x_wconf 88' lang='lat' dir='ltr'><strong>to·</strong></span> 
     </span>
     <span class='ocr_line' id='line_1_22' title="bbox 422 2220 1707 2294; baseline 0.002 -18"><span class='ocrx_word' id='word_1_184' title='bbox 422 2221 534 2277; x_wconf 94' lang='lat' dir='ltr'><strong>mis</strong></span> <span class='ocrx_word' id='word_1_185' title='bbox 571 2229 625 2288; x_wconf 88' lang='lat'><strong>3,</strong></span> <span class='ocrx_word' id='word_1_186' title='bbox 661 2220 879 2294; x_wconf 89' lang='lat' dir='ltr'><strong>quibus</strong></span> <span class='ocrx_word' id='word_1_187' title='bbox 912 2221 1163 2279; x_wconf 83' lang='lat' dir='ltr'><strong>titulus:</strong></span> <span class='ocrx_word' id='word_1_188' title='bbox 1199 2221 1707 2280; x_wconf 78' lang='lat' dir='ltr'><strong>Controversiaein</strong></span> 
     </span>
     <span class='ocr_line' id='line_1_23' title="bbox 422 2309 1703 2386; baseline 0.001 -20"><span class='ocrx_word' id='word_1_189' title='bbox 422 2310 479 2366; x_wconf 78' lang='lat' dir='ltr'><strong>d.</strong></span> <span class='ocrx_word' id='word_1_190' title='bbox 521 2309 769 2366; x_wconf 82' lang='lat' dir='ltr'><strong>Thomae</strong></span> <span class='ocrx_word' id='word_1_191' title='bbox 800 2310 1028 2386; x_wconf 75' lang='lat' dir='ltr'><strong>eiusque</strong></span> <span class='ocrx_word' id='word_1_192' title='bbox 1057 2311 1276 2368; x_wconf 80' lang='lat' dir='ltr'><strong>scholae</strong></span> <span class='ocrx_word' id='word_1_193' title='bbox 1307 2312 1703 2384; x_wconf 75' lang='lat' dir='ltr'><strong>defensionem,</strong></span> 
     </span>
     <span class='ocr_line' id='line_1_24' title="bbox 424 2396 1706 2479; baseline 0.002 -26"><span class='ocrx_word' id='word_1_194' title='bbox 424 2396 728 2455; x_wconf 86' lang='lat' dir='ltr'><strong>Valisoleti</strong></span> <span class='ocrx_word' id='word_1_195' title='bbox 754 2407 937 2468; x_wconf 84' lang='lat'>1605,</span> <span class='ocrx_word' id='word_1_196' title='bbox 965 2409 1146 2468; x_wconf 87' lang='lat'>1609,</span> <span class='ocrx_word' id='word_1_197' title='bbox 1170 2399 1415 2460; x_wconf 68' lang='grc'>1624111</span> <span class='ocrx_word' id='word_1_198' title='bbox 1436 2399 1472 2455; x_wconf 88' lang='lat' dir='ltr'><strong>f.</strong></span> <span class='ocrx_word' id='word_1_199' title='bbox 1507 2396 1595 2479; x_wconf 91' lang='lat' dir='ltr'><strong>(in</strong></span> <span class='ocrx_word' id='word_1_200' title='bbox 1612 2418 1706 2474; x_wconf 90' lang='lat' dir='ltr'><strong>qq.</strong></span> 
     </span>
     <span class='ocr_line' id='line_1_25' title="bbox 431 2484 1708 2566; baseline -0.002 -19"><span class='ocrx_word' id='word_1_201' title='bbox 431 2496 482 2547; x_wconf 89' lang='lat'><strong>1.</strong></span> <span class='ocrx_word' id='word_1_202' title='bbox 529 2505 585 2560; x_wconf 85' lang='lat' dir='ltr'><strong>p.</strong></span> <span class='ocrx_word' id='word_1_203' title='bbox 637 2496 884 2556; x_wconf 79' lang='lat'>1—-163</span> <span class='ocrx_word' id='word_1_204' title='bbox 938 2497 1227 2557; x_wconf 78' lang='lat'>19—253</span> <span class='ocrx_word' id='word_1_205' title='bbox 1283 2484 1589 2566; x_wconf 77' lang='lat'><strong>27—64).</strong></span> <span class='ocrx_word' id='word_1_206' title='bbox 1624 2521 1708 2531; x_wconf 93' lang='lat'><em>-</em></span> 
     </span>
     <span class='ocr_line' id='line_1_26' title="bbox 423 2574 1707 2653; baseline 0.002 -21"><span class='ocrx_word' id='word_1_207' title='bbox 423 2574 870 2647; x_wconf 76' lang='lat' dir='ltr'><strong>commentaria,</strong></span> <span class='ocrx_word' id='word_1_208' title='bbox 919 2576 1157 2646; x_wconf 76' lang='lat' dir='ltr'><strong>scholia,</strong></span> <span class='ocrx_word' id='word_1_209' title='bbox 1203 2577 1579 2653; x_wconf 75' lang='lat' dir='ltr'><strong>quaestiones</strong></span> <span class='ocrx_word' id='word_1_210' title='bbox 1613 2596 1707 2635; x_wconf 88' lang='lat' dir='ltr'><strong>re-</strong></span> 
     </span>
     <span class='ocr_line' id='line_1_27' title="bbox 424 2664 1710 2740; baseline 0.002 -19"><span class='ocrx_word' id='word_1_211' title='bbox 424 2664 648 2722; x_wconf 88' lang='lat' dir='ltr'><strong>solutas</strong></span> <span class='ocrx_word' id='word_1_212' title='bbox 681 2683 860 2740; x_wconf 88' lang='lat' dir='ltr'><strong>super</strong></span> <span class='ocrx_word' id='word_1_213' title='bbox 891 2665 1353 2739; x_wconf 79' lang='lat' dir='ltr'><strong>disputationem</strong></span> <span class='ocrx_word' id='word_1_214' title='bbox 1404 2668 1473 2723; x_wconf 83' lang='lat' dir='ltr'><strong>de</strong></span> <span class='ocrx_word' id='word_1_215' title='bbox 1517 2667 1710 2725; x_wconf 81' lang='lat' dir='ltr'><strong>Trini-</strong></span> 
     </span>
     <span class='ocr_line' id='line_1_28' title="bbox 423 2753 1710 2830; baseline 0.003 -21"><span class='ocrx_word' id='word_1_216' title='bbox 423 2760 536 2809; x_wconf 75' lang='lat' dir='ltr'><strong>tale</strong></span> <span class='ocrx_word' id='word_1_217' title='bbox 576 2764 625 2815; x_wconf 91' lang='lat'><strong>1.</strong></span> <span class='ocrx_word' id='word_1_218' title='bbox 658 2772 714 2828; x_wconf 87' lang='lat' dir='ltr'><strong>p.</strong></span> <span class='ocrx_word' id='word_1_219' title='bbox 761 2772 802 2810; x_wconf 80' lang='lat' dir='ltr'><strong>S.</strong></span> <span class='ocrx_word' id='word_1_220' title='bbox 836 2753 1087 2812; x_wconf 84' lang='lat' dir='ltr'><strong>Thomae</strong></span> <span class='ocrx_word' id='word_1_221' title='bbox 1134 2755 1462 2830; x_wconf 87' lang='lat' dir='ltr'><strong>publicavit</strong></span> <span class='ocrx_word' id='word_1_222' title='bbox 1504 2756 1710 2813; x_wconf 85' lang='lat' dir='ltr'><strong>Tarra-</strong></span> 
     </span>
     <span class='ocr_line' id='line_1_29' title="bbox 423 2843 1711 2904; baseline 0.002 -5"><span class='ocrx_word' id='word_1_223' title='bbox 423 2860 603 2899; x_wconf 91' lang='lat' dir='ltr'><strong>conae</strong></span> <span class='ocrx_word' id='word_1_224' title='bbox 662 2851 824 2904; x_wconf 81' lang='lat'>1602</span> <span class='ocrx_word' id='word_1_225' title='bbox 878 2843 941 2900; x_wconf 93' lang='lat' dir='ltr'><strong>in</strong></span> <span class='ocrx_word' id='word_1_226' title='bbox 990 2852 1044 2903; x_wconf 86' lang='lat'><strong>4.</strong></span> <span class='ocrx_word' id='word_1_227' title='bbox 1109 2843 1342 2901; x_wconf 85' lang='lat' dir='ltr'><strong>Blasius</strong></span> <span class='ocrx_word' id='word_1_228' title='bbox 1394 2844 1647 2902; x_wconf 77' lang='lat' dir='ltr'><strong>Vei-du</strong></span> <span class='ocrx_word' id='word_1_229' title='bbox 1679 2864 1711 2901; x_wconf 90' lang='lat' dir='ltr'><strong>a</strong></span> 
     </span>
     <span class='ocr_line' id='line_1_30' title="bbox 423 2930 1713 3007; baseline 0.002 -20"><span class='ocrx_word' id='word_1_230' title='bbox 423 2931 632 2998; x_wconf 87' lang='lat' dir='ltr'><strong>Sans,</strong></span> <span class='ocrx_word' id='word_1_231' title='bbox 682 2930 1034 2989; x_wconf 80' lang='lat' dir='ltr'><strong>Valentinus</strong></span> <span class='ocrx_word' id='word_1_232' title='bbox 1080 2950 1148 2989; x_wconf 86' lang='lat' dir='ltr'><strong>ex</strong></span> <span class='ocrx_word' id='word_1_233' title='bbox 1193 2932 1409 3007; x_wconf 90' lang='lat' dir='ltr'><strong>oppido</strong></span> <span class='ocrx_word' id='word_1_234' title='bbox 1442 2932 1586 3001; x_wconf 77' lang='lat' dir='ltr'><strong>Cati,</strong></span> <span class='ocrx_word' id='word_1_235' title='bbox 1620 2932 1713 2989; x_wconf 87' lang='lat' dir='ltr'><strong>vir</strong></span> 
     </span>
     <span class='ocr_line' id='line_1_31' title="bbox 422 3019 1709 3095; baseline 0.002 -19"><span class='ocrx_word' id='word_1_236' title='bbox 422 3038 563 3095; x_wconf 84' lang='lat' dir='ltr'><strong>erga</strong></span> <span class='ocrx_word' id='word_1_237' title='bbox 613 3037 656 3080; x_wconf 81' lang='lat' dir='ltr'><strong>s,</strong></span> <span class='ocrx_word' id='word_1_238' title='bbox 690 3019 943 3077; x_wconf 70' lang='lat' dir='ltr'><strong>&#39;rhomae</strong></span> <span class='ocrx_word' id='word_1_239' title='bbox 993 3020 1322 3079; x_wconf 83' lang='lat' dir='ltr'><strong>doctrinam</strong></span> <span class='ocrx_word' id='word_1_240' title='bbox 1370 3021 1592 3095; x_wconf 90' lang='lat' dir='ltr'><strong>optime</strong></span> <span class='ocrx_word' id='word_1_241' title='bbox 1624 3022 1709 3079; x_wconf 83' lang='lat' dir='ltr'><strong>af-</strong></span> 
     </span>
     <span class='ocr_line' id='line_1_32' title="bbox 419 3108 1707 3182; baseline 0.002 -17"><span class='ocrx_word' id='word_1_242' title='bbox 419 3108 610 3165; x_wconf 79' lang='lat' dir='ltr'><strong>fectus</strong></span> <span class='ocrx_word' id='word_1_243' title='bbox 642 3108 704 3166; x_wconf 91' lang='lat' dir='ltr'><strong>in</strong></span> <span class='ocrx_word' id='word_1_244' title='bbox 737 3127 923 3182; x_wconf 89' lang='lat' dir='ltr'><strong>eaque</strong></span> <span class='ocrx_word' id='word_1_245' title='bbox 943 3110 1378 3167; x_wconf 83' lang='lat' dir='ltr'><strong>versatissimus</strong></span> <span class='ocrx_word' id='word_1_246' title='bbox 1411 3109 1707 3168; x_wconf 86' lang='lat' dir='ltr'><strong>lectionis-</strong></span> 
     </span>
     <span class='ocr_line' id='line_1_33' title="bbox 423 3196 1709 3274; baseline 0.002 -20"><span class='ocrx_word' id='word_1_247' title='bbox 423 3213 540 3270; x_wconf 89' lang='lat' dir='ltr'><strong>que</strong></span> <span class='ocrx_word' id='word_1_248' title='bbox 592 3214 636 3253; x_wconf 91' lang='lat' dir='ltr'><strong>s.</strong></span> <span class='ocrx_word' id='word_1_249' title='bbox 691 3196 1031 3271; x_wconf 84' lang='lat' dir='ltr'><strong>Scripturae</strong></span> <span class='ocrx_word' id='word_1_250' title='bbox 1081 3216 1263 3273; x_wconf 90' lang='lat' dir='ltr'><strong>prope</strong></span> <span class='ocrx_word' id='word_1_251' title='bbox 1314 3196 1709 3274; x_wconf 76' lang='lat' dir='ltr'><strong>continuae4).</strong></span> 
     </span>
     <span class='ocr_line' id='line_1_34' title="bbox 422 3284 1710 3345; baseline 0.003 -5"><span class='ocrx_word' id='word_1_252' title='bbox 422 3284 662 3342; x_wconf 89' lang='lat' dir='ltr'><strong>Artium</strong></span> <span class='ocrx_word' id='word_1_253' title='bbox 694 3285 1026 3343; x_wconf 87' lang='lat' dir='ltr'><strong>cathedram</strong></span> <span class='ocrx_word' id='word_1_254' title='bbox 1071 3287 1133 3344; x_wconf 91' lang='lat' dir='ltr'><strong>in</strong></span> <span class='ocrx_word' id='word_1_255' title='bbox 1184 3286 1475 3344; x_wconf 86' lang='lat' dir='ltr'><strong>academia</strong></span> <span class='ocrx_word' id='word_1_256' title='bbox 1505 3288 1710 3345; x_wconf 88' lang='lat' dir='ltr'><strong>valen·</strong></span> 
     </span>
     <span class='ocr_line' id='line_1_35' title="bbox 421 3372 1709 3444; baseline 0.002 -14"><span class='ocrx_word' id='word_1_257' title='bbox 421 3374 552 3431; x_wconf 85' lang='lat' dir='ltr'><strong>tina</strong></span> <span class='ocrx_word' id='word_1_258' title='bbox 583 3372 923 3432; x_wconf 89' lang='lat' dir='ltr'><strong>moderatus</strong></span> <span class='ocrx_word' id='word_1_259' title='bbox 971 3380 1059 3432; x_wconf 91' lang='lat' dir='ltr'><strong>est</strong></span> <span class='ocrx_word' id='word_1_260' title='bbox 1104 3379 1355 3433; x_wconf 84' lang='lat' dir='ltr'><strong>exeunte</strong></span> <span class='ocrx_word' id='word_1_261' title='bbox 1405 3393 1513 3434; x_wconf 85' lang='lat' dir='ltr'><strong>see.</strong></span> <span class='ocrx_word' id='word_1_262' title='bbox 1548 3375 1709 3444; x_wconf 88' lang='lat' dir='ltr'>XVI;</span> 
     </span>
     <span class='ocr_line' id='line_1_36' title="bbox 423 3461 1711 3540; baseline 0.003 -22"><span class='ocrx_word' id='word_1_263' title='bbox 423 3461 565 3519; x_wconf 88' lang='lat' dir='ltr'><strong>dein</strong></span> <span class='ocrx_word' id='word_1_264' title='bbox 595 3461 923 3538; x_wconf 82' lang='lat' dir='ltr'><strong>theologiae</strong></span> <span class='ocrx_word' id='word_1_265' title='bbox 955 3463 1296 3537; x_wconf 90' lang='lat' dir='ltr'><strong>primariam</strong></span> <span class='ocrx_word' id='word_1_266' title='bbox 1346 3464 1410 3521; x_wconf 90' lang='lat' dir='ltr'><strong>in</strong></span> <span class='ocrx_word' id='word_1_267' title='bbox 1461 3464 1711 3540; x_wconf 87' lang='lat' dir='ltr'><strong>collegio</strong></span> 
     </span>
     <span class='ocr_line' id='line_1_37' title="bbox 423 3548 1709 3634; baseline 0.002 -27"><span class='ocrx_word' id='word_1_268' title='bbox 423 3550 584 3626; x_wconf 87' lang='lat' dir='ltr'><strong>regio</strong></span> <span class='ocrx_word' id='word_1_269' title='bbox 617 3551 936 3610; x_wconf 89' lang='lat' dir='ltr'><strong>dertusano</strong></span> <span class='ocrx_word' id='word_1_270' title='bbox 971 3548 1231 3634; x_wconf 85' lang='lat'>(1602);</span> <span class='ocrx_word' id='word_1_271' title='bbox 1265 3571 1383 3626; x_wconf 87' lang='lat' dir='ltr'><strong>quo</strong></span> <span class='ocrx_word' id='word_1_272' title='bbox 1417 3572 1552 3612; x_wconf 89' lang='lat' dir='ltr'><strong>cum</strong></span> <span class='ocrx_word' id='word_1_273' title='bbox 1584 3573 1709 3611; x_wconf 91' lang='lat' dir='ltr'><strong>ma-</strong></span> 
     </span>
    </p>
   </div>
   <div class='ocr_carea' id='block_1_4' title="bbox 430 3710 750 3717">
    <p class='ocr_par' dir='ltr' id='par_1_4' title="bbox 430 3710 750 3717">
     <span class='ocr_line' id='line_1_38' title="bbox 430 3710 750 3717; baseline 0 0"><span class='ocrx_word' id='word_1_274' title='bbox 430 3710 750 3717; x_wconf 95' lang='lat' dir='ltr'><strong> </strong></span> 
     </span>
    </p>
   </div>
   <div class='ocr_carea' id='block_1_5' title="bbox 422 3809 1716 4653">
    <p class='ocr_par' dir='ltr' id='par_1_5' title="bbox 422 3809 1716 4571">
     <span class='ocr_line' id='line_1_39' title="bbox 500 3809 1711 3879; baseline 0.001 -18"><span class='ocrx_word' id='word_1_275' title='bbox 500 3814 538 3877; x_wconf 74' lang='lat'><strong>1)</strong></span> <span class='ocrx_word' id='word_1_276' title='bbox 564 3809 852 3879; x_wconf 84' lang='lat' dir='ltr'><strong>Distingui</strong></span> <span class='ocrx_word' id='word_1_277' title='bbox 878 3810 1044 3863; x_wconf 82' lang='lat' dir='ltr'><strong>debet</strong></span> <span class='ocrx_word' id='word_1_278' title='bbox 1072 3827 1103 3862; x_wconf 89' lang='lat' dir='ltr'><strong>a</strong></span> <span class='ocrx_word' id='word_1_279' title='bbox 1130 3809 1295 3862; x_wconf 88' lang='lat' dir='ltr'><strong>Petro</strong></span> <span class='ocrx_word' id='word_1_280' title='bbox 1324 3810 1602 3864; x_wconf 81' lang='lat' dir='ltr'><strong>Gonzalez</strong></span> <span class='ocrx_word' id='word_1_281' title='bbox 1628 3811 1664 3863; x_wconf 92' lang='lat' dir='ltr'><strong>d</strong></span> <span class='ocrx_word' id='word_1_282' title='bbox 1681 3825 1711 3862; x_wconf 90' lang='lat' dir='ltr'><strong>e</strong></span> 
     </span>
     <span class='ocr_line' id='line_1_40' title="bbox 425 3880 1713 3950; baseline 0.002 -18"><span class='ocrx_word' id='word_1_283' title='bbox 425 3881 473 3932; x_wconf 91' lang='lat' dir='ltr'>A</span> <span class='ocrx_word' id='word_1_284' title='bbox 490 3899 517 3932; x_wconf 88' lang='lat' dir='ltr'>z</span> <span class='ocrx_word' id='word_1_285' title='bbox 534 3898 562 3933; x_wconf 90' lang='lat' dir='ltr'><strong>e</strong></span> <span class='ocrx_word' id='word_1_286' title='bbox 579 3897 614 3934; x_wconf 91' lang='lat' dir='ltr'><strong>v</strong></span> <span class='ocrx_word' id='word_1_287' title='bbox 632 3897 661 3932; x_wconf 90' lang='lat' dir='ltr'><strong>e</strong></span> <span class='ocrx_word' id='word_1_288' title='bbox 678 3881 714 3933; x_wconf 94' lang='lat' dir='ltr'><strong>d</strong></span> <span class='ocrx_word' id='word_1_289' title='bbox 733 3896 763 3934; x_wconf 95' lang='lat' dir='ltr'><strong>o</strong></span> <span class='ocrx_word' id='word_1_290' title='bbox 793 3880 1110 3944; x_wconf 84' lang='lat' dir='ltr'><strong>PalentinO,</strong></span> <span class='ocrx_word' id='word_1_291' title='bbox 1134 3881 1452 3950; x_wconf 82' lang='lat' dir='ltr'><strong>theologiae</strong></span> <span class='ocrx_word' id='word_1_292' title='bbox 1481 3881 1713 3935; x_wconf 86' lang='lat' dir='ltr'><strong>moralis</strong></span> 
     </span>
     <span class='ocr_line' id='line_1_41' title="bbox 422 3951 1711 4021; baseline 0.002 -19"><span class='ocrx_word' id='word_1_293' title='bbox 422 3951 480 4003; x_wconf 89' lang='lat' dir='ltr'><strong>in</strong></span> <span class='ocrx_word' id='word_1_294' title='bbox 498 3951 784 4005; x_wconf 80' lang='lat' dir='ltr'><strong>academia</strong></span> <span class='ocrx_word' id='word_1_295' title='bbox 800 3951 1220 4004; x_wconf 86' lang='lat' dir='ltr'><strong>salmanticensi</strong></span> <span class='ocrx_word' id='word_1_296' title='bbox 1237 3953 1563 4021; x_wconf 82' lang='lat' dir='ltr'><strong>professore,</strong></span> <span class='ocrx_word' id='word_1_297' title='bbox 1580 3953 1711 4007; x_wconf 90' lang='lat' dir='ltr'><strong>dein</strong></span> 
     </span>
     <span class='ocr_line' id='line_1_42' title="bbox 424 4021 1712 4145; baseline 0.002 -70"><span class='ocrx_word' id='word_1_298' title='bbox 424 4022 685 4145; x_wconf 73' lang='lat' dir='ltr'><strong>episcopo</strong></span> <span class='ocrx_word' id='word_1_299' title='bbox 714 4021 961 4075; x_wconf 85' lang='lat' dir='ltr'><strong>auriensi</strong></span> <span class='ocrx_word' id='word_1_300' title='bbox 982 4026 1179 4093; x_wconf 84' lang='lat'><strong>(1587),</strong></span> <span class='ocrx_word' id='word_1_301' title='bbox 1203 4023 1304 4091; x_wconf 86' lang='lat' dir='ltr'><strong>qui</strong></span> <span class='ocrx_word' id='word_1_302' title='bbox 1324 4023 1467 4076; x_wconf 87' lang='lat' dir='ltr'><strong>obiit</strong></span> <span class='ocrx_word' id='word_1_303' title='bbox 1527 4026 1712 4078; x_wconf 87' lang='lat' dir='ltr'><strong>raesul</strong></span> 
     </span>
     <span class='ocr_line' id='line_1_43' title="bbox 423 4042 1716 4162; baseline 0.002 -17"><span class='ocrx_word' id='word_1_304' title='bbox 423 4110 459 4161; x_wconf 90' lang='lat' dir='ltr'><strong>p</strong></span> <span class='ocrx_word' id='word_1_305' title='bbox 486 4093 783 4147; x_wconf 84' lang='lat' dir='ltr'><strong>acentinus</strong></span> <span class='ocrx_word' id='word_1_306' title='bbox 824 4098 963 4150; x_wconf 88' lang='lat'>1606</span> <span class='ocrx_word' id='word_1_307' title='bbox 1003 4109 1052 4147; x_wconf 85' lang='lat' dir='ltr'><strong>a.</strong></span> <span class='ocrx_word' id='word_1_308' title='bbox 1089 4093 1293 4146; x_wconf 85' lang='lat' dir='ltr'><strong>aetatis</strong></span> <span class='ocrx_word' id='word_1_309' title='bbox 1319 4098 1404 4150; x_wconf 77' lang='lat'><strong>77.</strong></span> <span class='ocrx_word' id='word_1_310' title='bbox 1457 4042 1716 4162; x_wconf 45' lang='lat' dir='ltr'><strong>deliquit</strong></span> 
     </span>
     <span class='ocr_line' id='line_1_44' title="bbox 425 4167 1712 4232; baseline -0.001 -14"><span class='ocrx_word' id='word_1_311' title='bbox 425 4167 618 4232; x_wconf 73' lang='lat' dir='ltr'><strong>Eloqn‘a</strong></span> <span class='ocrx_word' id='word_1_312' title='bbox 642 4182 713 4221; x_wconf 82' lang='lat' dir='ltr'><strong>ss.</strong></span> <span class='ocrx_word' id='word_1_313' title='bbox 740 4168 953 4218; x_wconf 77' lang='lat' dir='ltr'><strong>Mariae</strong></span> <span class='ocrx_word' id='word_1_314' title='bbox 989 4168 1045 4218; x_wconf 81' lang='lat' dir='ltr'><strong>V.</strong></span> <span class='ocrx_word' id='word_1_315' title='bbox 1074 4182 1102 4218; x_wconf 90' lang='lat' dir='ltr'><strong>e</strong></span> <span class='ocrx_word' id='word_1_316' title='bbox 1131 4182 1170 4217; x_wconf 87' lang='lat' dir='ltr'><strong>s.</strong></span> <span class='ocrx_word' id='word_1_317' title='bbox 1199 4167 1583 4218; x_wconf 85' lang='lat' dir='ltr'><strong>monumentis</strong></span> <span class='ocrx_word' id='word_1_318' title='bbox 1628 4182 1712 4219; x_wconf 93' lang='lat' dir='ltr'><strong>or-</strong></span> 
     </span>
     <span class='ocr_line' id='line_1_45' title="bbox 425 4234 1709 4298; baseline 0.002 -11"><span class='ocrx_word' id='word_1_319' title='bbox 425 4234 623 4289; x_wconf 85' lang='lat' dir='ltr'><strong>dinata</strong></span> <span class='ocrx_word' id='word_1_320' title='bbox 650 4253 775 4289; x_wconf 85' lang='lat' dir='ltr'><strong>cum</strong></span> <span class='ocrx_word' id='word_1_321' title='bbox 802 4234 970 4298; x_wconf 88' lang='lat' dir='ltr'><strong>notis,</strong></span> <span class='ocrx_word' id='word_1_322' title='bbox 1008 4235 1384 4289; x_wconf 70' lang='lat' dir='ltr'><strong>salmanticae</strong></span> <span class='ocrx_word' id='word_1_323' title='bbox 1413 4240 1552 4293; x_wconf 84' lang='grc'>1624</span> <span class='ocrx_word' id='word_1_324' title='bbox 1577 4236 1634 4287; x_wconf 89' lang='lat' dir='ltr'><strong>in</strong></span> <span class='ocrx_word' id='word_1_325' title='bbox 1661 4239 1709 4293; x_wconf 89' lang='lat'><strong>8.</strong></span> 
     </span>
     <span class='ocr_line' id='line_1_46' title="bbox 424 4306 1711 4429; baseline 0 -70"><span class='ocrx_word' id='word_1_326' title='bbox 424 4306 674 4429; x_wconf 43' lang='lat' dir='ltr'><strong>Altzrius</strong></span> <span class='ocrx_word' id='word_1_327' title='bbox 715 4307 748 4360; x_wconf 87' lang='lat' dir='ltr'>J</span> <span class='ocrx_word' id='word_1_328' title='bbox 766 4323 797 4360; x_wconf 94' lang='lat' dir='ltr'><strong>o</strong></span> <span class='ocrx_word' id='word_1_329' title='bbox 815 4324 848 4359; x_wconf 88' lang='lat' dir='ltr'><strong>a</strong></span> <span class='ocrx_word' id='word_1_330' title='bbox 865 4324 920 4361; x_wconf 90' lang='lat' dir='ltr'><strong>n.</strong></span> <span class='ocrx_word' id='word_1_331' title='bbox 967 4306 1011 4360; x_wconf 87' lang='lat' dir='ltr'>G</span> <span class='ocrx_word' id='word_1_332' title='bbox 1031 4323 1114 4359; x_wconf 87' lang='lat'><strong>011</strong></span> <span class='ocrx_word' id='word_1_333' title='bbox 1133 4324 1160 4358; x_wconf 88' lang='lat' dir='ltr'><strong>z</strong></span> <span class='ocrx_word' id='word_1_334' title='bbox 1177 4307 1289 4359; x_wconf 86' lang='lat' dir='ltr'><strong>ale</strong></span> <span class='ocrx_word' id='word_1_335' title='bbox 1307 4324 1331 4358; x_wconf 89' lang='lat' dir='ltr'><strong>s</strong></span> <span class='ocrx_word' id='word_1_336' title='bbox 1376 4306 1523 4359; x_wconf 87' lang='lat' dir='ltr'><strong>infra</strong></span> <span class='ocrx_word' id='word_1_337' title='bbox 1562 4323 1711 4360; x_wconf 89' lang='lat' dir='ltr'><strong>men-</strong></span> 
     </span>
     <span class='ocr_line' id='line_1_47' title="bbox 425 4378 646 4432; baseline 0.009 -3"><span class='ocrx_word' id='word_1_338' title='bbox 425 4378 505 4430; x_wconf 91' lang='lat' dir='ltr'><strong>tio</strong></span> <span class='ocrx_word' id='word_1_339' title='bbox 573 4380 646 4432; x_wconf 90' lang='lat' dir='ltr'><strong>et.</strong></span> 
     </span>
     <span class='ocr_line' id='line_1_48' title="bbox 425 4446 1712 4571; baseline -0.001 -69"><span class='ocrx_word' id='word_1_340' title='bbox 425 4518 452 4571; x_wconf 71' lang='lat' dir='ltr'>I</span> <span class='ocrx_word' id='word_1_341' title='bbox 498 4452 539 4517; x_wconf 72' lang='lat'><strong>²)</strong></span> <span class='ocrx_word' id='word_1_342' title='bbox 593 4447 674 4502; x_wconf 85' lang='lat' dir='ltr'><strong>Cf.</strong></span> <span class='ocrx_word' id='word_1_343' title='bbox 727 4447 948 4502; x_wconf 87' lang='lat' dir='ltr'><strong>Echard</strong></span> <span class='ocrx_word' id='word_1_344' title='bbox 1001 4447 1066 4511; x_wconf 87' lang='lat'><strong>11,</strong></span> <span class='ocrx_word' id='word_1_345' title='bbox 1118 4451 1250 4505; x_wconf 77' lang='lat'><strong>427:</strong></span> <span class='ocrx_word' id='word_1_346' title='bbox 1317 4446 1385 4500; x_wconf 89' lang='lat' dir='ltr'><strong>N.</strong></span> <span class='ocrx_word' id='word_1_347' title='bbox 1431 4447 1712 4501; x_wconf 89' lang='lat' dir='ltr'><strong>Antonius</strong></span> 
     </span>
    </p>

    <p class='ocr_par' dir='ltr' id='par_1_6' title="bbox 498 4589 1351 4653">
     <span class='ocr_line' id='line_1_49' title="bbox 498 4589 1351 4653; baseline -0.004 -6"><span class='ocrx_word' id='word_1_348' title='bbox 498 4592 539 4647; x_wconf 62' lang='lat'><strong>³]</strong></span> <span class='ocrx_word' id='word_1_349' title='bbox 567 4590 648 4643; x_wconf 74' lang='lat' dir='ltr'><strong>Cf.</strong></span> <span class='ocrx_word' id='word_1_350' title='bbox 675 4589 992 4642; x_wconf 86' lang='lat' dir='ltr'><strong>Antonium</strong></span> <span class='ocrx_word' id='word_1_351' title='bbox 1018 4589 1056 4641; x_wconf 89' lang='lat'><strong>1.</strong></span> <span class='ocrx_word' id='word_1_352' title='bbox 1084 4605 1131 4643; x_wconf 91' lang='lat' dir='ltr'><strong>c.</strong></span> <span class='ocrx_word' id='word_1_353' title='bbox 1161 4590 1199 4653; x_wconf 88' lang='grc' dir='ltr'>Ι,</span> <span class='ocrx_word' id='word_1_354' title='bbox 1231 4592 1351 4646; x_wconf 88' lang='lat'><strong>183.</strong></span> 
     </span>
    </p>
   </div>
   <div class='ocr_carea' id='block_1_6' title="bbox 1762 1418 3058 4327">
    <p class='ocr_par' dir='ltr' id='par_1_7' title="bbox 1762 1418 3058 4327">
     <span class='ocr_line' id='line_1_50' title="bbox 1763 1418 3047 1496; baseline -0.005 -16"><span class='ocrx_word' id='word_1_355' title='bbox 1763 1422 1923 1480; x_wconf 83' lang='lat' dir='ltr'><strong>censi</strong></span> <span class='ocrx_word' id='word_1_356' title='bbox 1956 1421 2133 1496; x_wconf 88' lang='lat' dir='ltr'><strong>primi</strong></span> <span class='ocrx_word' id='word_1_357' title='bbox 2181 1419 2439 1479; x_wconf 89' lang='lat' dir='ltr'><strong>nominis</strong></span> <span class='ocrx_word' id='word_1_358' title='bbox 2488 1418 2678 1476; x_wconf 88' lang='lat' dir='ltr'><strong>evasit</strong></span> <span class='ocrx_word' id='word_1_359' title='bbox 2715 1418 3047 1492; x_wconf 87' lang='lat' dir='ltr'><strong>theologus.</strong></span> 
     </span>
     <span class='ocr_line' id='line_1_51' title="bbox 1764 1507 3046 1581; baseline -0.004 -13"><span class='ocrx_word' id='word_1_360' title='bbox 1764 1511 1925 1570; x_wconf 89' lang='lat' dir='ltr'><strong>Scoti</strong></span> <span class='ocrx_word' id='word_1_361' title='bbox 1973 1509 2311 1568; x_wconf 85' lang='lat' dir='ltr'><strong>cathedram</strong></span> <span class='ocrx_word' id='word_1_362' title='bbox 2361 1507 2446 1566; x_wconf 90' lang='lat' dir='ltr'><strong>ibi</strong></span> <span class='ocrx_word' id='word_1_363' title='bbox 2491 1527 2540 1565; x_wconf 89' lang='lat' dir='ltr'><strong>a.</strong></span> <span class='ocrx_word' id='word_1_364' title='bbox 2584 1516 2744 1570; x_wconf 86' lang='lat'>1593</span> <span class='ocrx_word' id='word_1_365' title='bbox 2797 1507 3046 1581; x_wconf 84' lang='lat' dir='ltr'><strong>adeptus</strong></span> 
     </span>
     <span class='ocr_line' id='line_1_52' title="bbox 1763 1595 3046 1658; baseline -0.005 0"><span class='ocrx_word' id='word_1_366' title='bbox 1763 1604 1879 1658; x_wconf 88' lang='lat' dir='ltr'><strong>est:</strong></span> <span class='ocrx_word' id='word_1_367' title='bbox 1914 1601 2161 1658; x_wconf 84' lang='lat' dir='ltr'><strong>vacante</strong></span> <span class='ocrx_word' id='word_1_368' title='bbox 2213 1617 2351 1656; x_wconf 88' lang='lat' dir='ltr'><strong>vero</strong></span> <span class='ocrx_word' id='word_1_369' title='bbox 2384 1597 2540 1655; x_wconf 88' lang='lat' dir='ltr'><strong>circa</strong></span> <span class='ocrx_word' id='word_1_370' title='bbox 2578 1595 2757 1655; x_wconf 89' lang='lat' dir='ltr'><strong>finem</strong></span> <span class='ocrx_word' id='word_1_371' title='bbox 2788 1616 2836 1653; x_wconf 91' lang='lat' dir='ltr'><strong>a.</strong></span> <span class='ocrx_word' id='word_1_372' title='bbox 2882 1605 3046 1658; x_wconf 84' lang='lat'>1604</span> 
     </span>
     <span class='ocr_line' id='line_1_53' title="bbox 1762 1684 3050 1764; baseline -0.005 -18"><span class='ocrx_word' id='word_1_373' title='bbox 1762 1708 1870 1764; x_wconf 83' lang='lat' dir='ltr'><strong>per</strong></span> <span class='ocrx_word' id='word_1_374' title='bbox 1931 1688 2161 1748; x_wconf 89' lang='lat' dir='ltr'><strong>obitum</strong></span> <span class='ocrx_word' id='word_1_375' title='bbox 2237 1688 2400 1746; x_wconf 92' lang='lat' dir='ltr'><strong>Dom.</strong></span> <span class='ocrx_word' id='word_1_376' title='bbox 2464 1687 2697 1744; x_wconf 89' lang='lat' dir='ltr'><strong>Bannez</strong></span> <span class='ocrx_word' id='word_1_377' title='bbox 2771 1684 3050 1759; x_wconf 89' lang='lat' dir='ltr'><strong>primaria</strong></span> 
     </span>
     <span class='ocr_line' id='line_1_54' title="bbox 1762 1773 3049 1854; baseline -0.005 -19"><span class='ocrx_word' id='word_1_378' title='bbox 1762 1778 2097 1854; x_wconf 82' lang='lat' dir='ltr'><strong>theologiae</strong></span> <span class='ocrx_word' id='word_1_379' title='bbox 2159 1775 2439 1834; x_wconf 76' lang='lat' dir='ltr'><strong>cathedra</strong></span> <span class='ocrx_word' id='word_1_380' title='bbox 2498 1793 2682 1849; x_wconf 86' lang='lat' dir='ltr'><strong>eaque</strong></span> <span class='ocrx_word' id='word_1_381' title='bbox 2757 1773 2828 1831; x_wconf 90' lang='lat' dir='ltr'><strong>de</strong></span> <span class='ocrx_word' id='word_1_382' title='bbox 2890 1791 3049 1830; x_wconf 88' lang='lat' dir='ltr'><strong>more</strong></span> 
     </span>
     <span class='ocr_line' id='line_1_55' title="bbox 1763 1861 3047 1941; baseline -0.005 -17"><span class='ocrx_word' id='word_1_383' title='bbox 1763 1865 2156 1941; x_wconf 77' lang='lat' dir='ltr'><strong>disputationi</strong></span> <span class='ocrx_word' id='word_1_384' title='bbox 2187 1864 2467 1940; x_wconf 82' lang='lat' dir='ltr'><strong>exposita,</strong></span> <span class='ocrx_word' id='word_1_385' title='bbox 2516 1863 2589 1921; x_wconf 92' lang='lat' dir='ltr'><strong>ad</strong></span> <span class='ocrx_word' id='word_1_386' title='bbox 2621 1863 2863 1921; x_wconf 84' lang='lat' dir='ltr'><strong>eandem</strong></span> <span class='ocrx_word' id='word_1_387' title='bbox 2897 1861 3047 1937; x_wconf 88' lang='lat' dir='ltr'><strong>aspi-</strong></span> 
     </span>
     <span class='ocr_line' id='line_1_56' title="bbox 1764 1951 3048 2024; baseline -0.004 -12"><span class='ocrx_word' id='word_1_388' title='bbox 1764 1958 1932 2014; x_wconf 74' lang='lat' dir='ltr'><strong>rante</strong></span> <span class='ocrx_word' id='word_1_389' title='bbox 1965 1959 2026 2013; x_wconf 87' lang='lat' dir='ltr'><strong>et</strong></span> <span class='ocrx_word' id='word_1_390' title='bbox 2057 1956 2440 2013; x_wconf 87' lang='lat' dir='ltr'><strong>concurrente</strong></span> <span class='ocrx_word' id='word_1_391' title='bbox 2456 1952 2673 2009; x_wconf 87' lang='lat' dir='ltr'><strong>celebri</strong></span> <span class='ocrx_word' id='word_1_392' title='bbox 2693 1951 3048 2024; x_wconf 78' lang='lat' dir='ltr'><strong>eruditeque</strong></span> 
     </span>
     <span class='ocr_line' id='line_1_57' title="bbox 1763 2040 3048 2119; baseline -0.004 -18"><span class='ocrx_word' id='word_1_393' title='bbox 1763 2045 2066 2119; x_wconf 87' lang='lat' dir='ltr'><strong>Alphonso</strong></span> <span class='ocrx_word' id='word_1_394' title='bbox 2100 2042 2293 2101; x_wconf 86' lang='lat' dir='ltr'><strong>Curiel</strong></span> <span class='ocrx_word' id='word_1_395' title='bbox 2337 2040 2646 2100; x_wconf 87' lang='lat' dir='ltr'><strong>cathedrae</strong></span> <span class='ocrx_word' id='word_1_396' title='bbox 2680 2041 3048 2115; x_wconf 85' lang='lat' dir='ltr'><strong>vespertinae</strong></span> 
     </span>
     <span class='ocr_line' id='line_1_58' title="bbox 1765 2128 3046 2204; baseline -0.003 -15"><span class='ocrx_word' id='word_1_397' title='bbox 1765 2138 1893 2190; x_wconf 89' lang='lat' dir='ltr'><strong>tum</strong></span> <span class='ocrx_word' id='word_1_398' title='bbox 1926 2132 2312 2200; x_wconf 86' lang='lat' dir='ltr'><strong>moderatore,</strong></span> <span class='ocrx_word' id='word_1_399' title='bbox 2357 2130 2451 2188; x_wconf 90' lang='lat' dir='ltr'><strong>cui</strong></span> <span class='ocrx_word' id='word_1_400' title='bbox 2484 2130 2752 2204; x_wconf 90' lang='lat' dir='ltr'><strong>plerique</strong></span> <span class='ocrx_word' id='word_1_401' title='bbox 2784 2128 3046 2186; x_wconf 89' lang='lat' dir='ltr'><strong>omnium</strong></span> 
     </span>
     <span class='ocr_line' id='line_1_59' title="bbox 1764 2218 3045 2295; baseline -0.006 -16"><span class='ocrx_word' id='word_1_402' title='bbox 1764 2221 2038 2280; x_wconf 79' lang='lat' dir='ltr'><strong>ordinum</strong></span> <span class='ocrx_word' id='word_1_403' title='bbox 2072 2220 2570 2295; x_wconf 86' lang='lat' dir='ltr'><strong>collegiorumque</strong></span> <span class='ocrx_word' id='word_1_404' title='bbox 2602 2218 2714 2276; x_wconf 88' lang='lat' dir='ltr'><strong>viri</strong></span> <span class='ocrx_word' id='word_1_405' title='bbox 2748 2218 3045 2284; x_wconf 85' lang='lat' dir='ltr'><strong>favebant,</strong></span> 
     </span>
     <span class='ocr_line' id='line_1_60' title="bbox 1765 2305 3045 2390; baseline -0.005 -23"><span class='ocrx_word' id='word_1_406' title='bbox 1765 2311 1907 2368; x_wconf 89' lang='lat' dir='ltr'><strong>vicit</strong></span> <span class='ocrx_word' id='word_1_407' title='bbox 1937 2319 2133 2367; x_wconf 79' lang='lat' dir='ltr'><strong>tamen</strong></span> <span class='ocrx_word' id='word_1_408' title='bbox 2150 2305 2195 2390; x_wconf 86' lang='lat'><strong>¹)</strong></span> <span class='ocrx_word' id='word_1_409' title='bbox 2248 2312 2427 2382; x_wconf 89' lang='lat' dir='ltr'><strong>atque</strong></span> <span class='ocrx_word' id='word_1_410' title='bbox 2480 2308 2740 2364; x_wconf 86' lang='lat' dir='ltr'><strong>lauream</strong></span> <span class='ocrx_word' id='word_1_411' title='bbox 2775 2305 3045 2380; x_wconf 82' lang='lat' dir='ltr'><strong>disputa-</strong></span> 
     </span>
     <span class='ocr_line' id='line_1_61' title="bbox 1764 2394 3052 2472; baseline -0.003 -16"><span class='ocrx_word' id='word_1_412' title='bbox 1764 2399 1923 2456; x_wconf 91' lang='lat' dir='ltr'><strong>tione</strong></span> <span class='ocrx_word' id='word_1_413' title='bbox 1955 2397 2301 2472; x_wconf 86' lang='lat' dir='ltr'><strong>reportavit,</strong></span> <span class='ocrx_word' id='word_1_414' title='bbox 2352 2415 2460 2471; x_wconf 90' lang='lat' dir='ltr'><strong>pro</strong></span> <span class='ocrx_word' id='word_1_415' title='bbox 2492 2414 2611 2470; x_wconf 89' lang='lat' dir='ltr'><strong>qua</strong></span> <span class='ocrx_word' id='word_1_416' title='bbox 2642 2394 2889 2453; x_wconf 84' lang='lat' dir='ltr'><strong>victoria</strong></span> <span class='ocrx_word' id='word_1_417' title='bbox 2923 2395 3052 2468; x_wconf 90' lang='lat' dir='ltr'><strong>ipse</strong></span> 
     </span>
     <span class='ocr_line' id='line_1_62' title="bbox 1766 2483 3049 2561; baseline -0.005 -16"><span class='ocrx_word' id='word_1_418' title='bbox 1766 2488 2029 2545; x_wconf 90' lang='lat' dir='ltr'><strong>Clemens</strong></span> <span class='ocrx_word' id='word_1_419' title='bbox 2042 2486 2198 2544; x_wconf 92' lang='lat' dir='ltr'><strong>VIII.</strong></span> <span class='ocrx_word' id='word_1_420' title='bbox 2230 2486 2282 2544; x_wconf 92' lang='lat' dir='ltr'><strong>ei</strong></span> <span class='ocrx_word' id='word_1_421' title='bbox 2317 2485 2657 2561; x_wconf 84' lang='lat' dir='ltr'><strong>gratulatus</strong></span> <span class='ocrx_word' id='word_1_422' title='bbox 2690 2501 2812 2541; x_wconf 90' lang='lat' dir='ltr'><strong>esse</strong></span> <span class='ocrx_word' id='word_1_423' title='bbox 2846 2483 3049 2540; x_wconf 80' lang='lat' dir='ltr'><strong>fertur.</strong></span> 
     </span>
     <span class='ocr_line' id='line_1_63' title="bbox 1766 2572 3051 2649; baseline -0.005 -13"><span class='ocrx_word' id='word_1_424' title='bbox 1766 2577 1932 2636; x_wconf 90' lang='lat' dir='ltr'><strong>Hanc</strong></span> <span class='ocrx_word' id='word_1_425' title='bbox 1962 2595 2101 2636; x_wconf 88' lang='lat' dir='ltr'><strong>vero</strong></span> <span class='ocrx_word' id='word_1_426' title='bbox 2136 2595 2270 2635; x_wconf 88' lang='lat' dir='ltr'><strong>cum</strong></span> <span class='ocrx_word' id='word_1_427' title='bbox 2302 2593 2420 2635; x_wconf 92' lang='lat' dir='ltr'><strong>non</strong></span> <span class='ocrx_word' id='word_1_428' title='bbox 2455 2573 2688 2649; x_wconf 88' lang='lat' dir='ltr'><strong>vulgari</strong></span> <span class='ocrx_word' id='word_1_429' title='bbox 2712 2572 2902 2631; x_wconf 91' lang='lat' dir='ltr'><strong>totius</strong></span> <span class='ocrx_word' id='word_1_430' title='bbox 2925 2590 3051 2630; x_wconf 84' lang='lat' dir='ltr'><strong>aca-</strong></span> 
     </span>
     <span class='ocr_line' id='line_1_64' title="bbox 1767 2662 3053 2739; baseline -0.003 -17"><span class='ocrx_word' id='word_1_431' title='bbox 1767 2667 1993 2724; x_wconf 87' lang='lat' dir='ltr'><strong>demiae</strong></span> <span class='ocrx_word' id='word_1_432' title='bbox 2025 2665 2203 2724; x_wconf 88' lang='lat' dir='ltr'><strong>laude</strong></span> <span class='ocrx_word' id='word_1_433' title='bbox 2235 2669 2296 2722; x_wconf 90' lang='lat' dir='ltr'><strong>et</strong></span> <span class='ocrx_word' id='word_1_434' title='bbox 2327 2683 2539 2739; x_wconf 87' lang='lat' dir='ltr'><strong>magna</strong></span> <span class='ocrx_word' id='word_1_435' title='bbox 2572 2681 2680 2737; x_wconf 90' lang='lat' dir='ltr'><strong>per</strong></span> <span class='ocrx_word' id='word_1_436' title='bbox 2709 2662 3053 2737; x_wconf 83' lang='lat' dir='ltr'><strong>Hispaniam</strong></span> 
     </span>
     <span class='ocr_line' id='line_1_65' title="bbox 1766 2750 3054 2833; baseline -0.002 -22"><span class='ocrx_word' id='word_1_437' title='bbox 1766 2756 1923 2812; x_wconf 86' lang='lat' dir='ltr'><strong>fama</strong></span> <span class='ocrx_word' id='word_1_438' title='bbox 1953 2750 2187 2833; x_wconf 80' lang='lat' dir='ltr'><strong>rexit2).</strong></span> <span class='ocrx_word' id='word_1_439' title='bbox 2222 2756 2269 2811; x_wconf 89' lang='lat' dir='ltr'>A</span> <span class='ocrx_word' id='word_1_440' title='bbox 2304 2753 2580 2828; x_wconf 89' lang='lat' dir='ltr'><strong>Philippo</strong></span> <span class='ocrx_word' id='word_1_441' title='bbox 2612 2751 2715 2808; x_wconf 94' lang='lat' dir='ltr'><strong>III.</strong></span> <span class='ocrx_word' id='word_1_442' title='bbox 2750 2751 3054 2808; x_wconf 87' lang='lat' dir='ltr'><strong>canarien-</strong></span> 
     </span>
     <span class='ocr_line' id='line_1_66' title="bbox 1768 2836 3056 2921; baseline -0.003 -20"><span class='ocrx_word' id='word_1_443' title='bbox 1768 2844 1850 2901; x_wconf 89' lang='lat' dir='ltr'><strong>sis</strong></span> <span class='ocrx_word' id='word_1_444' title='bbox 1901 2844 2212 2918; x_wconf 87' lang='lat' dir='ltr'><strong>episcopus</strong></span> <span class='ocrx_word' id='word_1_445' title='bbox 2264 2842 2610 2919; x_wconf 87' lang='lat' dir='ltr'><strong>designatus</strong></span> <span class='ocrx_word' id='word_1_446' title='bbox 2665 2836 2889 2921; x_wconf 82' lang='lat'>(1621)</span> <span class='ocrx_word' id='word_1_447' title='bbox 2922 2860 3056 2899; x_wconf 83' lang='lat' dir='ltr'><strong>mox</strong></span> 
     </span>
     <span class='ocr_line' id='line_1_67' title="bbox 1770 2928 3057 3013; baseline -0.005 -20"><span class='ocrx_word' id='word_1_448' title='bbox 1770 2928 1997 3013; x_wconf 85' lang='lat'>(1622)</span> <span class='ocrx_word' id='word_1_449' title='bbox 2032 2932 2104 2990; x_wconf 88' lang='lat' dir='ltr'><strong>ad</strong></span> <span class='ocrx_word' id='word_1_450' title='bbox 2138 2932 2334 2990; x_wconf 86' lang='lat' dir='ltr'><strong>sedem</strong></span> <span class='ocrx_word' id='word_1_451' title='bbox 2384 2931 2702 2990; x_wconf 86' lang='lat' dir='ltr'><strong>tudensem</strong></span> <span class='ocrx_word' id='word_1_452' title='bbox 2747 2934 3057 3003; x_wconf 84' lang='lat' dir='ltr'><strong>promotus</strong></span> 
     </span>
     <span class='ocr_line' id='line_1_68' title="bbox 1765 3012 3058 3101; baseline -0.002 -24"><span class='ocrx_word' id='word_1_453' title='bbox 1765 3022 1888 3078; x_wconf 81' lang='lat' dir='ltr'><strong>fuit</strong></span> <span class='ocrx_word' id='word_1_454' title='bbox 1922 3017 1983 3101; x_wconf 87' lang='lat'><strong>(†</strong></span> <span class='ocrx_word' id='word_1_455' title='bbox 2019 3031 2117 3083; x_wconf 90' lang='lat'><strong>31.</strong></span> <span class='ocrx_word' id='word_1_456' title='bbox 2152 3012 2283 3079; x_wconf 86' lang='lat' dir='ltr'><strong>Dec.</strong></span> <span class='ocrx_word' id='word_1_457' title='bbox 2315 3016 2527 3101; x_wconf 87' lang='lat'>1630).</span> <span class='ocrx_word' id='word_1_458' title='bbox 2561 3019 2645 3077; x_wconf 93' lang='lat' dir='ltr'><strong>De</strong></span> <span class='ocrx_word' id='word_1_459' title='bbox 2665 3037 2732 3076; x_wconf 90' lang='lat' dir='ltr'><strong>eo</strong></span> <span class='ocrx_word' id='word_1_460' title='bbox 2749 3018 2833 3075; x_wconf 87' lang='lat' dir='ltr'><strong>ita</strong></span> <span class='ocrx_word' id='word_1_461' title='bbox 2854 3018 3058 3076; x_wconf 87' lang='lat' dir='ltr'><strong>scribit</strong></span> 
     </span>
     <span class='ocr_line' id='line_1_69' title="bbox 1767 3106 3057 3184; baseline -0.002 -18"><span class='ocrx_word' id='word_1_462' title='bbox 1767 3109 2019 3184; x_wconf 88' lang='lat' dir='ltr'><strong>insignis</strong></span> <span class='ocrx_word' id='word_1_463' title='bbox 2071 3109 2412 3168; x_wconf 88' lang='lat' dir='ltr'><strong>Dominicus</strong></span> <span class='ocrx_word' id='word_1_464' title='bbox 2463 3106 2887 3181; x_wconf 77' lang='lat' dir='ltr'><strong>Gravina⁸):</strong></span> <span class='ocrx_word' id='word_1_465' title='bbox 2954 3106 3057 3174; x_wconf 70' lang='lat' dir='ltr'><strong>,R</strong></span> 
     </span>
     <span class='ocr_line' id='line_1_70' title="bbox 1768 3195 3056 3256; baseline -0.004 0"><span class='ocrx_word' id='word_1_466' title='bbox 1768 3200 1979 3256; x_wconf 89' lang='lat' dir='ltr'><strong>Petrus</strong></span> <span class='ocrx_word' id='word_1_467' title='bbox 2040 3198 2111 3255; x_wconf 90' lang='lat' dir='ltr'><strong>de</strong></span> <span class='ocrx_word' id='word_1_468' title='bbox 2165 3199 2415 3256; x_wconf 72' lang='lat' dir='ltr'><strong>Heirera</strong></span> <span class='ocrx_word' id='word_1_469' title='bbox 2462 3214 2621 3255; x_wconf 90' lang='lat' dir='ltr'><strong>nunc</strong></span> <span class='ocrx_word' id='word_1_470' title='bbox 2668 3195 3056 3253; x_wconf 78' lang='lat' dir='ltr'><strong>scholasticus</strong></span> 
     </span>
     <span class='ocr_line' id='line_1_71' title="bbox 1768 3286 3056 3362; baseline -0.003 -17"><span class='ocrx_word' id='word_1_471' title='bbox 1768 3288 2038 3362; x_wconf 82' lang='lat' dir='ltr'><strong>insignis,</strong></span> <span class='ocrx_word' id='word_1_472' title='bbox 2103 3305 2292 3345; x_wconf 87' lang='lat' dir='ltr'><strong>novus</strong></span> <span class='ocrx_word' id='word_1_473' title='bbox 2344 3286 2525 3361; x_wconf 86' lang='lat' dir='ltr'><strong>Ajoth</strong></span> <span class='ocrx_word' id='word_1_474' title='bbox 2575 3288 2831 3357; x_wconf 89' lang='lat' dir='ltr'><strong>utraque</strong></span> <span class='ocrx_word' id='word_1_475' title='bbox 2878 3303 3056 3341; x_wconf 85' lang='lat' dir='ltr'><strong>manu</strong></span> 
     </span>
     <span class='ocr_line' id='line_1_72' title="bbox 1766 3371 3056 3451; baseline -0.002 -18"><span class='ocrx_word' id='word_1_476' title='bbox 1766 3395 1874 3451; x_wconf 91' lang='lat' dir='ltr'><strong>pro</strong></span> <span class='ocrx_word' id='word_1_477' title='bbox 1936 3376 2177 3433; x_wconf 80' lang='lat' dir='ltr'><strong>dextera</strong></span> <span class='ocrx_word' id='word_1_478' title='bbox 2238 3381 2433 3443; x_wconf 84' lang='lat' dir='ltr'><strong>utens,</strong></span> <span class='ocrx_word' id='word_1_479' title='bbox 2496 3374 2559 3431; x_wconf 90' lang='lat' dir='ltr'><strong>in</strong></span> <span class='ocrx_word' id='word_1_480' title='bbox 2607 3371 3056 3447; x_wconf 85' lang='lat' dir='ltr'><strong>interpretando</strong></span> 
     </span>
     <span class='ocr_line' id='line_1_73' title="bbox 1769 3460 3054 3534; baseline -0.003 -12"><span class='ocrx_word' id='word_1_481' title='bbox 1769 3483 1812 3522; x_wconf 76' lang='lat' dir='ltr'><strong>s,</strong></span> <span class='ocrx_word' id='word_1_482' title='bbox 1848 3464 2070 3522; x_wconf 89' lang='lat' dir='ltr'><strong>Thoma</strong></span> <span class='ocrx_word' id='word_1_483' title='bbox 2103 3463 2534 3521; x_wconf 83' lang='lat' dir='ltr'><strong>subtilissimus</strong></span> <span class='ocrx_word' id='word_1_484' title='bbox 2565 3465 2625 3519; x_wconf 87' lang='lat' dir='ltr'><strong>et</strong></span> <span class='ocrx_word' id='word_1_485' title='bbox 2645 3461 2707 3517; x_wconf 91' lang='lat' dir='ltr'><strong>in</strong></span> <span class='ocrx_word' id='word_1_486' title='bbox 2732 3460 3054 3534; x_wconf 84' lang='lat' dir='ltr'><strong>Scripturis</strong></span> 
     </span>
     <span class='ocr_line' id='line_1_74' title="bbox 1769 3549 3056 3627; baseline -0.003 -17"><span class='ocrx_word' id='word_1_487' title='bbox 1769 3553 1947 3611; x_wconf 87' lang='lat' dir='ltr'><strong>sacris</strong></span> <span class='ocrx_word' id='word_1_488' title='bbox 1965 3551 2326 3627; x_wconf 81' lang='lat' dir='ltr'><strong>exponendis</strong></span> <span class='ocrx_word' id='word_1_489' title='bbox 2341 3549 2838 3627; x_wconf 87' lang='lat' dir='ltr'><strong>profundissimus</strong></span> <span class='ocrx_word' id='word_1_490' title='bbox 2852 3570 2864 3618; x_wconf 93' lang='lat'>;</span> <span class='ocrx_word' id='word_1_491' title='bbox 2886 3550 3056 3623; x_wconf 85' lang='lat' dir='ltr'><strong>cujus</strong></span> 
     </span>
     <span class='ocr_line' id='line_1_75' title="bbox 1768 3638 3056 3712; baseline -0.003 -13"><span class='ocrx_word' id='word_1_492' title='bbox 1768 3643 2112 3699; x_wconf 89' lang='lat' dir='ltr'><strong>innumerae</strong></span> <span class='ocrx_word' id='word_1_493' title='bbox 2158 3641 2221 3698; x_wconf 90' lang='lat' dir='ltr'><strong>in</strong></span> <span class='ocrx_word' id='word_1_494' title='bbox 2254 3640 2605 3698; x_wconf 83' lang='lat' dir='ltr'><strong>scholastica</strong></span> <span class='ocrx_word' id='word_1_495' title='bbox 2634 3641 2695 3696; x_wconf 89' lang='lat' dir='ltr'><strong>et</strong></span> <span class='ocrx_word' id='word_1_496' title='bbox 2726 3638 3056 3712; x_wconf 77' lang='lat' dir='ltr'><strong>expositiva</strong></span> 
     </span>
     <span class='ocr_line' id='line_1_76' title="bbox 1768 3727 3055 3806; baseline -0.002 -20"><span class='ocrx_word' id='word_1_497' title='bbox 1768 3730 2063 3806; x_wconf 84' lang='lat' dir='ltr'><strong>theologia</strong></span> <span class='ocrx_word' id='word_1_498' title='bbox 2123 3729 2572 3788; x_wconf 87' lang='lat' dir='ltr'><strong>lucubrationes</strong></span> <span class='ocrx_word' id='word_1_499' title='bbox 2636 3727 2900 3785; x_wconf 89' lang='lat' dir='ltr'><strong>nondum</strong></span> <span class='ocrx_word' id='word_1_500' title='bbox 2945 3727 3055 3783; x_wconf 91' lang='lat' dir='ltr'><strong>im-</strong></span> 
     </span>
     <span class='ocr_line' id='line_1_77' title="bbox 1768 3817 3053 3894; baseline -0.003 -18"><span class='ocrx_word' id='word_1_501' title='bbox 1768 3837 2005 3894; x_wconf 85' lang='lat' dir='ltr'><strong>pressae</strong></span> <span class='ocrx_word' id='word_1_502' title='bbox 2069 3818 2343 3876; x_wconf 88' lang='lat' dir='ltr'><strong>manibus</strong></span> <span class='ocrx_word' id='word_1_503' title='bbox 2422 3817 2688 3875; x_wconf 90' lang='lat' dir='ltr'><strong>omnium</strong></span> <span class='ocrx_word' id='word_1_504' title='bbox 2756 3819 3053 3884; x_wconf 84' lang='lat' dir='ltr'><strong>teruntur,</strong></span> 
     </span>
     <span class='ocr_line' id='line_1_78' title="bbox 1768 3906 3054 3980; baseline -0.004 -14"><span class='ocrx_word' id='word_1_505' title='bbox 1768 3908 2146 3977; x_wconf 77' lang='lat' dir='ltr'><strong>evolvuntur,</strong></span> <span class='ocrx_word' id='word_1_506' title='bbox 2224 3906 2558 3965; x_wconf 85' lang='lat' dir='ltr'><strong>avidissime</strong></span> <span class='ocrx_word' id='word_1_507' title='bbox 2635 3908 3054 3980; x_wconf 77' lang='lat' dir='ltr'><strong>expetuntur.‘</strong></span> 
     </span>
     <span class='ocr_line' id='line_1_79' title="bbox 1768 3994 3054 4073; baseline -0.002 -19"><span class='ocrx_word' id='word_1_508' title='bbox 1768 3997 1947 4073; x_wconf 84' lang='lat' dir='ltr'><strong>Typis</strong></span> <span class='ocrx_word' id='word_1_509' title='bbox 1978 3996 2358 4071; x_wconf 88' lang='lat' dir='ltr'><strong>prodierunt:</strong></span> <span class='ocrx_word' id='word_1_510' title='bbox 2390 3996 2459 4053; x_wconf 90' lang='lat' dir='ltr'><strong>In</strong></span> <span class='ocrx_word' id='word_1_511' title='bbox 2480 3998 2804 4053; x_wconf 88' lang='lat' dir='ltr'><strong>tractatum</strong></span> <span class='ocrx_word' id='word_1_512' title='bbox 2828 3995 2895 4053; x_wconf 87' lang='lat' dir='ltr'><strong>de</strong></span> <span class='ocrx_word' id='word_1_513' title='bbox 2928 3994 3054 4051; x_wconf 76' lang='lat' dir='ltr'><strong>Tri-</strong></span> 
     </span>
     <span class='ocr_line' id='line_1_80' title="bbox 1769 4083 3058 4159; baseline -0.003 -16"><span class='ocrx_word' id='word_1_514' title='bbox 1769 4087 1944 4143; x_wconf 78' lang='lat' dir='ltr'><strong>nitate</strong></span> <span class='ocrx_word' id='word_1_515' title='bbox 1993 4086 2045 4143; x_wconf 92' lang='lat' dir='ltr'><strong>d.</strong></span> <span class='ocrx_word' id='word_1_516' title='bbox 2080 4085 2332 4143; x_wconf 87' lang='lat' dir='ltr'><strong>Thomae</strong></span> <span class='ocrx_word' id='word_1_517' title='bbox 2381 4088 2491 4159; x_wconf 89' lang='lat' dir='ltr'><strong>Aq.</strong></span> <span class='ocrx_word' id='word_1_518' title='bbox 2543 4083 2947 4143; x_wconf 87' lang='lat' dir='ltr'><strong>commentarii</strong></span> <span class='ocrx_word' id='word_1_519' title='bbox 2998 4087 3058 4140; x_wconf 90' lang='lat' dir='ltr'><strong>et</strong></span> 
     </span>
     <span class='ocr_line' id='line_1_81' title="bbox 1768 4172 3057 4249; baseline -0.004 -17"><span class='ocrx_word' id='word_1_520' title='bbox 1768 4174 2223 4247; x_wconf 84' lang='lat' dir='ltr'><strong>disputationes,</strong></span> <span class='ocrx_word' id='word_1_521' title='bbox 2258 4174 2471 4249; x_wconf 89' lang='lat' dir='ltr'><strong>Papiae</strong></span> <span class='ocrx_word' id='word_1_522' title='bbox 2504 4182 2668 4236; x_wconf 81' lang='lat'>1627</span> <span class='ocrx_word' id='word_1_523' title='bbox 2701 4172 2766 4229; x_wconf 92' lang='lat' dir='ltr'><strong>in</strong></span> <span class='ocrx_word' id='word_1_524' title='bbox 2801 4182 2874 4243; x_wconf 82' lang='grc'>4.,</span> <span class='ocrx_word' id='word_1_525' title='bbox 2908 4190 3057 4247; x_wconf 88' lang='lat' dir='ltr'><strong>opus</strong></span> 
     </span>
     <span class='ocr_line' id='line_1_82' title="bbox 1769 4262 2187 4327; baseline 0 -7"><span class='ocrx_word' id='word_1_526' title='bbox 1769 4262 1937 4320; x_wconf 88' lang='lat' dir='ltr'><strong>valde</strong></span> <span class='ocrx_word' id='word_1_527' title='bbox 1972 4282 2187 4327; x_wconf 86' lang='lat' dir='ltr'><strong>rarum.</strong></span> 
     </span>
    </p>
   </div>
   <div class='ocr_carea' id='block_1_7' title="bbox 1770 4404 2089 4411">
    <p class='ocr_par' dir='ltr' id='par_1_8' title="bbox 1770 4404 2089 4411">
     <span class='ocr_line' id='line_1_83' title="bbox 1770 4404 2089 4411; baseline 0 782"><span class='ocrx_word' id='word_1_528' title='bbox 1770 4404 2089 4411; x_wconf 95' lang='lat' dir='ltr'><strong> </strong></span> 
     </span>
    </p>
   </div>
   <div class='ocr_carea' id='block_1_8' title="bbox 1767 4515 3059 4661">
    <p class='ocr_par' dir='ltr' id='par_1_9' title="bbox 1767 4515 3059 4661">
     <span class='ocr_line' id='line_1_84' title="bbox 1848 4515 3059 4588; baseline -0.004 -16"><span class='ocrx_word' id='word_1_529' title='bbox 1848 4522 1884 4581; x_wconf 69' lang='lat'><strong>¹)</strong></span> <span class='ocrx_word' id='word_1_530' title='bbox 1912 4520 1996 4572; x_wconf 78' lang='lat' dir='ltr'><strong>Ab</strong></span> <span class='ocrx_word' id='word_1_531' title='bbox 2037 4537 2086 4574; x_wconf 82' lang='lat' dir='ltr'><strong>a.</strong></span> <span class='ocrx_word' id='word_1_532' title='bbox 2118 4524 2257 4577; x_wconf 86' lang='lat'>1416</span> <span class='ocrx_word' id='word_1_533' title='bbox 2299 4536 2520 4588; x_wconf 83' lang='lat' dir='ltr'><strong>semper</strong></span> <span class='ocrx_word' id='word_1_534' title='bbox 2561 4518 2705 4571; x_wconf 85' lang='lat' dir='ltr'><strong>hanc</strong></span> <span class='ocrx_word' id='word_1_535' title='bbox 2732 4515 3059 4570; x_wconf 85' lang='lat' dir='ltr'><strong>cathedram</strong></span> 
     </span>
     <span class='ocr_line' id='line_1_85' title="bbox 1767 4586 3059 4661; baseline -0.002 -19"><span class='ocrx_word' id='word_1_536' title='bbox 1767 4590 2007 4644; x_wconf 84' lang='lat' dir='ltr'><strong>victores</strong></span> <span class='ocrx_word' id='word_1_537' title='bbox 2027 4592 2463 4661; x_wconf 78' lang='lat' dir='ltr'><strong>reportaverant</strong></span> <span class='ocrx_word' id='word_1_538' title='bbox 2483 4589 2587 4641; x_wconf 82' lang='lat' dir='ltr'><strong>viri</strong></span> <span class='ocrx_word' id='word_1_539' title='bbox 2609 4588 2754 4642; x_wconf 84' lang='lat' dir='ltr'><strong>docti</strong></span> <span class='ocrx_word' id='word_1_540' title='bbox 2778 4604 2844 4641; x_wconf 84' lang='lat' dir='ltr'><strong>ex</strong></span> <span class='ocrx_word' id='word_1_541' title='bbox 2866 4586 3059 4640; x_wconf 86' lang='lat' dir='ltr'><strong>ordine</strong></span> 
     </span>
    </p>
   </div>
   <div class='ocr_carea' id='block_1_9' title="bbox 497 4659 2250 4730">
    <p class='ocr_par' dir='ltr' id='par_1_10' title="bbox 497 4659 2250 4730">
     <span class='ocr_line' id='line_1_86' title="bbox 497 4659 2250 4730; baseline 0.003 -17"><span class='ocrx_word' id='word_1_542' title='bbox 497 4664 540 4730; x_wconf 85' lang='lat'><strong>⁴)</strong></span> <span class='ocrx_word' id='word_1_543' title='bbox 569 4660 791 4714; x_wconf 87' lang='lat' dir='ltr'><strong>Echard</strong></span> <span class='ocrx_word' id='word_1_544' title='bbox 818 4660 1023 4721; x_wconf 75' lang='lat' dir='ltr'>1L437.</span> <span class='ocrx_word' id='word_1_545' title='bbox 1052 4659 1153 4727; x_wconf 89' lang='lat' dir='ltr'><strong>qui</strong></span> <span class='ocrx_word' id='word_1_546' title='bbox 1171 4663 1423 4713; x_wconf 85' lang='lat' dir='ltr'><strong>recenset</strong></span> <span class='ocrx_word' id='word_1_547' title='bbox 1438 4660 1550 4713; x_wconf 88' lang='lat' dir='ltr'><strong>alia</strong></span> <span class='ocrx_word' id='word_1_548' title='bbox 1568 4660 1713 4728; x_wconf 83' lang='lat' dir='ltr'><strong>ejus·</strong></span> <span class='ocrx_word' id='word_1_549' title='bbox 1770 4661 2250 4719; x_wconf 86' lang='lat' dir='ltr'><strong>Praedicatorum.</strong></span> 
     </span>
    </p>
   </div>
   <div class='ocr_carea' id='block_1_10' title="bbox 425 4730 1710 4866">
    <p class='ocr_par' dir='ltr' id='par_1_11' title="bbox 425 4730 1710 4866">
     <span class='ocr_line' id='line_1_87' title="bbox 425 4730 1710 4799; baseline 0.002 -17"><span class='ocrx_word' id='word_1_550' title='bbox 425 4730 552 4782; x_wconf 89' lang='lat' dir='ltr'><strong>dem</strong></span> <span class='ocrx_word' id='word_1_551' title='bbox 580 4748 752 4799; x_wconf 80' lang='lat' dir='ltr'><strong>opera.</strong></span> <span class='ocrx_word' id='word_1_552' title='bbox 777 4730 894 4783; x_wconf 83' lang='lat' dir='ltr'><strong>sive</strong></span> <span class='ocrx_word' id='word_1_553' title='bbox 916 4730 1138 4799; x_wconf 87' lang='lat' dir='ltr'><strong>philoso</strong></span> <span class='ocrx_word' id='word_1_554' title='bbox 1159 4731 1309 4783; x_wconf 69' lang='lat' dir='ltr'><strong>ihica</strong></span> <span class='ocrx_word' id='word_1_555' title='bbox 1324 4731 1439 4785; x_wconf 84' lang='lat' dir='ltr'><strong>sive</strong></span> <span class='ocrx_word' id='word_1_556' title='bbox 1456 4731 1710 4785; x_wconf 85' lang='lat' dir='ltr'><strong>ascetica.</strong></span> 
     </span>
     <span class='ocr_line' id='line_1_88' title="bbox 428 4800 1319 4866; baseline 0.001 -13"><span class='ocrx_word' id='word_1_557' title='bbox 428 4801 510 4853; x_wconf 87' lang='lat' dir='ltr'><strong>Cf.</strong></span> <span class='ocrx_word' id='word_1_558' title='bbox 537 4801 659 4855; x_wconf 86' lang='lat' dir='ltr'><strong>Nic.</strong></span> <span class='ocrx_word' id='word_1_559' title='bbox 686 4803 881 4854; x_wconf 86' lang='lat' dir='ltr'><strong>Anto</strong></span> <span class='ocrx_word' id='word_1_560' title='bbox 901 4800 1100 4854; x_wconf 87' lang='lat' dir='ltr'><strong>nium</strong></span> <span class='ocrx_word' id='word_1_561' title='bbox 1158 4806 1319 4866; x_wconf 59' lang='lat'><strong>,2311</strong></span> 
     </span>
    </p>
   </div>
   <div class='ocr_carea' id='block_1_11' title="bbox 1845 4732 2765 4873">
    <p class='ocr_par' dir='ltr' id='par_1_12' title="bbox 1845 4732 2765 4873">
     <span class='ocr_line' id='line_1_89' title="bbox 1845 4732 2491 4799; baseline -0.014 -6"><span class='ocrx_word' id='word_1_562' title='bbox 1845 4739 1883 4799; x_wconf 83' lang='lat'><strong>²)</strong></span> <span class='ocrx_word' id='word_1_563' title='bbox 1913 4733 1996 4785; x_wconf 81' lang='lat' dir='ltr'><strong>Cf.</strong></span> <span class='ocrx_word' id='word_1_564' title='bbox 2024 4732 2247 4787; x_wconf 85' lang='lat' dir='ltr'><strong>Echard</strong></span> <span class='ocrx_word' id='word_1_565' title='bbox 2274 4732 2343 4796; x_wconf 88' lang='grc' dir='ltr'>ΙΙ,</span> <span class='ocrx_word' id='word_1_566' title='bbox 2370 4735 2491 4787; x_wconf 83' lang='grc'>467.</span> 
     </span>
     <span class='ocr_line' id='line_1_90' title="bbox 1845 4803 2765 4873; baseline -0.008 -13"><span class='ocrx_word' id='word_1_567' title='bbox 1845 4808 1886 4873; x_wconf 77' lang='lat'><strong>³)</strong></span> <span class='ocrx_word' id='word_1_568' title='bbox 1915 4807 1981 4859; x_wconf 87' lang='lat' dir='ltr'><strong>In</strong></span> <span class='ocrx_word' id='word_1_569' title='bbox 2010 4805 2159 4859; x_wconf 78' lang='lat' dir='ltr'><strong>Voce</strong></span> <span class='ocrx_word' id='word_1_570' title='bbox 2186 4803 2424 4860; x_wconf 84' lang='lat' dir='ltr'><strong>turturis</strong></span> <span class='ocrx_word' id='word_1_571' title='bbox 2452 4820 2503 4871; x_wconf 87' lang='lat' dir='ltr'><strong>p.</strong></span> <span class='ocrx_word' id='word_1_572' title='bbox 2532 4806 2580 4856; x_wconf 84' lang='grc'>2.</span> <span class='ocrx_word' id='word_1_573' title='bbox 2611 4819 2653 4860; x_wconf 84' lang='lat' dir='ltr'><strong>c,</strong></span> <span class='ocrx_word' id='word_1_574' title='bbox 2682 4805 2765 4856; x_wconf 79' lang='lat'><strong>23.</strong></span> 
     </span>
    </p>
   </div>
  </div>
 </body>
</html>
