3625 5193
450 244 576 300 685

449 433 556 473 nos
593 415 905 490 orphanos,
942 414 1055 472 sub
1087 417 1146 473 te
1171 433 1322 489 quae
1341 415 1730 490 peccavimus,

449 510 639 578 pater,
675 503 785 561 filii
819 503 1322 562 emendabimus.‘
1371 504 1440 562 In
1472 504 1732 562 comitiis

450 591 616 651 Pauli
655 591 718 650 V.
753 612 964 667 pamm
997 593 1209 661 abfuit,
1261 593 1407 667 quin
1455 593 1521 651 in
1570 611 1732 651 sum-

450 702 613 741 mum
662 682 985 758 eligeretur
1042 680 1399 758 pontificem,
1454 681 1556 740 sed
1605 682 1732 756 ipse

403 788 404 791 ’
449 770 646 830 virum
715 770 1133 847 gravissimum
1206 789 1381 829 suum
1443 770 1729 842 studium,

448 878 638 935 opem,
674 879 914 934 operam
956 878 1023 920 ac
1068 860 1403 919 clientelam
1450 861 1731 934 pollicen-

448 954 588 1017 tem,
621 952 693 1007 ut
724 948 1052 1021 desisteret,
1073 968 1178 1025 per
1197 966 1364 1007 sacra
1381 949 1577 1007 omnia
1595 949 1731 1006 hor·

449 1041 612 1096 tatus
647 1041 753 1107 est,
788 1055 896 1096 nec
928 1038 983 1095 ei
1023 1057 1131 1114 pro
1178 1038 1285 1096 hac
1330 1037 1732 1096 sollicitudine

449 1127 670 1203 gratias
703 1127 844 1203 egit.
887 1127 1106 1185 Paulus
1142 1126 1205 1185 V.
1239 1145 1371 1185 mox
1405 1129 1475 1184 ut
1504 1127 1729 1185 electus

451 1219 557 1284 est,
592 1217 787 1275 vetuit
816 1216 1244 1275 Bellarminum
1276 1214 1441 1274 abire
1463 1234 1623 1274 asuo
1646 1217 1728 1274 la-

446 1307 590 1373 tere,
644 1323 778 1363 cum
828 1306 1013 1364 vellet
1061 1305 1388 1380 plurimum
1447 1306 1577 1380 ejus
1639 1305 1730 1363 uti

448 1393 723 1452 consiliis.
774 1394 998 1452 Nolens
1045 1413 1181 1453 vero
1227 1393 1396 1469 gregi
1440 1413 1727 1469 praeesse,

450 1482 544 1540 cui
580 1501 699 1540 non
730 1483 914 1557 possit
944 1502 1005 1541 se
1036 1483 1309 1541 exhibere
1340 1487 1727 1557 praesentem,

449 1571 724 1630 ecclesiae
744 1589 1045 1647 capuanae
1064 1571 1454 1634 renunciavit.
1478 1573 1729 1630 Maxime

448 1660 520 1717 ab
568 1678 636 1719 eo
684 1664 950 1736 tempore
996 1661 1060 1719 in
1101 1680 1144 1718 s.
1177 1661 1728 1737 congregationibus

449 1752 769 1825 occupatus
799 1750 934 1819 fuit,
969 1750 1030 1808 in
1052 1750 1271 1825 quibus
1293 1750 1566 1807 libertate
1587 1769 1727 1826 apo-

449 1838 655 1897 stolica
688 1839 1047 1897 sententiam
1080 1840 1386 1914 promebat
1410 1858 1594 1909 suam,
1616 1839 1725 1897 eti-

444 1927 588 1984 amsi
648 1928 1023 2002 praevideret
1071 1929 1270 1986 minus
1318 1931 1551 2005 gratam
1598 1948 1724 1986 eam

446 2015 587 2086 fore,
622 2016 974 2091 plerumque
1004 2025 1203 2075 tamen
1236 2036 1437 2076 omnes
1458 2036 1591 2075 eum
1614 2017 1724 2076 du-

446 2122 570 2163 cem
602 2107 1023 2179 sequebantur,
1050 2106 1299 2181 ejusque
1320 2124 1600 2181 responsa
1619 2124 1724 2180 pro

444 2194 695 2252 oraculis
729 2194 1027 2254 habebant
1042 2190 1108 2275 ¹).
1160 2195 1274 2263 Qui
1307 2196 1435 2270 ejus
1480 2194 1723 2253 cliente-

445 2281 534 2340 lae
583 2301 642 2340 se
689 2284 1181 2342 commendabant
1227 2302 1334 2359 pro
1383 2283 1721 2341 obtinendis

441 2370 740 2429 beneficiis
796 2373 1224 2443 ecclesiast-ieie,
1285 2390 1383 2431 eos
1435 2373 1543 2431 hoc
1590 2371 1722 2446 ipso

440 2459 639 2517 minus
675 2460 917 2519 idoneos
953 2463 1246 2531 censebat,
1287 2461 1432 2520 adeo
1480 2461 1721 2520 virtutis

444 2548 699 2608 habebat
730 2550 1038 2610 rationem.
1091 2551 1243 2609 Dum
1277 2569 1416 2609 vero
1453 2550 1537 2609 ita
1566 2550 1721 2609 bono

439 2639 796 2697 universalis
837 2640 1126 2698 Ecclesiae
1173 2640 1535 2710 consulebat,
1584 2659 1719 2714 pro·

439 2727 627 2802 priam
677 2748 796 2787 non
845 2729 1188 2805 negligebat
1237 2729 1504 2787 salutem.
1564 2728 1719 2796 Quo·

441 2816 639 2874 tannis
675 2821 939 2876 secretus
973 2818 1046 2875 ab
1080 2818 1212 2876 aliis
1244 2817 1401 2875 curis
1436 2818 1509 2875 ad
1543 2818 1717 2876 silen-

440 2904 593 2963 tium
628 2909 689 2964 et
721 2906 1239 2982 contemplationis
1292 2906 1564 2964 studium
1613 2926 1721 2981 per

438 3012 702 3052 mensem
736 2991 940 3075 (quem
971 2996 1035 3052 in
1067 2995 1370 3053 societatis
1404 2996 1549 3053 Jesu
1573 2996 1718 3052 tiro-

437 3082 591 3140 cinio
610 3080 1005 3165 transigebat)
1025 3085 1340 3161 confugere
1353 3088 1477 3141 erat
1487 3084 1716 3154 solituS‚

436 3171 739 3245 pulverem
774 3191 841 3229 ex
886 3173 1141 3250 negotiis
1196 3176 1566 3231 contractum
1618 3192 1716 3230 ex-

439 3278 725 3319 cussurus
749 3264 925 3336 atque
946 3263 1017 3320 ad
1038 3262 1396 3320 reddendam
1422 3263 1538 3320 Deo
1560 3262 1715 3319 villi-

439 3350 688 3407 cationis
733 3369 874 3408 suae
919 3351 1206 3409 rationem
1252 3369 1379 3409 sese
1418 3369 1713 3425 compara-

435 3439 626 3496 turus.
663 3439 766 3497 Pia
797 3457 968 3498 sensa
999 3442 1059 3496 et
1088 3440 1320 3498 lumina
1348 3439 1410 3498 in
1433 3457 1593 3498 sacro
1612 3439 1716 3497 illo

436 3545 665 3585 recessu
707 3528 920 3586 hausta
964 3528 1027 3587 in
1073 3529 1366 3603 piissimos
1413 3528 1717 3604 redigebat

434 3615 666 3674 libellos
677 3612 744 3698 2),
768 3636 917 3693 quos
939 3617 1075 3675 dein
1094 3617 1366 3692 publicae
1386 3617 1565 3675 dabat
1584 3618 1713 3686 luci,

437 3765 752 3772 ———.-——..

512 3858 550 3926 Ι)
578 3855 660 3912 Cf.
686 3857 855 3910 Vitae
881 3856 919 3909 l.
945 3861 995 3912 3.
1024 3873 1067 3910 c.
1094 3860 1142 3913 5.
1174 3856 1284 3910 ΚΒ.
1313 3857 1379 3922 ΙΙ,
1408 3862 1513 3915 286
1540 3875 1614 3911 ss,-

510 3933 549 3998 ¹¹)
577 3927 783 3982 Libelli
824 3928 882 3980 hi
924 3928 1267 3996 dignissimi,
1323 3930 1422 3997 qui
1462 3929 1716 3999 impense

434 3999 894 4053 commendentur
966 4000 1386 4068 diligenterque
1454 4001 1718 4068 legantur

433 4073 665 4137 propter
680 4071 912 4123 ascesim
932 4070 1169 4124 solidam
1190 4074 1247 4124 et
1268 4072 1589 4125 unctionem
1609 4072 1717 4140 spi-

433 4139 593 4204 ritua,
633 4141 958 4210 saepissime
986 4142 1321 4210 prodierunt
1345 4145 1402 4195 et
1428 4144 1593 4196 sunt:
1635 4146 1718 4197 De

433 4217 732 4267 ascensione
751 4219 938 4266 menits
956 4217 1012 4266 in
1029 4216 1199 4266 Deum
1223 4233 1322 4280 per
1340 4218 1513 4267 scalas
1535 4233 1715 4267 rerum

433 4291 751 4350 creatarum,
775 4284 984 4337 Romae
1003 4287 1140 4340 1595
1160 4284 1221 4335 in
1238 4288 1331 4344 242
1355 4284 1716 4352 Antwerpiae

439 4358 603 4414 1615;
631 4358 797 4416 1618;
831 4355 1114 4408 Ferrariae
1143 4359 1281 4410 1869
1307 4358 1457 4426 (cum
1485 4355 1717 4422 reliquis

434 4427 856 4549 quat-uorzietcst
899 4427 966 4480 de
1002 4442 1116 4493 quo
1158 4426 1239 4478 ita
1279 4443 1319 4481 s.
1348 4427 1540 4480 Franc.
1569 4426 1716 4480 Sale-

433 4494 581 4550 sius:
635 4520 686 4560 „l
725 4515 907 4567 agnus
966 4500 1023 4550 et
1071 4496 1286 4551 celeber
1339 4497 1717 4550 Bellarminus

431 4567 577 4620 card.
604 4568 921 4637 composuit
935 4567 1210 4632 libellum,
1226 4568 1320 4620 cui
1336 4569 1540 4622 titulus
1557 4573 1716 4623 Scala

448 4655 529 4692 >ro
555 4657 776 4693 ascensu
802 4642 874 4692 ad
899 4643 1086 4703 Deum,
1132 4639 1228 4707 qui
1257 4656 1390 4693 sane
1417 4639 1716 4694 admirabi-

1401 228 1675 283 Robertus
1698 228 2091 284 Bellarminus.

2936 249 3058 303 686

1789 419 1852 473 et
1883 415 1987 489 qui
2020 416 2199 473 etiam
2229 434 2391 475 nunc
2422 418 2666 475 devotas
2713 417 2940 475 animas
2971 437 3063 477 re-

1789 507 2007 562 creant.
2042 506 2111 562 In
2142 505 2258 563 fine
2290 506 2613 580 cujuslibet
2632 507 2772 564 anni
2803 507 3063 565 solemne

1789 592 2014 663 habuit,
2046 595 2307 653 rationes
2327 613 2671 671 componere
2704 613 2839 653 cum
2873 597 3063 653 omni·

1787 682 1901 741 bus
1933 686 1994 740 et
2023 683 2182 758 quod
2214 688 2568 759 superesset,
2590 684 2784 742 statim
2820 684 2883 741 in
2913 704 3062 758 pau-

1785 789 1975 847 peres,
2036 772 2247 831 viduas
2307 776 2489 847 atque
2544 772 2805 848 pupillos
2857 772 3061 831 distri-

1787 860 1987 930 buere,
2021 879 2170 935 quos
2203 879 2311 920 nec
2356 866 2519 920 stare
2564 867 2703 920 ante
2748 880 2809 920 se
2855 866 3062 936 aperto

1786 949 1994 1025 capite,
2028 950 2170 1008 dum
2203 951 2419 1026 stipem
2449 954 2851 1025 precarentur,
2872 950 3062 1025 patie-

1787 1038 1983 1101 batur.
2033 1041 2202 1097 Anno
2255 1048 2413 1101 1621
2475 1044 2719 1114 propter
2762 1040 3061 1115 ingraves-

1786 1130 2013 1185 centem
2060 1127 2229 1186 annis
2277 1134 2337 1186 et
2383 1128 2857 1205 aegritudinibus
2902 1135 3062 1186 aeta-

1784 1219 1925 1286 tem,
1961 1217 2175 1293 agebat
2195 1217 2352 1275 enim
2365 1218 2493 1291 jam
2514 1237 2561 1275 a.
2588 1226 2703 1286 79„
2743 1217 3060 1292 impetrata

1785 1306 1860 1363 ab
1881 1306 2370 1380 occupationibus
2390 1306 2649 1382 publicis
2669 1305 2945 1364 missione
2967 1306 3060 1364 die

1796 1404 1888 1455 16.
1922 1397 2072 1471 Aug.
2120 1413 2187 1452 ex
2235 1395 2515 1454 Vaticano
2560 1395 2800 1453 secessit
2845 1395 2911 1453 in
2954 1396 3058 1453 ‹lo-

1783 1503 1948 1541 mum
1992 1483 2361 1559 probationis
2400 1484 2694 1543 societatis
2726 1483 2875 1542 Jesu
2906 1484 2979 1541 ad
3015 1502 3058 1542 s.

1785 1573 2071 1642 Andreae,
2103 1573 2306 1648 ibique
2336 1574 2617 1631 instantis
2657 1573 2868 1632 mortis
2914 1573 3061 1631 assi-

1783 1661 1899 1719 due
1933 1680 2170 1731 memor,
2205 1662 2365 1720 edito
2398 1663 2555 1721 hunc
2578 1662 2639 1720 in
2661 1662 2837 1721 finem
2856 1661 3060 1720 libello

1782 1751 1851 1808 de
1889 1758 2013 1807 arte
2057 1751 2188 1808 bene
2241 1752 2539 1821 moriendi,
2592 1770 2769 1825 quem
2819 1768 3061 1809 suarum

1782 1839 2111 1897 editionum
2137 1841 2310 1914 juxta
2330 1859 2396 1899 ac
2416 1840 2569 1898 vitae
2590 1840 2914 1898 terminum
2933 1858 3060 1898 esse

1783 1928 1991 1996 voluit,
2026 1927 2099 1985 ad
2130 1948 2257 1986 eam
2293 1947 2353 1986 se
2387 1930 2632 2003 paravit.
2665 1929 2834 1987 Illico
2869 1928 3061 2003 coepit

1780 2035 1849 2074 ex
1880 2016 2086 2074 morbo
2120 2018 2447 2091 periculose
2487 2017 2838 2076 decumbere
2879 2017 3060 2075 febri·

1779 2124 1895 2179 que
1927 2105 2236 2181 defatigari
2280 2106 2572 2164 continua.
2621 2105 2809 2173 Quare
2853 2110 3057 2164 vocato

1776 2212 1910 2252 mox
1944 2194 2241 2253 sacerdote
2273 2213 2435 2253 sacro
2467 2194 2682 2253 viatico
2716 2194 2786 2251 ad
2832 2195 3058 2252 exitum

1779 2282 2043 2340 roborari
2083 2287 2145 2341 et
2175 2301 2220 2340 s.
2254 2282 2445 2341 Caroli
2472 2283 2807 2341 Borromaei
2847 2282 3057 2341 mortis

1778 2521 1921 2574 quae
1948 2509 2038 2559 tot
2077 2508 2135 2559 et
2159 2507 2277 2559 tam
2304 2506 2465 2559 docte
2504 2505 2564 2559 in
2591 2504 2869 2559 Ecclesiae
2909 2506 3057 2559 utili-

1778 2581 1948 2632 tatem
1978 2577 2249 2647 scripsit.“
2294 2580 2377 2632 De
2401 2587 2613 2633 «clema
2638 2580 2884 2647 felicitate
2907 2598 3056 2633 sanc·

1776 2659 1950 2704 torum
1970 2654 2024 2704 ll.
2044 2656 2092 2718 5,
2111 2649 2319 2704 Romae
2336 2653 2499 2718 16163
2525 2649 2881 2718 Antwerpiae
2900 2654 3056 2720 16163

1777 2725 1941 2792 16173
1970 2724 2110 2777 1668
2135 2723 2263 2791 etc.;
2291 2724 2353 2775 de
2375 2731 2565 2789 septem
2592 2725 2761 2775 verbis
2787 2740 2821 2774 a
2846 2725 3057 2776 Christo

1779 2798 1831 2846 fn
1856 2811 2007 2846 cruce
2043 2796 2265 2861 prolatis
2291 2792 2351 2845 ll.
2377 2797 2427 2855 2,
2470 2792 2676 2846 Romae
2704 2797 2874 2863 1620;
2920 2795 3057 2846 Ant-

1775 2864 2019 2932 werpiae
2040 2868 2209 2923 162ος
2239 2863 2501 2917 Coloniae
2525 2868 2692 2922 162ος
2720 2868 2887 2923 1621;
2917 2869 3057 2920 1626

1775 2938 1909 2996 etc.;
1950 2937 2011 2988 de
2032 2939 2228 3003 yemitu
2266 2938 2530 2989 columbae
2568 2936 2687 2988 sive
2715 2934 2781 2988 de
2807 2934 2954 2989 bono
2981 2938 3056 2991 la-

1773 3006 2076 3060 crimarum
2116 3005 2176 3059 ll.
2216 3010 2266 3070 3,
2313 3005 2522 3059 Romae
2563 3010 2731 3064 1617:
2793 3006 3056 3060 Coloniae

1775 3081 1945 3146 1617;
1977 3081 2143 3146 1620;
2181 3081 2351 3136 1626ς
2394 3081 2563 3146 1634;
2603 3080 2739 3133 1638
2764 3080 2868 3132 etc.
2914 3077 3056 3130 Cum

1772 3147 1832 3200 in
1869 3147 1974 3200 hoc
2000 3147 2035 3200 l.
2070 3147 2444 3202 Bellarminus
2478 3150 2747 3215 querat-ur
2785 3148 2853 3202 de
2894 3149 3057 3201 disci-

1773 3219 1962 3287 plinae
1982 3218 2325 3272 relaxatione
2345 3218 2406 3272 in
2428 3219 2649 3286 aliquos
2670 3218 2855 3298 religi(
2869 3235 2915 3270 sc
2930 3236 2955 3270 s
2976 3237 3056 3272 or-

1773 3290 1932 3342 dines
1957 3289 2162 3343 sensim
2189 3290 2531 3350 introducta,
2564 3293 2833 3358 opposmt
2856 3289 3055 3342 doctis-

1774 3360 1951 3413 simus
1990 3361 2109 3414 Jac.
2155 3360 2483 3413 Gravina
2521 3359 2582 3414 O.
2628 3360 2821 3414 Praed.
2861 3359 2899 3411 l.
2952 3363 3057 3413 Vox

1772 3438 2005 3486 turturis
2044 3449 2142 3485 seu
2170 3432 2238 3484 de
2274 3431 2495 3485 florenti
2534 3447 2712 3497 usque
2752 3430 2824 3484 ad
2864 3434 3054 3484 nostra

1773 3505 2027 3572 tempora
2054 3521 2122 3556 ss.
2141 3502 2442 3564 Benedicti,
2462 3501 2758 3566 Dominici‚
2776 3501 3053 3554 Francisci

1772 3577 1829 3626 et
1855 3574 2099 3627 aliarum
2126 3592 2195 3626 ss,
2221 3573 2561 3641 religionum
2601 3575 2769 3637 statu,
2811 3573 3054 3641 Neapoli

1773 3649 1930 3701 16:25.
1996 3644 2100 3697 Pro
2162 3644 2500 3697 Bellarmino
2551 3644 2842 3713 respondit
2890 3643 3054 3712 Hugo

1777 3718 1905 3769 Ant.
1933 3715 2124 3768 Roth
2164 3717 2216 3769 S.
2251 3715 2300 3769 J.
2345 3717 2707 3784 Augustanus
2747 3716 2929 3785 (cujus
2971 3717 3056 3768 est

1773 3787 1945 3840 etiam
1975 3787 2009 3840 1.
2050 3788 2388 3855 posthumus
2432 3790 2527 3840 Via
2567 3792 2715 3852 reqia
2756 3791 2968 3840 v'rtueis
3008 3796 3055 3840 et

1770 3864 1906 3912 vitae
1929 3862 2231 3926 spiritualis
2255 3857 2509 3913 omnium
2549 3857 2938 3926 religiosorum
2973 3858 3055 3910 in-

1772 3929 1996 3983 stitutis
2045 3929 2407 3994 accomodati,
2458 3929 2743 3982 Monacbii
2785 3934 2942 3994 1639)
2992 3929 3054 3981 in

1772 4002 2039 4070 opusculo
2082 4005 2249 4055 Cavea
2294 4006 2500 4055 turturi
2541 4000 2688 4054 male
2728 4003 2926 4055 contra
2964 4017 3054 4069 ge·

1771 4075 2015 4126 mentem
2063 4072 2126 4127 R.
2172 4072 2319 4127 card.
2366 4071 2693 4125 Bellarmini
2738 4072 3054 4126 columbam

1772 4143 2085 4196 exsultanti
2136 4160 2169 4196 a
2220 4144 2484 4212 theologo
2526 4144 2783 4196 veritatis
2830 4141 3054 4196 vindice

1771 4218 2002 4279 structa,
2031 4214 2314 4268 Monachii
2344 4219 2475 4271 1631
2503 4236 2515 4268 :
2554 4215 2625 4267 ad
2653 4215 2807 4282 quod
2832 4231 3054 4282 respon·

1772 4286 1983 4338 sionem
2012 4302 2078 4338 ex
2118 4303 2251 4338 msc.
2290 4284 2567 4338 Gravinae
2608 4285 2884 4354 excerpsit
2909 4291 3051 4353 Aug.

1771 4359 1818 4407 A
1834 4375 1861 4407 r
1877 4357 2001 4409 din
2018 4376 2056 4425 g
2073 4358 2107 4408 h
2125 4373 2153 4409 e
2170 4357 2187 4409 1
2207 4375 2245 4410 u
2260 4374 2285 4409 s
2309 4360 2683 4425 Conyemv'nata
2706 4376 2803 4408 vox
2821 4361 3055 4409 turturis

1772 4427 2231 4481 florentissimum
2252 4444 2531 4481 sacrorum
2556 4427 2817 4480 ordinum
2840 4429 3051 4479 statum

1770 4499 2027 4566 disrupta
2064 4515 2233 4552 cavea.
2259 4498 2527 4566 anonymi
2573 4497 2776 4550 iterato
2804 4497 3051 4549 occinen-

1773 4569 1862 4628 tis,
1904 4569 2145 4637 Neapoli
2189 4574 2357 4628 16332
2399 4568 2663 4623 Coloniae
2706 4571 2862 4624 1638.
2903 4568 3051 4621 Haec

1769 4640 2099 4694 Bellarmini
2163 4641 2437 4709 opuscula.
2499 4639 2818 4708 germanice
2882 4640 3053 4692 vertit

454 4707 501 4761 is
527 4710 650 4774 erit,
678 4727 743 4764 eo
773 4710 925 4778 quod
951 4726 985 4761 a
1012 4708 1442 4778 sapientissimis
1467 4711 1583 4764 illis
1603 4729 1715 4764 ma.-
1771 4712 2061 4779 ediditque
2090 4711 2273 4766 Hense
2298 4711 2508 4779 partim
2534 4711 2883 4781 Moguntiae,
2927 4727 3052 4778 par·

433 4779 599 4834 nibus
625 4785 683 4834 et
716 4780 1081 4834 devotissima
1121 4781 1219 4834 illa
1254 4783 1444 4835 anima
1486 4783 1713 4852 prodiit,
1770 4783 1872 4836 tim
1901 4782 2289 4836 Paderbornae
2316 4786 2458 4839 1868
2484 4799 2552 4836 εει.
