<?xml version="1.0" encoding="UTF-8"?>
<!DOCTYPE html PUBLIC "-//W3C//DTD XHTML 1.0 Transitional//EN"
    "http://www.w3.org/TR/xhtml1/DTD/xhtml1-transitional.dtd">
<html xmlns="http://www.w3.org/1999/xhtml" xml:lang="en" lang="en">
 <head>
  <title>
</title>
<meta http-equiv="Content-Type" content="text/html;charset=utf-8" />
  <meta name='ocr-system' content='tesseract 3.04.00' />
  <meta name='ocr-capabilities' content='ocr_page ocr_carea ocr_par ocr_line ocrx_word'/>
</head>
<body>
  <div class='ocr_page' id='page_1' title='image "./nomenclatorlite11hurtgoog_0448.png"; bbox 0 0 3625 5193; ppageno 0'>
   <div class='ocr_carea' id='block_1_1' title="bbox 599 273 721 328">
    <p class='ocr_par' dir='ltr' id='par_1_1' title="bbox 599 273 721 328">
     <span class='ocr_line' id='line_1_1' title="bbox 599 273 721 328; baseline -0.033 0"><span class='ocrx_word' id='word_1_1' title='bbox 599 273 721 328; x_wconf 73' lang='lat'><strong>879</strong></span> 
     </span>
    </p>
   </div>
   <div class='ocr_carea' id='block_1_2' title="bbox 544 441 1883 4425">
    <p class='ocr_par' dir='ltr' id='par_1_2' title="bbox 544 441 1883 4425">
     <span class='ocr_line' id='line_1_2' title="bbox 596 441 1882 516; baseline 0 -16"><span class='ocrx_word' id='word_1_2' title='bbox 596 447 834 501; x_wconf 56' lang='lat' dir='ltr'><strong>coactus</strong></span> <span class='ocrx_word' id='word_1_3' title='bbox 868 446 958 500; x_wconf 87' lang='lat' dir='ltr'><strong>est</strong></span> <span class='ocrx_word' id='word_1_4' title='bbox 1000 441 1570 516; x_wconf 86' lang='lat' dir='ltr'><strong>archiepiscopatum</strong></span> <span class='ocrx_word' id='word_1_5' title='bbox 1615 445 1882 500; x_wconf 87' lang='lat' dir='ltr'><strong>taranta-</strong></span> 
     </span>
     <span class='ocr_line' id='line_1_3' title="bbox 596 524 1883 612; baseline 0 -23"><span class='ocrx_word' id='word_1_6' title='bbox 596 532 791 589; x_wconf 88' lang='lat' dir='ltr'><strong>sinum</strong></span> <span class='ocrx_word' id='word_1_7' title='bbox 827 528 888 612; x_wconf 92' lang='lat'><strong>(†</strong></span> <span class='ocrx_word' id='word_1_8' title='bbox 918 552 966 587; x_wconf 85' lang='lat' dir='ltr'><strong>a.</strong></span> <span class='ocrx_word' id='word_1_9' title='bbox 1008 524 1224 611; x_wconf 86' lang='grc'><strong>1627).</strong></span> <span class='ocrx_word' id='word_1_10' title='bbox 1259 529 1522 605; x_wconf 77' lang='lat' dir='ltr'>Reliquit</span> <span class='ocrx_word' id='word_1_11' title='bbox 1552 530 1755 606; x_wconf 86' lang='lat' dir='ltr'><strong>plures</strong></span> <span class='ocrx_word' id='word_1_12' title='bbox 1787 533 1883 589; x_wconf 92' lang='lat' dir='ltr'><strong>lu·</strong></span> 
     </span>
     <span class='ocr_line' id='line_1_4' title="bbox 596 619 1883 694; baseline 0.001 -17"><span class='ocrx_word' id='word_1_13' title='bbox 596 620 994 683; x_wconf 84' lang='lat' dir='ltr'><strong>cubrationes,</strong></span> <span class='ocrx_word' id='word_1_14' title='bbox 1042 638 1192 694; x_wconf 89' lang='lat' dir='ltr'><strong>quae</strong></span> <span class='ocrx_word' id='word_1_15' title='bbox 1238 619 1310 676; x_wconf 80' lang='lat' dir='ltr'><strong>ad</strong></span> <span class='ocrx_word' id='word_1_16' title='bbox 1357 619 1559 676; x_wconf 84' lang='lat' dir='ltr'><strong>studia</strong></span> <span class='ocrx_word' id='word_1_17' title='bbox 1603 621 1883 678; x_wconf 90' lang='lat' dir='ltr'><strong>canonica</strong></span> 
     </span>
     <span class='ocr_line' id='line_1_5' title="bbox 594 707 1880 785; baseline 0.001 -19"><span class='ocrx_word' id='word_1_18' title='bbox 594 710 897 784; x_wconf 85' lang='lat' dir='ltr'><strong>pertinent</strong></span> <span class='ocrx_word' id='word_1_19' title='bbox 933 710 1211 783; x_wconf 85' lang='lat' dir='ltr'><strong>lect-uque</strong></span> <span class='ocrx_word' id='word_1_20' title='bbox 1246 711 1387 766; x_wconf 90' lang='lat' dir='ltr'><strong>sunt</strong></span> <span class='ocrx_word' id='word_1_21' title='bbox 1426 707 1880 785; x_wconf 88' lang='lat' dir='ltr'><strong>dignisissimae‚</strong></span> 
     </span>
     <span class='ocr_line' id='line_1_6' title="bbox 594 798 1881 856; baseline 0.001 -1"><span class='ocrx_word' id='word_1_22' title='bbox 594 798 719 856; x_wconf 88' lang='lat' dir='ltr'><strong>uti:</strong></span> <span class='ocrx_word' id='word_1_23' title='bbox 757 800 1043 856; x_wconf 75' lang='lat' dir='ltr'><strong>Paratitla</strong></span> <span class='ocrx_word' id='word_1_24' title='bbox 1078 800 1139 854; x_wconf 80' lang='lat' dir='ltr'><strong>in</strong></span> <span class='ocrx_word' id='word_1_25' title='bbox 1170 799 1227 854; x_wconf 89' lang='lat' dir='ltr'><strong>ll.</strong></span> <span class='ocrx_word' id='word_1_26' title='bbox 1262 801 1299 855; x_wconf 90' lang='lat'><em>5</em></span> <span class='ocrx_word' id='word_1_27' title='bbox 1336 798 1703 855; x_wconf 75' lang='lat' dir='ltr'><strong><em>decretalium</em></strong></span> <span class='ocrx_word' id='word_1_28' title='bbox 1736 798 1881 856; x_wconf 82' lang='lat' dir='ltr'><strong>Gre-</strong></span> 
     </span>
     <span class='ocr_line' id='line_1_7' title="bbox 587 886 1878 963; baseline 0.007 -20"><span class='ocrx_word' id='word_1_29' title='bbox 587 889 742 963; x_wconf 74' lang='grc' dir='ltr'><strong><em>9ονὶἰ</em></strong></span> <span class='ocrx_word' id='word_1_30' title='bbox 774 887 888 960; x_wconf 85' lang='lat' dir='ltr'><strong>IX,</strong></span> <span class='ocrx_word' id='word_1_31' title='bbox 935 890 1242 963; x_wconf 77' lang='lat' dir='ltr'><strong>Augustae</strong></span> <span class='ocrx_word' id='word_1_32' title='bbox 1274 886 1673 944; x_wconf 76' lang='lat' dir='ltr'>Taurinorum</span> <span class='ocrx_word' id='word_1_33' title='bbox 1714 896 1878 951; x_wconf 84' lang='lat'>1586</span> 
     </span>
     <span class='ocr_line' id='line_1_8' title="bbox 593 976 1881 1052; baseline 0.002 -20"><span class='ocrx_word' id='word_1_34' title='bbox 593 976 655 1033; x_wconf 91' lang='lat' dir='ltr'><strong>in</strong></span> <span class='ocrx_word' id='word_1_35' title='bbox 698 976 767 1045; x_wconf 81' lang='lat' dir='ltr'><strong>f‚;</strong></span> <span class='ocrx_word' id='word_1_36' title='bbox 823 977 1407 1034; x_wconf 78' lang='lat' dir='ltr'><strong>Animadversionum</strong></span> <span class='ocrx_word' id='word_1_37' title='bbox 1456 977 1582 1033; x_wconf 90' lang='lat' dir='ltr'><strong>tam</strong></span> <span class='ocrx_word' id='word_1_38' title='bbox 1632 994 1701 1033; x_wconf 87' lang='lat' dir='ltr'><strong>ex</strong></span> <span class='ocrx_word' id='word_1_39' title='bbox 1742 977 1881 1052; x_wconf 87' lang='lat' dir='ltr'><strong>jure</strong></span> 
     </span>
     <span class='ocr_line' id='line_1_9' title="bbox 594 1064 1879 1140; baseline 0.005 -18"><span class='ocrx_word' id='word_1_40' title='bbox 594 1065 891 1139; x_wconf 83' lang='lat' dir='ltr'><strong>pontificio</strong></span> <span class='ocrx_word' id='word_1_41' title='bbox 914 1084 1087 1140; x_wconf 84' lang='lat' dir='ltr'><strong>quam</strong></span> <span class='ocrx_word' id='word_1_42' title='bbox 1112 1082 1379 1122; x_wconf 82' lang='lat' dir='ltr'><strong>caesareo</strong></span> <span class='ocrx_word' id='word_1_43' title='bbox 1400 1064 1461 1122; x_wconf 91' lang='lat' dir='ltr'><strong>ll.</strong></span> <span class='ocrx_word' id='word_1_44' title='bbox 1488 1073 1542 1134; x_wconf 87' lang='lat'><strong>2,</strong></span> <span class='ocrx_word' id='word_1_45' title='bbox 1574 1064 1651 1123; x_wconf 91' lang='lat' dir='ltr'><strong>ib.</strong></span> <span class='ocrx_word' id='word_1_46' title='bbox 1683 1075 1879 1136; x_wconf 78' lang='lat'>15863</span> 
     </span>
     <span class='ocr_line' id='line_1_10' title="bbox 592 1151 1881 1229; baseline 0.002 -19"><span class='ocrx_word' id='word_1_47' title='bbox 592 1154 662 1211; x_wconf 86' lang='lat' dir='ltr'><strong>de</strong></span> <span class='ocrx_word' id='word_1_48' title='bbox 692 1151 931 1212; x_wconf 76' lang='lat' dir='ltr'><strong>indultis</strong></span> <span class='ocrx_word' id='word_1_49' title='bbox 961 1154 1303 1229; x_wconf 78' lang='lat' dir='ltr'><strong>apostolici3‚</strong></span> <span class='ocrx_word' id='word_1_50' title='bbox 1362 1154 1578 1212; x_wconf 87' lang='lat' dir='ltr'><strong>Romae</strong></span> <span class='ocrx_word' id='word_1_51' title='bbox 1618 1164 1780 1219; x_wconf 83' lang='lat'>1590</span> <span class='ocrx_word' id='word_1_52' title='bbox 1816 1155 1881 1212; x_wconf 90' lang='lat' dir='ltr'><strong>in</strong></span> 
     </span>
     <span class='ocr_line' id='line_1_11' title="bbox 592 1243 1878 1313; baseline 0.001 -14"><span class='ocrx_word' id='word_1_53' title='bbox 592 1243 664 1311; x_wconf 87' lang='lat' dir='ltr'><strong>s.;</strong></span> <span class='ocrx_word' id='word_1_54' title='bbox 698 1245 767 1300; x_wconf 85' lang='lat' dir='ltr'><strong>de</strong></span> <span class='ocrx_word' id='word_1_55' title='bbox 786 1261 1083 1301; x_wconf 81' lang='lat' dir='ltr'><strong>sacrorum</strong></span> <span class='ocrx_word' id='word_1_56' title='bbox 1118 1243 1583 1301; x_wconf 78' lang='lat' dir='ltr'><strong>immunitatibus</strong></span> <span class='ocrx_word' id='word_1_57' title='bbox 1613 1244 1671 1306; x_wconf 85' lang='lat' dir='ltr'><strong>ll.</strong></span> <span class='ocrx_word' id='word_1_58' title='bbox 1710 1254 1764 1313; x_wconf 90' lang='lat'><strong>3,</strong></span> <span class='ocrx_word' id='word_1_59' title='bbox 1799 1245 1878 1302; x_wconf 90' lang='lat' dir='ltr'><strong>ib.</strong></span> 
     </span>
     <span class='ocr_line' id='line_1_12' title="bbox 600 1332 1880 1402; baseline -0.002 -8"><span class='ocrx_word' id='word_1_60' title='bbox 600 1342 755 1394; x_wconf 83' lang='lat'>1591</span> <span class='ocrx_word' id='word_1_61' title='bbox 820 1334 882 1389; x_wconf 89' lang='lat' dir='ltr'><strong>in</strong></span> <span class='ocrx_word' id='word_1_62' title='bbox 928 1332 998 1402; x_wconf 85' lang='lat' dir='ltr'><strong>f.,</strong></span> <span class='ocrx_word' id='word_1_63' title='bbox 1050 1351 1184 1389; x_wconf 87' lang='lat' dir='ltr'><strong>cum</strong></span> <span class='ocrx_word' id='word_1_64' title='bbox 1235 1332 1548 1391; x_wconf 72' lang='lat' dir='ltr'><em>assertione</em></span> <span class='ocrx_word' id='word_1_65' title='bbox 1596 1333 1880 1391; x_wconf 75' lang='lat' dir='ltr'><em>libertatis</em></span> 
     </span>
     <span class='ocr_line' id='line_1_13' title="bbox 592 1421 1873 1495; baseline 0.003 -17"><span class='ocrx_word' id='word_1_66' title='bbox 592 1421 1107 1495; x_wconf 82' lang='lat' dir='ltr'><strong>immunitatisque</strong></span> <span class='ocrx_word' id='word_1_67' title='bbox 1124 1421 1570 1491; x_wconf 89' lang='lat' dir='ltr'><strong>ecclesiasticae,</strong></span> <span class='ocrx_word' id='word_1_68' title='bbox 1601 1422 1678 1479; x_wconf 90' lang='lat' dir='ltr'><strong>ib.</strong></span> <span class='ocrx_word' id='word_1_69' title='bbox 1710 1432 1873 1484; x_wconf 81' lang='grc'><strong>1607</strong></span> 
     </span>
     <span class='ocr_line' id='line_1_14' title="bbox 594 1509 1876 1585; baseline 0.002 -19"><span class='ocrx_word' id='word_1_70' title='bbox 594 1510 656 1566; x_wconf 91' lang='lat' dir='ltr'><strong>in</strong></span> <span class='ocrx_word' id='word_1_71' title='bbox 691 1519 747 1570; x_wconf 85' lang='lat'><strong>4.</strong></span> <span class='ocrx_word' id='word_1_72' title='bbox 782 1509 997 1567; x_wconf 84' lang='lat' dir='ltr'><strong>Scribit</strong></span> <span class='ocrx_word' id='word_1_73' title='bbox 1029 1509 1390 1579; x_wconf 85' lang='lat' dir='ltr'><strong>Pancirolus,</strong></span> <span class='ocrx_word' id='word_1_74' title='bbox 1424 1509 1547 1572; x_wconf 83' lang='lat' dir='ltr'><strong>Jac.</strong></span> <span class='ocrx_word' id='word_1_75' title='bbox 1578 1511 1876 1585; x_wconf 83' lang='lat' dir='ltr'><strong>Cujacium</strong></span> 
     </span>
     <span class='ocr_line' id='line_1_15' title="bbox 593 1597 1879 1672; baseline 0.002 -18"><span class='ocrx_word' id='word_1_76' title='bbox 593 1598 874 1655; x_wconf 75' lang='lat' dir='ltr'><strong>confectis</strong></span> <span class='ocrx_word' id='word_1_77' title='bbox 907 1599 968 1654; x_wconf 89' lang='lat' dir='ltr'><strong>in</strong></span> <span class='ocrx_word' id='word_1_78' title='bbox 1003 1598 1063 1654; x_wconf 92' lang='lat' dir='ltr'><strong>ll.</strong></span> <span class='ocrx_word' id='word_1_79' title='bbox 1107 1597 1529 1672; x_wconf 80' lang='lat' dir='ltr'>pandectarum</span> <span class='ocrx_word' id='word_1_80' title='bbox 1572 1602 1632 1657; x_wconf 92' lang='lat' dir='ltr'><strong>et</strong></span> <span class='ocrx_word' id='word_1_81' title='bbox 1664 1600 1879 1658; x_wconf 88' lang='lat' dir='ltr'><strong>codicis</strong></span> 
     </span>
     <span class='ocr_line' id='line_1_16' title="bbox 592 1687 1874 1763; baseline 0.004 -21"><span class='ocrx_word' id='word_1_82' title='bbox 592 1687 911 1760; x_wconf 83' lang='lat' dir='ltr'><strong>paratitlis.</strong></span> <span class='ocrx_word' id='word_1_83' title='bbox 961 1687 1226 1744; x_wconf 88' lang='lat' dir='ltr'><strong>animum</strong></span> <span class='ocrx_word' id='word_1_84' title='bbox 1259 1687 1330 1744; x_wconf 88' lang='lat' dir='ltr'><strong>ad</strong></span> <span class='ocrx_word' id='word_1_85' title='bbox 1355 1689 1458 1761; x_wconf 85' lang='lat' dir='ltr'><strong>jus</strong></span> <span class='ocrx_word' id='word_1_86' title='bbox 1504 1689 1874 1763; x_wconf 90' lang='lat' dir='ltr'><strong>pontificium</strong></span> 
     </span>
     <span class='ocr_line' id='line_1_17' title="bbox 592 1775 1880 1852; baseline 0.003 -20"><span class='ocrx_word' id='word_1_87' title='bbox 592 1776 975 1833; x_wconf 77' lang='lat' dir='ltr'><strong>convertisse:</strong></span> <span class='ocrx_word' id='word_1_88' title='bbox 1000 1775 1099 1833; x_wconf 87' lang='lat' dir='ltr'><strong>sed</strong></span> <span class='ocrx_word' id='word_1_89' title='bbox 1122 1793 1255 1833; x_wconf 90' lang='lat' dir='ltr'><strong>cum</strong></span> <span class='ocrx_word' id='word_1_90' title='bbox 1273 1776 1571 1835; x_wconf 89' lang='lat' dir='ltr'><strong>Germonii</strong></span> <span class='ocrx_word' id='word_1_91' title='bbox 1593 1779 1880 1852; x_wconf 86' lang='lat' dir='ltr'><strong>paratitla</strong></span> 
     </span>
     <span class='ocr_line' id='line_1_18' title="bbox 591 1863 1879 1940; baseline 0.004 -20"><span class='ocrx_word' id='word_1_92' title='bbox 591 1863 835 1922; x_wconf 82' lang='lat' dir='ltr'><strong>vidisset</strong></span> <span class='ocrx_word' id='word_1_93' title='bbox 857 1866 1160 1940; x_wconf 82' lang='lat' dir='ltr'><strong>impressa,</strong></span> <span class='ocrx_word' id='word_1_94' title='bbox 1184 1864 1415 1932; x_wconf 76' lang='lat' dir='ltr'><strong>dixisse,</strong></span> <span class='ocrx_word' id='word_1_95' title='bbox 1439 1866 1591 1924; x_wconf 86' lang='lat' dir='ltr'><strong>idem</strong></span> <span class='ocrx_word' id='word_1_96' title='bbox 1616 1868 1879 1925; x_wconf 87' lang='lat' dir='ltr'><strong>stadium</strong></span> 
     </span>
     <span class='ocr_line' id='line_1_19' title="bbox 595 1953 1875 2025; baseline 0.005 -16"><span class='ocrx_word' id='word_1_97' title='bbox 595 1971 656 2009; x_wconf 90' lang='lat' dir='ltr'><strong>se</strong></span> <span class='ocrx_word' id='word_1_98' title='bbox 692 1953 945 2012; x_wconf 74' lang='lat' dir='ltr'><strong>libenter</strong></span> <span class='ocrx_word' id='word_1_99' title='bbox 990 1972 1226 2011; x_wconf 84' lang='lat' dir='ltr'><strong>currere</strong></span> <span class='ocrx_word' id='word_1_100' title='bbox 1272 1954 1547 2025; x_wconf 82' lang='lat' dir='ltr'><strong>voluisse,</strong></span> <span class='ocrx_word' id='word_1_101' title='bbox 1601 1956 1700 2014; x_wconf 88' lang='lat' dir='ltr'><strong>sed</strong></span> <span class='ocrx_word' id='word_1_102' title='bbox 1736 1956 1875 2015; x_wconf 86' lang='lat' dir='ltr'><strong>Ger-</strong></span> 
     </span>
     <span class='ocr_line' id='line_1_20' title="bbox 591 2040 1874 2125; baseline 0.002 -27"><span class='ocrx_word' id='word_1_103' title='bbox 591 2042 859 2099; x_wconf 88' lang='lat' dir='ltr'><strong>monium</strong></span> <span class='ocrx_word' id='word_1_104' title='bbox 924 2043 1034 2100; x_wconf 88' lang='lat' dir='ltr'><strong>sibi</strong></span> <span class='ocrx_word' id='word_1_105' title='bbox 1088 2044 1347 2117; x_wconf 87' lang='lat' dir='ltr'><strong>palmam</strong></span> <span class='ocrx_word' id='word_1_106' title='bbox 1404 2045 1795 2119; x_wconf 74' lang='lat' dir='ltr'><strong>praeripuisse</strong></span> <span class='ocrx_word' id='word_1_107' title='bbox 1810 2040 1874 2125; x_wconf 85' lang='lat'><strong>¹).</strong></span> 
     </span>
     <span class='ocr_line' id='line_1_21' title="bbox 594 2131 1876 2207; baseline 0.005 -21"><span class='ocrx_word' id='word_1_108' title='bbox 594 2131 894 2189; x_wconf 77' lang='lat' dir='ltr'>Laudatur</span> <span class='ocrx_word' id='word_1_109' title='bbox 915 2151 1070 2201; x_wconf 82' lang='lat' dir='ltr'><strong>vero,</strong></span> <span class='ocrx_word' id='word_1_110' title='bbox 1095 2132 1254 2207; x_wconf 90' lang='lat' dir='ltr'><strong>quod</strong></span> <span class='ocrx_word' id='word_1_111' title='bbox 1274 2139 1535 2191; x_wconf 84' lang='lat' dir='ltr'><strong>veterem</strong></span> <span class='ocrx_word' id='word_1_112' title='bbox 1567 2134 1732 2191; x_wconf 89' lang='lat' dir='ltr'><strong>illam</strong></span> <span class='ocrx_word' id='word_1_113' title='bbox 1765 2134 1804 2191; x_wconf 86' lang='lat' dir='ltr'><strong>J</strong></span> <span class='ocrx_word' id='word_1_114' title='bbox 1806 2154 1876 2192; x_wconf 92' lang='lat' dir='ltr'><strong>u-</strong></span> 
     </span>
     <span class='ocr_line' id='line_1_22' title="bbox 591 2220 1876 2296; baseline 0.004 -21"><span class='ocrx_word' id='word_1_115' title='bbox 591 2220 1029 2295; x_wconf 73' lang='lat' dir='ltr'><strong>risprudentiae</strong></span> <span class='ocrx_word' id='word_1_116' title='bbox 1049 2221 1402 2296; x_wconf 85' lang='lat' dir='ltr'><strong>dignitatem</strong></span> <span class='ocrx_word' id='word_1_117' title='bbox 1424 2225 1517 2280; x_wconf 90' lang='lat' dir='ltr'><strong>tot</strong></span> <span class='ocrx_word' id='word_1_118' title='bbox 1540 2223 1876 2281; x_wconf 89' lang='lat' dir='ltr'><strong>seculorum</strong></span> 
     </span>
     <span class='ocr_line' id='line_1_23' title="bbox 589 2310 1877 2388; baseline 0.002 -22"><span class='ocrx_word' id='word_1_119' title='bbox 589 2313 649 2366; x_wconf 87' lang='lat' dir='ltr'><strong>et</strong></span> <span class='ocrx_word' id='word_1_120' title='bbox 670 2310 1064 2384; x_wconf 78' lang='lat' dir='ltr'><strong>interpretum</strong></span> <span class='ocrx_word' id='word_1_121' title='bbox 1081 2311 1352 2368; x_wconf 85' lang='lat' dir='ltr'><strong>barbarie</strong></span> <span class='ocrx_word' id='word_1_122' title='bbox 1368 2311 1579 2369; x_wconf 85' lang='lat' dir='ltr'><strong>misere</strong></span> <span class='ocrx_word' id='word_1_123' title='bbox 1596 2329 1877 2388; x_wconf 89' lang='lat' dir='ltr'><strong>conspur-</strong></span> 
     </span>
     <span class='ocr_line' id='line_1_24' title="bbox 589 2398 1871 2477; baseline 0.004 -23"><span class='ocrx_word' id='word_1_124' title='bbox 589 2402 775 2455; x_wconf 89' lang='lat' dir='ltr'><strong>catam</strong></span> <span class='ocrx_word' id='word_1_125' title='bbox 807 2398 1232 2473; x_wconf 76' lang='lat' dir='ltr'><strong>disjectumque</strong></span> <span class='ocrx_word' id='word_1_126' title='bbox 1254 2400 1508 2473; x_wconf 87' lang='lat' dir='ltr'><strong>pristino</strong></span> <span class='ocrx_word' id='word_1_127' title='bbox 1530 2419 1637 2459; x_wconf 91' lang='lat' dir='ltr'><strong>suo</strong></span> <span class='ocrx_word' id='word_1_128' title='bbox 1656 2401 1871 2477; x_wconf 81' lang='lat' dir='ltr'><strong>decori,</strong></span> 
     </span>
     <span class='ocr_line' id='line_1_25' title="bbox 589 2487 1873 2564; baseline 0.004 -21"><span class='ocrx_word' id='word_1_129' title='bbox 589 2487 783 2561; x_wconf 86' lang='lat' dir='ltr'><strong>quoad</strong></span> <span class='ocrx_word' id='word_1_130' title='bbox 826 2496 1050 2562; x_wconf 81' lang='lat' dir='ltr'><strong>posset,</strong></span> <span class='ocrx_word' id='word_1_131' title='bbox 1099 2489 1451 2551; x_wconf 86' lang='lat' dir='ltr'><strong>restituerit,</strong></span> <span class='ocrx_word' id='word_1_132' title='bbox 1487 2523 1572 2533; x_wconf 91' lang='lat'><strong>-—</strong></span> <span class='ocrx_word' id='word_1_133' title='bbox 1605 2491 1873 2564; x_wconf 67' lang='lat' dir='ltr'><strong>Alphen-</strong></span> 
     </span>
     <span class='ocr_line' id='line_1_26' title="bbox 590 2575 1873 2656; baseline 0.002 -22"><span class='ocrx_word' id='word_1_134' title='bbox 590 2595 690 2634; x_wconf 87' lang='lat' dir='ltr'><strong>sus</strong></span> <span class='ocrx_word' id='word_1_135' title='bbox 740 2575 1105 2653; x_wconf 87' lang='lat' dir='ltr'><strong>Villagut</strong></span> <span class='ocrx_word' id='word_1_136' title='bbox 1148 2577 1213 2635; x_wconf 83' lang='lat' dir='ltr'><strong>O.</strong></span> <span class='ocrx_word' id='word_1_137' title='bbox 1261 2578 1315 2637; x_wconf 88' lang='lat' dir='ltr'><strong>S.</strong></span> <span class='ocrx_word' id='word_1_138' title='bbox 1363 2579 1503 2637; x_wconf 90' lang='lat' dir='ltr'><strong>Ben.</strong></span> <span class='ocrx_word' id='word_1_139' title='bbox 1555 2596 1873 2656; x_wconf 89' lang='lat' dir='ltr'><strong>congrega-</strong></span> 
     </span>
     <span class='ocr_line' id='line_1_27' title="bbox 588 2666 1874 2742; baseline 0.004 -21"><span class='ocrx_word' id='word_1_140' title='bbox 588 2666 770 2723; x_wconf 81' lang='lat' dir='ltr'><strong>tionis</strong></span> <span class='ocrx_word' id='word_1_141' title='bbox 804 2666 1123 2723; x_wconf 84' lang='lat' dir='ltr'><strong>casinensis</strong></span> <span class='ocrx_word' id='word_1_142' title='bbox 1156 2685 1409 2740; x_wconf 75' lang='lat' dir='ltr'><strong>praese8‚</strong></span> <span class='ocrx_word' id='word_1_143' title='bbox 1446 2667 1874 2742; x_wconf 87' lang='lat' dir='ltr'><strong>Neapolitanus</strong></span> 
     </span>
     <span class='ocr_line' id='line_1_28' title="bbox 590 2751 1875 2835; baseline -0.002 -19"><span class='ocrx_word' id='word_1_144' title='bbox 590 2751 647 2829; x_wconf 87' lang='lat'><strong>(†</strong></span> <span class='ocrx_word' id='word_1_145' title='bbox 689 2764 851 2816; x_wconf 82' lang='grc'><strong>1623</strong></span> <span class='ocrx_word' id='word_1_146' title='bbox 897 2774 945 2811; x_wconf 87' lang='lat' dir='ltr'><strong>a.</strong></span> <span class='ocrx_word' id='word_1_147' title='bbox 980 2755 1189 2812; x_wconf 85' lang='lat' dir='ltr'><strong>aetatis</strong></span> <span class='ocrx_word' id='word_1_148' title='bbox 1228 2752 1355 2835; x_wconf 79' lang='lat'><strong>57),</strong></span> <span class='ocrx_word' id='word_1_149' title='bbox 1405 2755 1594 2814; x_wconf 80' lang='lat' dir='ltr'><strong>edidit</strong></span> <span class='ocrx_word' id='word_1_150' title='bbox 1638 2762 1875 2833; x_wconf 88' lang='lat' dir='ltr'><strong>praeter</strong></span> 
     </span>
     <span class='ocr_line' id='line_1_29' title="bbox 589 2838 1870 2919; baseline 0.007 -22"><span class='ocrx_word' id='word_1_151' title='bbox 589 2838 796 2919; x_wconf 77' lang='lat' dir='ltr'><strong>alia²):</strong></span> <span class='ocrx_word' id='word_1_152' title='bbox 830 2843 1212 2917; x_wconf 75' lang='lat' dir='ltr'><strong>Alleqationes</strong></span> <span class='ocrx_word' id='word_1_153' title='bbox 1244 2846 1303 2901; x_wconf 79' lang='lat' dir='ltr'><strong>in</strong></span> <span class='ocrx_word' id='word_1_154' title='bbox 1333 2844 1479 2916; x_wconf 74' lang='lat' dir='ltr'><strong>jure,</strong></span> <span class='ocrx_word' id='word_1_155' title='bbox 1514 2864 1618 2903; x_wconf 89' lang='lat' dir='ltr'><strong>seu</strong></span> <span class='ocrx_word' id='word_1_156' title='bbox 1650 2851 1870 2905; x_wconf 85' lang='lat' dir='ltr'><strong>tracta-</strong></span> 
     </span>
     <span class='ocr_line' id='line_1_30' title="bbox 589 2930 1871 2993; baseline 0.004 -5"><span class='ocrx_word' id='word_1_157' title='bbox 589 2936 689 2988; x_wconf 84' lang='lat' dir='ltr'><strong>tus</strong></span> <span class='ocrx_word' id='word_1_158' title='bbox 711 2930 781 2987; x_wconf 87' lang='lat' dir='ltr'><strong>de</strong></span> <span class='ocrx_word' id='word_1_159' title='bbox 814 2930 993 2987; x_wconf 88' lang='lat' dir='ltr'><strong>rebus</strong></span> <span class='ocrx_word' id='word_1_160' title='bbox 1015 2933 1426 2991; x_wconf 87' lang='lat' dir='ltr'><strong>ecclesiasticis</strong></span> <span class='ocrx_word' id='word_1_161' title='bbox 1460 2953 1579 2993; x_wconf 91' lang='lat' dir='ltr'><strong>non</strong></span> <span class='ocrx_word' id='word_1_162' title='bbox 1607 2936 1871 2993; x_wconf 87' lang='lat' dir='ltr'><strong>alienau-</strong></span> 
     </span>
     <span class='ocr_line' id='line_1_31' title="bbox 589 3018 1870 3100; baseline 0.005 -25"><span class='ocrx_word' id='word_1_163' title='bbox 589 3018 708 3087; x_wconf 85' lang='lat' dir='ltr'><strong>dis,</strong></span> <span class='ocrx_word' id='word_1_164' title='bbox 760 3021 1174 3094; x_wconf 73' lang='lat' dir='ltr'><strong>recuperandis</strong></span> <span class='ocrx_word' id='word_1_165' title='bbox 1226 3026 1403 3096; x_wconf 86' lang='lat' dir='ltr'><strong>atque</strong></span> <span class='ocrx_word' id='word_1_166' title='bbox 1454 3023 1513 3080; x_wconf 90' lang='lat' dir='ltr'><strong>in</strong></span> <span class='ocrx_word' id='word_1_167' title='bbox 1566 3024 1870 3100; x_wconf 85' lang='lat' dir='ltr'><strong>integrum</strong></span> 
     </span>
     <span class='ocr_line' id='line_1_32' title="bbox 588 3107 1871 3171; baseline 0.005 -7"><span class='ocrx_word' id='word_1_168' title='bbox 588 3107 975 3166; x_wconf 79' lang='lat' dir='ltr'><strong>restituendis</strong></span> <span class='ocrx_word' id='word_1_169' title='bbox 1027 3129 1145 3167; x_wconf 90' lang='lat' dir='ltr'><strong>una</strong></span> <span class='ocrx_word' id='word_1_170' title='bbox 1195 3130 1327 3169; x_wconf 89' lang='lat' dir='ltr'><strong>cum</strong></span> <span class='ocrx_word' id='word_1_171' title='bbox 1380 3113 1673 3170; x_wconf 88' lang='lat' dir='ltr'><strong>fructibus</strong></span> <span class='ocrx_word' id='word_1_172' title='bbox 1734 3113 1871 3171; x_wconf 90' lang='lat' dir='ltr'><strong>inde</strong></span> 
     </span>
     <span class='ocr_line' id='line_1_33' title="bbox 544 3198 1869 3275; baseline 0.005 -22"><span class='ocrx_word' id='word_1_173' title='bbox 544 3234 555 3243; x_wconf 89' lang='lat'>-</span> <span class='ocrx_word' id='word_1_174' title='bbox 588 3198 880 3272; x_wconf 80' lang='lat' dir='ltr'><strong>perceptis</strong></span> <span class='ocrx_word' id='word_1_175' title='bbox 914 3200 1041 3265; x_wconf 71' lang='lat' dir='ltr'><strong>etc..</strong></span> <span class='ocrx_word' id='word_1_176' title='bbox 1076 3199 1321 3275; x_wconf 80' lang='lat' dir='ltr'><strong>Neapoli</strong></span> <span class='ocrx_word' id='word_1_177' title='bbox 1366 3210 1527 3261; x_wconf 84' lang='lat'>1603</span> <span class='ocrx_word' id='word_1_178' title='bbox 1563 3201 1627 3259; x_wconf 90' lang='lat' dir='ltr'><strong>in</strong></span> <span class='ocrx_word' id='word_1_179' title='bbox 1660 3212 1728 3271; x_wconf 82' lang='lat'><strong>43</strong></span> <span class='ocrx_word' id='word_1_180' title='bbox 1765 3202 1869 3260; x_wconf 88' lang='lat' dir='ltr'><strong>Co·</strong></span> 
     </span>
     <span class='ocr_line' id='line_1_34' title="bbox 586 3286 1870 3355; baseline 0.003 -11"><span class='ocrx_word' id='word_1_181' title='bbox 586 3286 777 3344; x_wconf 86' lang='lat' dir='ltr'><strong>leniae</strong></span> <span class='ocrx_word' id='word_1_182' title='bbox 816 3296 1016 3355; x_wconf 73' lang='lat'>16093</span> <span class='ocrx_word' id='word_1_183' title='bbox 1066 3288 1327 3346; x_wconf 78' lang='lat' dir='ltr'><strong>Praetica</strong></span> <span class='ocrx_word' id='word_1_184' title='bbox 1360 3292 1636 3348; x_wconf 80' lang='lat' dir='ltr'><strong>canonica</strong></span> <span class='ocrx_word' id='word_1_185' title='bbox 1669 3293 1870 3348; x_wconf 82' lang='lat' dir='ltr'><strong>erimi-</strong></span> 
     </span>
     <span class='ocr_line' id='line_1_35' title="bbox 587 3376 1870 3452; baseline 0.005 -21"><span class='ocrx_word' id='word_1_186' title='bbox 587 3377 739 3433; x_wconf 74' lang='lat' dir='ltr'><strong>nalis</strong></span> <span class='ocrx_word' id='word_1_187' title='bbox 760 3376 1085 3434; x_wconf 84' lang='lat' dir='ltr'><strong>secuudum</strong></span> <span class='ocrx_word' id='word_1_188' title='bbox 1118 3378 1266 3452; x_wconf 83' lang='lat' dir='ltr'><strong>juris</strong></span> <span class='ocrx_word' id='word_1_189' title='bbox 1294 3380 1622 3437; x_wconf 87' lang='lat' dir='ltr'><strong>communis</strong></span> <span class='ocrx_word' id='word_1_190' title='bbox 1655 3383 1715 3438; x_wconf 88' lang='lat' dir='ltr'><strong>et</strong></span> <span class='ocrx_word' id='word_1_191' title='bbox 1734 3379 1870 3438; x_wconf 85' lang='lat' dir='ltr'><strong>doc-</strong></span> 
     </span>
     <span class='ocr_line' id='line_1_36' title="bbox 585 3465 1869 3543; baseline 0.005 -22"><span class='ocrx_word' id='word_1_192' title='bbox 585 3470 783 3523; x_wconf 88' lang='lat' dir='ltr'><strong>torum</strong></span> <span class='ocrx_word' id='word_1_193' title='bbox 818 3465 1070 3534; x_wconf 83' lang='lat' dir='ltr'><strong>decreta,</strong></span> <span class='ocrx_word' id='word_1_194' title='bbox 1107 3467 1381 3543; x_wconf 86' lang='lat' dir='ltr'><strong>Bergomi</strong></span> <span class='ocrx_word' id='word_1_195' title='bbox 1423 3478 1620 3537; x_wconf 83' lang='lat'>15853</span> <span class='ocrx_word' id='word_1_196' title='bbox 1672 3469 1740 3525; x_wconf 83' lang='lat' dir='ltr'><strong>de</strong></span> <span class='ocrx_word' id='word_1_197' title='bbox 1771 3489 1869 3527; x_wconf 78' lang='lat' dir='ltr'><strong>ex-</strong></span> 
     </span>
     <span class='ocr_line' id='line_1_37' title="bbox 563 3556 1870 3634; baseline 0.004 -24"><span class='ocrx_word' id='word_1_198' title='bbox 563 3557 833 3611; x_wconf 64' lang='lat' dir='ltr'><strong>deus-ione</strong></span> <span class='ocrx_word' id='word_1_199' title='bbox 876 3556 1053 3630; x_wconf 70' lang='lat' dir='ltr'><strong>legsum</strong></span> <span class='ocrx_word' id='word_1_200' title='bbox 1104 3563 1220 3613; x_wconf 72' lang='lat' dir='ltr'><strong>tam</strong></span> <span class='ocrx_word' id='word_1_201' title='bbox 1269 3559 1331 3613; x_wconf 81' lang='lat' dir='ltr'><strong>in</strong></span> <span class='ocrx_word' id='word_1_202' title='bbox 1358 3576 1559 3633; x_wconf 72' lang='lat' dir='ltr'><strong>qenere</strong></span> <span class='ocrx_word' id='word_1_203' title='bbox 1602 3577 1775 3634; x_wconf 80' lang='lat' dir='ltr'><strong>quam</strong></span> <span class='ocrx_word' id='word_1_204' title='bbox 1810 3561 1870 3615; x_wconf 82' lang='lat' dir='ltr'><strong>in</strong></span> 
     </span>
     <span class='ocr_line' id='line_1_38' title="bbox 585 3642 1867 3721; baseline 0.005 -22"><span class='ocrx_word' id='word_1_205' title='bbox 585 3646 781 3717; x_wconf 74' lang='lat' dir='ltr'><strong>specie,</strong></span> <span class='ocrx_word' id='word_1_206' title='bbox 831 3642 1097 3701; x_wconf 86' lang='lat' dir='ltr'><strong>Venetiis</strong></span> <span class='ocrx_word' id='word_1_207' title='bbox 1143 3655 1303 3707; x_wconf 80' lang='grc'><strong>1602</strong></span> <span class='ocrx_word' id='word_1_208' title='bbox 1351 3645 1413 3702; x_wconf 89' lang='lat' dir='ltr'><strong>in</strong></span> <span class='ocrx_word' id='word_1_209' title='bbox 1458 3655 1531 3716; x_wconf 77' lang='grc'><strong>4.,</strong></span> <span class='ocrx_word' id='word_1_210' title='bbox 1580 3665 1730 3721; x_wconf 89' lang='lat' dir='ltr'><strong>opus</strong></span> <span class='ocrx_word' id='word_1_211' title='bbox 1776 3665 1867 3705; x_wconf 88' lang='lat' dir='ltr'><strong>se-</strong></span> 
     </span>
     <span class='ocr_line' id='line_1_39' title="bbox 584 3732 1870 3809; baseline 0.005 -22"><span class='ocrx_word' id='word_1_212' title='bbox 584 3732 843 3788; x_wconf 73' lang='lat' dir='ltr'><strong>cundum</strong></span> <span class='ocrx_word' id='word_1_213' title='bbox 880 3733 1265 3791; x_wconf 82' lang='lat' dir='ltr'><strong>Possevinum</strong></span> <span class='ocrx_word' id='word_1_214' title='bbox 1298 3736 1554 3809; x_wconf 84' lang='lat' dir='ltr'><strong>perutile</strong></span> <span class='ocrx_word' id='word_1_215' title='bbox 1593 3735 1870 3794; x_wconf 87' lang='lat' dir='ltr'><strong>theoricis</strong></span> 
     </span>
     <span class='ocr_line' id='line_1_40' title="bbox 585 3820 1872 3896; baseline 0.005 -21"><span class='ocrx_word' id='word_1_216' title='bbox 585 3828 643 3875; x_wconf 90' lang='lat' dir='ltr'><strong>et</strong></span> <span class='ocrx_word' id='word_1_217' title='bbox 677 3820 954 3894; x_wconf 70' lang='lat' dir='ltr'><strong>praet-icis</strong></span> <span class='ocrx_word' id='word_1_218' title='bbox 989 3822 1049 3877; x_wconf 88' lang='lat' dir='ltr'><strong>in</strong></span> <span class='ocrx_word' id='word_1_219' title='bbox 1084 3825 1341 3896; x_wconf 88' lang='lat' dir='ltr'><strong>utroque</strong></span> <span class='ocrx_word' id='word_1_220' title='bbox 1373 3824 1531 3889; x_wconf 84' lang='lat' dir='ltr'><strong>foro;</strong></span> <span class='ocrx_word' id='word_1_221' title='bbox 1571 3826 1638 3882; x_wconf 82' lang='lat' dir='ltr'><strong>de</strong></span> <span class='ocrx_word' id='word_1_222' title='bbox 1672 3827 1872 3882; x_wconf 77' lang='lat' dir='ltr'><strong>usuris</strong></span> 
     </span>
     <span class='ocr_line' id='line_1_41' title="bbox 585 3909 1865 3983; baseline 0.005 -20"><span class='ocrx_word' id='word_1_223' title='bbox 585 3911 879 3963; x_wconf 75' lang='lat' dir='ltr'><strong>tractatus</strong></span> <span class='ocrx_word' id='word_1_224' title='bbox 926 3909 985 3964; x_wconf 89' lang='lat' dir='ltr'><strong>in</strong></span> <span class='ocrx_word' id='word_1_225' title='bbox 1030 3929 1123 3983; x_wconf 88' lang='lat' dir='ltr'><strong>qq.</strong></span> <span class='ocrx_word' id='word_1_226' title='bbox 1164 3921 1241 3971; x_wconf 86' lang='lat'><strong>35</strong></span> <span class='ocrx_word' id='word_1_227' title='bbox 1290 3911 1534 3979; x_wconf 84' lang='lat' dir='ltr'><strong>divisus,</strong></span> <span class='ocrx_word' id='word_1_228' title='bbox 1581 3913 1659 3968; x_wconf 79' lang='lat' dir='ltr'><strong>ib.</strong></span> <span class='ocrx_word' id='word_1_229' title='bbox 1704 3922 1865 3975; x_wconf 85' lang='grc'><strong>1589</strong></span> 
     </span>
     <span class='ocr_line' id='line_1_42' title="bbox 585 3995 1867 4073; baseline 0.006 -22"><span class='ocrx_word' id='word_1_230' title='bbox 585 3996 647 4051; x_wconf 89' lang='lat' dir='ltr'><strong>in</strong></span> <span class='ocrx_word' id='word_1_231' title='bbox 700 3996 735 4050; x_wconf 89' lang='lat' dir='ltr'><strong>f.</strong></span> <span class='ocrx_word' id='word_1_232' title='bbox 792 4028 875 4037; x_wconf 92' lang='lat'><strong>—</strong></span> <span class='ocrx_word' id='word_1_233' title='bbox 926 3995 1181 4054; x_wconf 87' lang='lat' dir='ltr'><strong>Joannes</strong></span> <span class='ocrx_word' id='word_1_234' title='bbox 1246 3999 1417 4073; x_wconf 82' lang='lat' dir='ltr'><strong>Bapt..</strong></span> <span class='ocrx_word' id='word_1_235' title='bbox 1468 3998 1867 4071; x_wconf 79' lang='lat' dir='ltr'><strong>VivianuS,</strong></span> 
     </span>
     <span class='ocr_line' id='line_1_43' title="bbox 593 4082 1866 4156; baseline 0.008 -17"><span class='ocrx_word' id='word_1_236' title='bbox 593 4082 837 4140; x_wconf 80' lang='lat' dir='ltr'><strong>Urbinas</strong></span> <span class='ocrx_word' id='word_1_237' title='bbox 870 4092 927 4139; x_wconf 90' lang='lat' dir='ltr'><strong>et</strong></span> <span class='ocrx_word' id='word_1_238' title='bbox 962 4085 1175 4143; x_wconf 88' lang='lat' dir='ltr'><strong>Romae</strong></span> <span class='ocrx_word' id='word_1_239' title='bbox 1207 4087 1541 4156; x_wconf 77' lang='lat' dir='ltr'><strong>advocatae,</strong></span> <span class='ocrx_word' id='word_1_240' title='bbox 1583 4088 1644 4147; x_wconf 90' lang='lat' dir='ltr'><strong>in</strong></span> <span class='ocrx_word' id='word_1_241' title='bbox 1678 4090 1866 4149; x_wconf 89' lang='lat' dir='ltr'><strong>lucem</strong></span> 
     </span>
     <span class='ocr_line' id='line_1_44' title="bbox 588 4171 1867 4251; baseline 0.009 -24"><span class='ocrx_word' id='word_1_242' title='bbox 588 4171 748 4229; x_wconf 62' lang='lat' dir='ltr'><strong>tle-lit</strong></span> <span class='ocrx_word' id='word_1_243' title='bbox 782 4173 1085 4230; x_wconf 78' lang='lat' dir='ltr'><strong>Rationale</strong></span> <span class='ocrx_word' id='word_1_244' title='bbox 1104 4176 1269 4248; x_wconf 65' lang='lat' dir='ltr'><strong>juris</strong></span> <span class='ocrx_word' id='word_1_245' title='bbox 1292 4179 1595 4251; x_wconf 78' lang='lat' dir='ltr'><strong>pontificii,</strong></span> <span class='ocrx_word' id='word_1_246' title='bbox 1638 4197 1742 4237; x_wconf 87' lang='lat' dir='ltr'><strong>seu</strong></span> <span class='ocrx_word' id='word_1_247' title='bbox 1774 4200 1867 4237; x_wconf 88' lang='lat' dir='ltr'><strong>ra-</strong></span> 
     </span>
     <span class='ocr_line' id='line_1_45' title="bbox 585 4261 1866 4342; baseline 0.007 -24"><span class='ocrx_word' id='word_1_248' title='bbox 585 4261 829 4319; x_wconf 83' lang='lat' dir='ltr'><strong>tionalia</strong></span> <span class='ocrx_word' id='word_1_249' title='bbox 852 4262 1011 4336; x_wconf 86' lang='lat' dir='ltr'><strong>juris</strong></span> <span class='ocrx_word' id='word_1_250' title='bbox 1059 4264 1323 4324; x_wconf 89' lang='lat' dir='ltr'><strong>canonici</strong></span> <span class='ocrx_word' id='word_1_251' title='bbox 1357 4265 1417 4322; x_wconf 94' lang='lat' dir='ltr'><strong>ll.</strong></span> <span class='ocrx_word' id='word_1_252' title='bbox 1451 4268 1717 4342; x_wconf 89' lang='lat' dir='ltr'><strong>quinque</strong></span> <span class='ocrx_word' id='word_1_253' title='bbox 1752 4270 1866 4327; x_wconf 87' lang='lat' dir='ltr'><strong>Ro-</strong></span> 
     </span>
     <span class='ocr_line' id='line_1_46' title="bbox 584 4353 1865 4425; baseline 0.007 -19"><span class='ocrx_word' id='word_1_254' title='bbox 584 4369 710 4408; x_wconf 77' lang='lat' dir='ltr'><strong>mae</strong></span> <span class='ocrx_word' id='word_1_255' title='bbox 756 4362 951 4420; x_wconf 79' lang='lat'>16173</span> <span class='ocrx_word' id='word_1_256' title='bbox 986 4353 1256 4412; x_wconf 73' lang='lat' dir='ltr'><strong>Coloniae</strong></span> <span class='ocrx_word' id='word_1_257' title='bbox 1302 4365 1479 4425; x_wconf 81' lang='grc'><strong>1628,</strong></span> <span class='ocrx_word' id='word_1_258' title='bbox 1519 4356 1678 4413; x_wconf 86' lang='lat' dir='ltr'><strong>unde</strong></span> <span class='ocrx_word' id='word_1_259' title='bbox 1711 4357 1865 4415; x_wconf 90' lang='lat' dir='ltr'><strong>deri·</strong></span> 
     </span>
    </p>
   </div>
   <div class='ocr_carea' id='block_1_3' title="bbox 946 253 2880 326">
    <p class='ocr_par' dir='ltr' id='par_1_3' title="bbox 946 253 2880 326">
     <span class='ocr_line' id='line_1_47' title="bbox 946 253 2880 326; baseline -0.002 -14"><span class='ocrx_word' id='word_1_260' title='bbox 946 259 1319 313; x_wconf 75' lang='lat'><strong>1621-1640.</strong></span> <span class='ocrx_word' id='word_1_261' title='bbox 1345 255 1376 308; x_wconf 87' lang='lat' dir='ltr'>J</span> <span class='ocrx_word' id='word_1_262' title='bbox 1385 274 1447 308; x_wconf 71' lang='lat' dir='ltr'><strong>us</strong></span> <span class='ocrx_word' id='word_1_263' title='bbox 1478 253 1830 316; x_wconf 84' lang='lat' dir='ltr'><strong>canonicum,</strong></span> <span class='ocrx_word' id='word_1_264' title='bbox 1862 255 2139 325; x_wconf 82' lang='lat' dir='ltr'><strong>Villagut‚</strong></span> <span class='ocrx_word' id='word_1_265' title='bbox 2171 256 2463 322; x_wconf 54' lang='lat' dir='ltr'><strong>vivianus</strong></span> <span class='ocrx_word' id='word_1_266' title='bbox 2492 256 2755 326; x_wconf 71' lang='lat' dir='ltr'><strong>Hesi-fort</strong></span> <span class='ocrx_word' id='word_1_267' title='bbox 2778 259 2880 309; x_wconf 86' lang='lat' dir='ltr'><strong>etc.</strong></span> 
     </span>
    </p>
   </div>
   <div class='ocr_carea' id='block_1_4' title="bbox 3093 274 3223 326">
    <p class='ocr_par' dir='ltr' id='par_1_4' title="bbox 3093 274 3223 326">
     <span class='ocr_line' id='line_1_48' title="bbox 3093 274 3223 326; baseline 0 0"><span class='ocrx_word' id='word_1_268' title='bbox 3093 274 3223 326; x_wconf 75' lang='lat'><strong>880</strong></span> 
     </span>
    </p>
   </div>
   <div class='ocr_carea' id='block_1_5' title="bbox 1936 442 3233 1230">
    <p class='ocr_par' dir='ltr' id='par_1_5' title="bbox 1936 442 3233 1230">
     <span class='ocr_line' id='line_1_49' title="bbox 1940 442 3233 519; baseline 0.001 -20"><span class='ocrx_word' id='word_1_269' title='bbox 1940 442 2150 501; x_wconf 87' lang='lat' dir='ltr'><strong>nizatis</strong></span> <span class='ocrx_word' id='word_1_270' title='bbox 2182 443 2406 519; x_wconf 85' lang='lat' dir='ltr'><strong>regulis</strong></span> <span class='ocrx_word' id='word_1_271' title='bbox 2450 442 2708 501; x_wconf 85' lang='lat' dir='ltr'><strong>universi</strong></span> <span class='ocrx_word' id='word_1_272' title='bbox 2751 443 2908 517; x_wconf 89' lang='lat' dir='ltr'><strong>juris</strong></span> <span class='ocrx_word' id='word_1_273' title='bbox 2954 443 3233 500; x_wconf 85' lang='lat' dir='ltr'><strong>ecclesia-</strong></span> 
     </span>
     <span class='ocr_line' id='line_1_50' title="bbox 1940 531 3231 602; baseline 0.002 -13"><span class='ocrx_word' id='word_1_274' title='bbox 1940 533 2090 602; x_wconf 87' lang='lat' dir='ltr'><strong>stici,</strong></span> <span class='ocrx_word' id='word_1_275' title='bbox 2137 531 2511 590; x_wconf 89' lang='lat' dir='ltr'><strong>Francofurti</strong></span> <span class='ocrx_word' id='word_1_276' title='bbox 2562 540 2726 593; x_wconf 86' lang='grc'><strong>1642</strong></span> <span class='ocrx_word' id='word_1_277' title='bbox 2771 531 2835 589; x_wconf 91' lang='lat' dir='ltr'><strong>in</strong></span> <span class='ocrx_word' id='word_1_278' title='bbox 2877 541 2972 594; x_wconf 90' lang='lat'><strong>12.</strong></span> <span class='ocrx_word' id='word_1_279' title='bbox 3003 565 3091 575; x_wconf 89' lang='lat'><strong>—</strong></span> <span class='ocrx_word' id='word_1_280' title='bbox 3122 532 3231 591; x_wconf 86' lang='lat' dir='ltr'><strong>Jo-</strong></span> 
     </span>
     <span class='ocr_line' id='line_1_51' title="bbox 1939 621 3231 681; baseline 0.002 -3"><span class='ocrx_word' id='word_1_281' title='bbox 1939 638 2120 679; x_wconf 88' lang='lat' dir='ltr'><strong>annes</strong></span> <span class='ocrx_word' id='word_1_282' title='bbox 2166 621 2464 679; x_wconf 87' lang='lat' dir='ltr'><strong>Antonius</strong></span> <span class='ocrx_word' id='word_1_283' title='bbox 2511 621 2748 679; x_wconf 85' lang='lat' dir='ltr'><strong>Bovio</strong></span> <span class='ocrx_word' id='word_1_284' title='bbox 2782 621 2845 679; x_wconf 92' lang='lat' dir='ltr'><strong>O.</strong></span> <span class='ocrx_word' id='word_1_285' title='bbox 2877 621 3064 679; x_wconf 85' lang='lat' dir='ltr'><strong>Carm.</strong></span> <span class='ocrx_word' id='word_1_286' title='bbox 3107 622 3231 681; x_wconf 82' lang='lat' dir='ltr'><strong>No-</strong></span> 
     </span>
     <span class='ocr_line' id='line_1_52' title="bbox 1939 708 3229 785; baseline 0.001 -17"><span class='ocrx_word' id='word_1_287' title='bbox 1939 710 2247 779; x_wconf 56' lang='lat' dir='ltr'><strong>vosiensis,</strong></span> <span class='ocrx_word' id='word_1_288' title='bbox 2272 708 2585 785; x_wconf 87' lang='lat' dir='ltr'><strong>episcopus</strong></span> <span class='ocrx_word' id='word_1_289' title='bbox 2606 710 3067 784; x_wconf 87' lang='lat' dir='ltr'><strong>melphectanus‚</strong></span> <span class='ocrx_word' id='word_1_290' title='bbox 3089 730 3229 785; x_wconf 90' lang='lat' dir='ltr'><strong>pro·</strong></span> 
     </span>
     <span class='ocr_line' id='line_1_53' title="bbox 1940 798 3230 874; baseline 0 -18"><span class='ocrx_word' id='word_1_291' title='bbox 1940 799 2234 874; x_wconf 76' lang='lat' dir='ltr'><strong>pugnavit</strong></span> <span class='ocrx_word' id='word_1_292' title='bbox 2261 800 2402 874; x_wconf 86' lang='lat' dir='ltr'><strong>jura</strong></span> <span class='ocrx_word' id='word_1_293' title='bbox 2424 798 2724 874; x_wconf 87' lang='lat' dir='ltr'><strong>pontificis</strong></span> <span class='ocrx_word' id='word_1_294' title='bbox 2745 799 2809 857; x_wconf 90' lang='lat' dir='ltr'><strong>in</strong></span> <span class='ocrx_word' id='word_1_295' title='bbox 2830 801 3230 858; x_wconf 79' lang='lat' dir='ltr'><strong>controversia</strong></span> 
     </span>
     <span class='ocr_line' id='line_1_54' title="bbox 1940 884 3228 970; baseline 0 -25"><span class='ocrx_word' id='word_1_296' title='bbox 1940 889 2108 946; x_wconf 82' lang='lat' dir='ltr'><strong>Pauli</strong></span> <span class='ocrx_word' id='word_1_297' title='bbox 2143 888 2205 946; x_wconf 81' lang='lat' dir='ltr'><strong>V.</strong></span> <span class='ocrx_word' id='word_1_298' title='bbox 2254 906 2387 946; x_wconf 90' lang='lat' dir='ltr'><strong>cum</strong></span> <span class='ocrx_word' id='word_1_299' title='bbox 2435 888 2745 963; x_wconf 75' lang='lat' dir='ltr'><strong>republica</strong></span> <span class='ocrx_word' id='word_1_300' title='bbox 2789 902 3003 947; x_wconf 83' lang='lat' dir='ltr'><strong>veneta</strong></span> <span class='ocrx_word' id='word_1_301' title='bbox 3039 884 3099 970; x_wconf 89' lang='lat'><strong>(†</strong></span> <span class='ocrx_word' id='word_1_302' title='bbox 3129 900 3228 952; x_wconf 89' lang='grc'><strong>11.</strong></span> 
     </span>
     <span class='ocr_line' id='line_1_55' title="bbox 1937 970 3228 1059; baseline -0.001 -23"><span class='ocrx_word' id='word_1_303' title='bbox 1937 979 2089 1054; x_wconf 85' lang='lat' dir='ltr'><strong>Aug.</strong></span> <span class='ocrx_word' id='word_1_304' title='bbox 2133 970 2340 1059; x_wconf 89' lang='grc'><strong>1622).</strong></span> <span class='ocrx_word' id='word_1_305' title='bbox 2372 977 2444 1036; x_wconf 92' lang='lat' dir='ltr'><strong>In</strong></span> <span class='ocrx_word' id='word_1_306' title='bbox 2476 977 2933 1054; x_wconf 82' lang='lat' dir='ltr'><strong>congregatione</strong></span> <span class='ocrx_word' id='word_1_307' title='bbox 2954 978 3025 1037; x_wconf 91' lang='lat' dir='ltr'><strong>de</strong></span> <span class='ocrx_word' id='word_1_308' title='bbox 3058 978 3228 1035; x_wconf 81' lang='lat' dir='ltr'><strong>auxi-</strong></span> 
     </span>
     <span class='ocr_line' id='line_1_56' title="bbox 1940 1065 3224 1143; baseline 0.002 -21"><span class='ocrx_word' id='word_1_309' title='bbox 1940 1066 2035 1124; x_wconf 85' lang='lat' dir='ltr'><strong>liis</strong></span> <span class='ocrx_word' id='word_1_310' title='bbox 2068 1066 2297 1143; x_wconf 84' lang='lat' dir='ltr'><strong>gratiae</strong></span> <span class='ocrx_word' id='word_1_311' title='bbox 2343 1066 2554 1123; x_wconf 88' lang='lat' dir='ltr'><strong>multis</strong></span> <span class='ocrx_word' id='word_1_312' title='bbox 2595 1065 2826 1124; x_wconf 82' lang='lat' dir='ltr'><strong>institit</strong></span> <span class='ocrx_word' id='word_1_313' title='bbox 2871 1066 3224 1135; x_wconf 53' lang='lat' dir='ltr'><strong>rationibus</strong></span> 
     </span>
     <span class='ocr_line' id='line_1_57' title="bbox 1936 1154 3226 1230; baseline 0.002 -18"><span class='ocrx_word' id='word_1_314' title='bbox 1936 1174 2010 1213; x_wconf 90' lang='lat' dir='ltr'><strong>ne</strong></span> <span class='ocrx_word' id='word_1_315' title='bbox 2042 1173 2147 1230; x_wconf 89' lang='lat' dir='ltr'><strong>pro</strong></span> <span class='ocrx_word' id='word_1_316' title='bbox 2187 1154 2581 1213; x_wconf 83' lang='lat' dir='ltr'><strong>Dominicanis</strong></span> <span class='ocrx_word' id='word_1_317' title='bbox 2621 1156 2917 1213; x_wconf 88' lang='lat' dir='ltr'><strong>sententia</strong></span> <span class='ocrx_word' id='word_1_318' title='bbox 2949 1155 3226 1214; x_wconf 86' lang='lat' dir='ltr'><strong>ferretur.</strong></span> 
     </span>
    </p>
   </div>
   <div class='ocr_carea' id='block_1_6' title="bbox 1926 1327 3224 3542">
    <p class='ocr_par' dir='ltr' id='par_1_6' title="bbox 1926 1327 3224 3542">
     <span class='ocr_line' id='line_1_58' title="bbox 2029 1327 3224 1413; baseline -0.005 -17"><span class='ocrx_word' id='word_1_319' title='bbox 2029 1343 2173 1396; x_wconf 87' lang='grc'><strong>369.</strong></span> <span class='ocrx_word' id='word_1_320' title='bbox 2206 1333 2291 1391; x_wconf 86' lang='lat' dir='ltr'><strong>Ex</strong></span> <span class='ocrx_word' id='word_1_321' title='bbox 2332 1334 2627 1410; x_wconf 66' lang='lat' dir='ltr'><strong>yet-manis</strong></span> <span class='ocrx_word' id='word_1_322' title='bbox 2645 1327 2688 1413; x_wconf 89' lang='lat'><strong>¹)</strong></span> <span class='ocrx_word' id='word_1_323' title='bbox 2743 1333 2983 1409; x_wconf 84' lang='lat' dir='ltr'><strong>collegit</strong></span> <span class='ocrx_word' id='word_1_324' title='bbox 3014 1333 3224 1391; x_wconf 86' lang='lat' dir='ltr'><strong>Marti-</strong></span> 
     </span>
     <span class='ocr_line' id='line_1_59' title="bbox 1936 1422 3224 1496; baseline 0.002 -18"><span class='ocrx_word' id='word_1_325' title='bbox 1936 1440 2050 1479; x_wconf 85' lang='lat' dir='ltr'><strong>nus</strong></span> <span class='ocrx_word' id='word_1_326' title='bbox 2083 1422 2453 1480; x_wconf 87' lang='lat' dir='ltr'><strong>Heerfort</strong></span> <span class='ocrx_word' id='word_1_327' title='bbox 2497 1422 2646 1480; x_wconf 86' lang='lat' dir='ltr'><strong>utile</strong></span> <span class='ocrx_word' id='word_1_328' title='bbox 2680 1422 3081 1496; x_wconf 78' lang='lat' dir='ltr'><strong>Repertorium</strong></span> <span class='ocrx_word' id='word_1_329' title='bbox 3116 1424 3224 1496; x_wconf 84' lang='lat' dir='ltr'><strong>ju·</strong></span> 
     </span>
     <span class='ocr_line' id='line_1_60' title="bbox 1935 1511 3223 1587; baseline 0.002 -20"><span class='ocrx_word' id='word_1_330' title='bbox 1935 1513 2022 1569; x_wconf 79' lang='lat' dir='ltr'><strong>ris</strong></span> <span class='ocrx_word' id='word_1_331' title='bbox 2068 1513 2329 1569; x_wconf 76' lang='lat' dir='ltr'><strong>canonici</strong></span> <span class='ocrx_word' id='word_1_332' title='bbox 2378 1511 2940 1587; x_wconf 83' lang='lat' dir='ltr'><strong>locupletissimum,</strong></span> <span class='ocrx_word' id='word_1_333' title='bbox 2994 1512 3056 1569; x_wconf 91' lang='lat' dir='ltr'><strong>in</strong></span> <span class='ocrx_word' id='word_1_334' title='bbox 3102 1530 3223 1586; x_wconf 92' lang='lat' dir='ltr'><strong>quo</strong></span> 
     </span>
     <span class='ocr_line' id='line_1_61' title="bbox 1935 1599 3222 1675; baseline 0.001 -18"><span class='ocrx_word' id='word_1_335' title='bbox 1935 1605 2170 1675; x_wconf 88' lang='lat' dir='ltr'><strong>praeter</strong></span> <span class='ocrx_word' id='word_1_336' title='bbox 2218 1599 2664 1658; x_wconf 89' lang='lat' dir='ltr'><strong>caeremonialia</strong></span> <span class='ocrx_word' id='word_1_337' title='bbox 2713 1601 3031 1675; x_wconf 85' lang='lat' dir='ltr'><strong>praecipua</strong></span> <span class='ocrx_word' id='word_1_338' title='bbox 3079 1618 3222 1658; x_wconf 90' lang='lat' dir='ltr'><strong>con—</strong></span> 
     </span>
     <span class='ocr_line' id='line_1_62' title="bbox 1936 1689 3220 1758; baseline 0.001 -12"><span class='ocrx_word' id='word_1_339' title='bbox 1936 1690 2250 1757; x_wconf 64' lang='lat' dir='ltr'><strong>clusiones»,</strong></span> <span class='ocrx_word' id='word_1_340' title='bbox 2285 1689 2680 1754; x_wconf 84' lang='lat' dir='ltr'><strong>definitiones,</strong></span> <span class='ocrx_word' id='word_1_341' title='bbox 2704 1689 3048 1758; x_wconf 85' lang='lat' dir='ltr'><strong>decisiones,</strong></span> <span class='ocrx_word' id='word_1_342' title='bbox 3086 1708 3220 1747; x_wconf 87' lang='lat' dir='ltr'><strong>sen-</strong></span> 
     </span>
     <span class='ocr_line' id='line_1_63' title="bbox 1934 1776 3222 1852; baseline -0.001 -16"><span class='ocrx_word' id='word_1_343' title='bbox 1934 1778 2157 1837; x_wconf 85' lang='lat' dir='ltr'><strong>tentiae</strong></span> <span class='ocrx_word' id='word_1_344' title='bbox 2190 1783 2250 1835; x_wconf 91' lang='lat' dir='ltr'><strong>et</strong></span> <span class='ocrx_word' id='word_1_345' title='bbox 2270 1776 2563 1836; x_wconf 76' lang='lat' dir='ltr'><strong>axiomata</strong></span> <span class='ocrx_word' id='word_1_346' title='bbox 2593 1778 2665 1835; x_wconf 85' lang='lat' dir='ltr'><strong>ad</strong></span> <span class='ocrx_word' id='word_1_347' title='bbox 2686 1778 2895 1852; x_wconf 81' lang='lat' dir='ltr'><strong>praxin</strong></span> <span class='ocrx_word' id='word_1_348' title='bbox 2927 1778 3222 1836; x_wconf 88' lang='lat' dir='ltr'><strong>forensem</strong></span> 
     </span>
     <span class='ocr_line' id='line_1_64' title="bbox 1934 1867 3221 1941; baseline -0.002 -16"><span class='ocrx_word' id='word_1_349' title='bbox 1934 1867 2371 1925; x_wconf 87' lang='lat' dir='ltr'><strong>accommodata</strong></span> <span class='ocrx_word' id='word_1_350' title='bbox 2420 1886 2489 1924; x_wconf 83' lang='lat' dir='ltr'><strong>ex</strong></span> <span class='ocrx_word' id='word_1_351' title='bbox 2551 1868 2833 1925; x_wconf 86' lang='lat' dir='ltr'><strong>universo</strong></span> <span class='ocrx_word' id='word_1_352' title='bbox 2876 1867 3033 1941; x_wconf 87' lang='lat' dir='ltr'><strong>juris</strong></span> <span class='ocrx_word' id='word_1_353' title='bbox 3095 1886 3221 1925; x_wconf 83' lang='lat' dir='ltr'><strong>can.</strong></span> 
     </span>
     <span class='ocr_line' id='line_1_65' title="bbox 1935 1955 3222 2032; baseline 0.001 -19"><span class='ocrx_word' id='word_1_354' title='bbox 1935 1974 2176 2031; x_wconf 86' lang='lat' dir='ltr'><strong>corpore</strong></span> <span class='ocrx_word' id='word_1_355' title='bbox 2209 1959 2270 2014; x_wconf 90' lang='lat' dir='ltr'><strong>et</strong></span> <span class='ocrx_word' id='word_1_356' title='bbox 2300 1956 2516 2032; x_wconf 86' lang='lat' dir='ltr'><strong>glossis</strong></span> <span class='ocrx_word' id='word_1_357' title='bbox 2545 1955 2822 2015; x_wconf 89' lang='lat' dir='ltr'><strong>methodo</strong></span> <span class='ocrx_word' id='word_1_358' title='bbox 2853 1956 3222 2032; x_wconf 84' lang='lat' dir='ltr'><strong>alphabetica</strong></span> 
     </span>
     <span class='ocr_line' id='line_1_66' title="bbox 1935 2043 3220 2113; baseline 0 -10"><span class='ocrx_word' id='word_1_359' title='bbox 1935 2046 2046 2103; x_wconf 89' lang='lat' dir='ltr'><strong>sub</strong></span> <span class='ocrx_word' id='word_1_360' title='bbox 2079 2046 2204 2103; x_wconf 89' lang='lat' dir='ltr'><strong>suis</strong></span> <span class='ocrx_word' id='word_1_361' title='bbox 2238 2045 2492 2103; x_wconf 88' lang='lat' dir='ltr'><strong>rubricis</strong></span> <span class='ocrx_word' id='word_1_362' title='bbox 2525 2045 2900 2113; x_wconf 86' lang='lat' dir='ltr'><strong>exhibentur,</strong></span> <span class='ocrx_word' id='word_1_363' title='bbox 2926 2043 3220 2103; x_wconf 76' lang='lat' dir='ltr'><strong>Vratisla-</strong></span> 
     </span>
     <span class='ocr_line' id='line_1_67' title="bbox 1933 2133 3217 2210; baseline -0.001 -18"><span class='ocrx_word' id='word_1_364' title='bbox 1933 2134 2060 2192; x_wconf 80' lang='lat' dir='ltr'><strong>viae</strong></span> <span class='ocrx_word' id='word_1_365' title='bbox 2099 2143 2283 2195; x_wconf 88' lang='grc'><strong>1626.</strong></span> <span class='ocrx_word' id='word_1_366' title='bbox 2332 2167 2417 2176; x_wconf 91' lang='grc'><strong>--</strong></span> <span class='ocrx_word' id='word_1_367' title='bbox 2451 2133 2837 2210; x_wconf 86' lang='lat' dir='ltr'><strong>Wolfgangus</strong></span> <span class='ocrx_word' id='word_1_368' title='bbox 2884 2133 3217 2209; x_wconf 87' lang='lat' dir='ltr'><strong>Sigismun·</strong></span> 
     </span>
     <span class='ocr_line' id='line_1_68' title="bbox 1932 2222 3219 2298; baseline 0 -18"><span class='ocrx_word' id='word_1_369' title='bbox 1932 2223 2044 2280; x_wconf 89' lang='lat' dir='ltr'><strong>dus</strong></span> <span class='ocrx_word' id='word_1_370' title='bbox 2094 2243 2127 2279; x_wconf 86' lang='lat' dir='ltr'><strong>a</strong></span> <span class='ocrx_word' id='word_1_371' title='bbox 2175 2223 2534 2298; x_wconf 89' lang='lat' dir='ltr'><strong>Vorburg</strong></span> <span class='ocrx_word' id='word_1_372' title='bbox 2583 2225 2817 2297; x_wconf 87' lang='lat' dir='ltr'><strong>praeter</strong></span> <span class='ocrx_word' id='word_1_373' title='bbox 2865 2223 2981 2280; x_wconf 87' lang='lat' dir='ltr'><strong>alia</strong></span> <span class='ocrx_word' id='word_1_374' title='bbox 3029 2222 3219 2280; x_wconf 87' lang='lat' dir='ltr'><strong>edidit.</strong></span> 
     </span>
     <span class='ocr_line' id='line_1_69' title="bbox 1945 2311 3218 2386; baseline 0 -18"><span class='ocrx_word' id='word_1_375' title='bbox 1945 2312 2376 2386; x_wconf 74' lang='lat' dir='ltr'><strong>Tri-smeqistum</strong></span> <span class='ocrx_word' id='word_1_376' title='bbox 2420 2313 2807 2369; x_wconf 76' lang='lat' dir='ltr'><strong>canonicalem</strong></span> <span class='ocrx_word' id='word_1_377' title='bbox 2853 2330 2958 2369; x_wconf 90' lang='lat' dir='ltr'><strong>seu</strong></span> <span class='ocrx_word' id='word_1_378' title='bbox 3000 2315 3073 2368; x_wconf 88' lang='lat' dir='ltr'><strong>tr.</strong></span> <span class='ocrx_word' id='word_1_379' title='bbox 3107 2311 3218 2369; x_wconf 90' lang='lat' dir='ltr'><strong>tri-</strong></span> 
     </span>
     <span class='ocr_line' id='line_1_70' title="bbox 1931 2400 3218 2477; baseline 0 -19"><span class='ocrx_word' id='word_1_380' title='bbox 1931 2400 2224 2475; x_wconf 85' lang='lat' dir='ltr'><strong>partitum</strong></span> <span class='ocrx_word' id='word_1_381' title='bbox 2243 2400 2392 2477; x_wconf 87' lang='lat' dir='ltr'><strong>juris</strong></span> <span class='ocrx_word' id='word_1_382' title='bbox 2413 2401 2678 2459; x_wconf 89' lang='lat' dir='ltr'><strong>canonici</strong></span> <span class='ocrx_word' id='word_1_383' title='bbox 2696 2400 3096 2458; x_wconf 89' lang='lat' dir='ltr'><strong>continentem</strong></span> <span class='ocrx_word' id='word_1_384' title='bbox 3111 2419 3218 2458; x_wconf 89' lang='lat' dir='ltr'><strong>an-</strong></span> 
     </span>
     <span class='ocr_line' id='line_1_71' title="bbox 1931 2487 3218 2565; baseline 0.001 -19"><span class='ocrx_word' id='word_1_385' title='bbox 1931 2487 2456 2565; x_wconf 82' lang='lat' dir='ltr'><strong>tipraedicamenta</strong></span> <span class='ocrx_word' id='word_1_386' title='bbox 2477 2489 2772 2560; x_wconf 87' lang='lat' dir='ltr'><strong>canonica,</strong></span> <span class='ocrx_word' id='word_1_387' title='bbox 2795 2490 2964 2564; x_wconf 85' lang='lat' dir='ltr'><strong>quasi</strong></span> <span class='ocrx_word' id='word_1_388' title='bbox 2985 2489 3218 2564; x_wconf 88' lang='lat' dir='ltr'><strong>praedi-</strong></span> 
     </span>
     <span class='ocr_line' id='line_1_72' title="bbox 1930 2577 3219 2654; baseline 0.001 -18"><span class='ocrx_word' id='word_1_389' title='bbox 1930 2581 2197 2638; x_wconf 84' lang='lat' dir='ltr'><strong>camenta</strong></span> <span class='ocrx_word' id='word_1_390' title='bbox 2242 2577 2605 2637; x_wconf 85' lang='lat' dir='ltr'><strong>canonicalia</strong></span> <span class='ocrx_word' id='word_1_391' title='bbox 2664 2581 2725 2637; x_wconf 90' lang='lat' dir='ltr'><strong>et</strong></span> <span class='ocrx_word' id='word_1_392' title='bbox 2778 2579 3219 2654; x_wconf 68' lang='lat' dir='ltr'><strong>postpraeclica-</strong></span> 
     </span>
     <span class='ocr_line' id='line_1_73' title="bbox 1928 2667 3212 2745; baseline 0.004 -19"><span class='ocrx_word' id='word_1_393' title='bbox 1928 2670 2132 2726; x_wconf 89' lang='lat' dir='ltr'><strong>menta</strong></span> <span class='ocrx_word' id='word_1_394' title='bbox 2151 2667 2531 2736; x_wconf 87' lang='lat' dir='ltr'><strong>canonicalia,</strong></span> <span class='ocrx_word' id='word_1_395' title='bbox 2554 2668 3025 2745; x_wconf 84' lang='lat' dir='ltr'><strong>Aschaffeuburg</strong></span> <span class='ocrx_word' id='word_1_396' title='bbox 3047 2680 3068 2730; x_wconf 86' lang='lat'>1</span> <span class='ocrx_word' id='word_1_397' title='bbox 3090 2678 3212 2731; x_wconf 74' lang='grc'><strong>627</strong></span> 
     </span>
     <span class='ocr_line' id='line_1_74' title="bbox 1928 2757 3219 2832; baseline 0 -18"><span class='ocrx_word' id='word_1_398' title='bbox 1928 2757 1990 2815; x_wconf 91' lang='lat' dir='ltr'><strong>in</strong></span> <span class='ocrx_word' id='word_1_399' title='bbox 2051 2766 2159 2825; x_wconf 89' lang='lat'><strong>12;</strong></span> <span class='ocrx_word' id='word_1_400' title='bbox 2214 2776 2398 2815; x_wconf 80' lang='lat' dir='ltr'><strong>aurea</strong></span> <span class='ocrx_word' id='word_1_401' title='bbox 2447 2758 2776 2816; x_wconf 78' lang='lat' dir='ltr'><strong>rudimenta</strong></span> <span class='ocrx_word' id='word_1_402' title='bbox 2825 2761 2886 2815; x_wconf 89' lang='lat' dir='ltr'><strong>et</strong></span> <span class='ocrx_word' id='word_1_403' title='bbox 2934 2758 3219 2832; x_wconf 73' lang='lat' dir='ltr'><strong>paratitlo.</strong></span> 
     </span>
     <span class='ocr_line' id='line_1_75' title="bbox 1928 2841 3215 2921; baseline 0.001 -18"><span class='ocrx_word' id='word_1_404' title='bbox 1928 2841 2190 2904; x_wconf 84' lang='lat' dir='ltr'><strong>universi</strong></span> <span class='ocrx_word' id='word_1_405' title='bbox 2237 2847 2395 2921; x_wconf 85' lang='lat' dir='ltr'><strong>juris</strong></span> <span class='ocrx_word' id='word_1_406' title='bbox 2447 2846 2708 2905; x_wconf 88' lang='lat' dir='ltr'><strong>canonici</strong></span> <span class='ocrx_word' id='word_1_407' title='bbox 2760 2846 2883 2904; x_wconf 81' lang='lat' dir='ltr'><strong>sive</strong></span> <span class='ocrx_word' id='word_1_408' title='bbox 2943 2846 3215 2904; x_wconf 89' lang='lat' dir='ltr'><strong>ecclesia-</strong></span> 
     </span>
     <span class='ocr_line' id='line_1_76' title="bbox 1929 2934 3218 3010; baseline 0.001 -18"><span class='ocrx_word' id='word_1_409' title='bbox 1929 2936 2064 2994; x_wconf 88' lang='lat' dir='ltr'><strong>stici</strong></span> <span class='ocrx_word' id='word_1_410' title='bbox 2112 2936 2176 2993; x_wconf 90' lang='lat' dir='ltr'><strong>in</strong></span> <span class='ocrx_word' id='word_1_411' title='bbox 2219 2934 2359 2993; x_wconf 90' lang='lat' dir='ltr'><strong>VIII</strong></span> <span class='ocrx_word' id='word_1_412' title='bbox 2406 2936 2620 2993; x_wconf 87' lang='lat' dir='ltr'><strong>classes</strong></span> <span class='ocrx_word' id='word_1_413' title='bbox 2670 2935 3003 2993; x_wconf 84' lang='lat' dir='ltr'><strong>distributa</strong></span> <span class='ocrx_word' id='word_1_414' title='bbox 3043 2936 3218 3010; x_wconf 82' lang='lat' dir='ltr'><strong>juxta</strong></span> 
     </span>
     <span class='ocr_line' id='line_1_77' title="bbox 1929 3024 3216 3100; baseline 0 -19"><span class='ocrx_word' id='word_1_415' title='bbox 1929 3026 2175 3099; x_wconf 82' lang='lat' dir='ltr'><strong>vulgata</strong></span> <span class='ocrx_word' id='word_1_416' title='bbox 2221 3024 2472 3082; x_wconf 89' lang='lat' dir='ltr'><strong>deducta</strong></span> <span class='ocrx_word' id='word_1_417' title='bbox 2521 3025 2595 3082; x_wconf 92' lang='lat' dir='ltr'><strong>ab</strong></span> <span class='ocrx_word' id='word_1_418' title='bbox 2642 3024 2771 3100; x_wconf 88' lang='lat' dir='ltr'><strong>ipsa</strong></span> <span class='ocrx_word' id='word_1_419' title='bbox 2802 3024 3061 3082; x_wconf 85' lang='lat' dir='ltr'><strong>Ecclesia</strong></span> <span class='ocrx_word' id='word_1_420' title='bbox 3090 3025 3216 3098; x_wconf 86' lang='lat' dir='ltr'><strong>pri-</strong></span> 
     </span>
     <span class='ocr_line' id='line_1_78' title="bbox 1928 3112 3217 3187; baseline 0 -17"><span class='ocrx_word' id='word_1_421' title='bbox 1928 3113 2156 3183; x_wconf 84' lang='lat' dir='ltr'><strong>mitiva,</strong></span> <span class='ocrx_word' id='word_1_422' title='bbox 2191 3114 2266 3175; x_wconf 92' lang='lat' dir='ltr'><strong>ib.</strong></span> <span class='ocrx_word' id='word_1_423' title='bbox 2311 3122 2493 3175; x_wconf 83' lang='lat'><strong>1629.</strong></span> <span class='ocrx_word' id='word_1_424' title='bbox 2513 3147 2600 3157; x_wconf 88' lang='lat'><strong>—</strong></span> <span class='ocrx_word' id='word_1_425' title='bbox 2620 3114 2659 3172; x_wconf 87' lang='lat' dir='ltr'><strong>J</strong></span> <span class='ocrx_word' id='word_1_426' title='bbox 2663 3112 2918 3187; x_wconf 89' lang='lat' dir='ltr'><strong>osephus</strong></span> <span class='ocrx_word' id='word_1_427' title='bbox 2948 3112 3217 3170; x_wconf 87' lang='lat' dir='ltr'><strong>Macha-</strong></span> 
     </span>
     <span class='ocr_line' id='line_1_79' title="bbox 1928 3202 3217 3278; baseline 0.001 -20"><span class='ocrx_word' id='word_1_428' title='bbox 1928 3202 2050 3260; x_wconf 89' lang='lat' dir='ltr'><strong>riu</strong></span> <span class='ocrx_word' id='word_1_429' title='bbox 2067 3221 2094 3259; x_wconf 92' lang='lat' dir='ltr'><strong>s</strong></span> <span class='ocrx_word' id='word_1_430' title='bbox 2115 3203 2392 3260; x_wconf 89' lang='lat' dir='ltr'><strong>alumnus</strong></span> <span class='ocrx_word' id='word_1_431' title='bbox 2415 3202 2708 3276; x_wconf 89' lang='lat' dir='ltr'><strong>quondam</strong></span> <span class='ocrx_word' id='word_1_432' title='bbox 2726 3202 2962 3278; x_wconf 90' lang='lat' dir='ltr'><strong>collegii</strong></span> <span class='ocrx_word' id='word_1_433' title='bbox 2983 3221 3142 3278; x_wconf 90' lang='lat' dir='ltr'><strong>germ</strong></span> <span class='ocrx_word' id='word_1_434' title='bbox 3152 3221 3217 3259; x_wconf 87' lang='lat' dir='ltr'><strong>a-</strong></span> 
     </span>
     <span class='ocr_line' id='line_1_80' title="bbox 1927 3287 3215 3372; baseline 0.001 -25"><span class='ocrx_word' id='word_1_435' title='bbox 1927 3291 2044 3348; x_wconf 89' lang='lat' dir='ltr'><strong>nici</strong></span> <span class='ocrx_word' id='word_1_436' title='bbox 2079 3287 2467 3372; x_wconf 79' lang='lat'>(1605-—9)‚</span> <span class='ocrx_word' id='word_1_437' title='bbox 2508 3290 2763 3349; x_wconf 85' lang='lat' dir='ltr'><strong>decanus</strong></span> <span class='ocrx_word' id='word_1_438' title='bbox 2797 3292 3043 3366; x_wconf 89' lang='lat' dir='ltr'><strong>capituli</strong></span> <span class='ocrx_word' id='word_1_439' title='bbox 3076 3310 3215 3365; x_wconf 91' lang='lat' dir='ltr'><strong>pra-</strong></span> 
     </span>
     <span class='ocr_line' id='line_1_81' title="bbox 1927 3376 3215 3459; baseline -0.001 -22"><span class='ocrx_word' id='word_1_440' title='bbox 1927 3380 2124 3455; x_wconf 86' lang='lat' dir='ltr'><strong>gensis</strong></span> <span class='ocrx_word' id='word_1_441' title='bbox 2174 3384 2236 3438; x_wconf 87' lang='lat' dir='ltr'><strong>et</strong></span> <span class='ocrx_word' id='word_1_442' title='bbox 2286 3379 2552 3438; x_wconf 86' lang='lat' dir='ltr'><strong>officialis</strong></span> <span class='ocrx_word' id='word_1_443' title='bbox 2606 3377 2666 3459; x_wconf 91' lang='lat'><strong>(†</strong></span> <span class='ocrx_word' id='word_1_444' title='bbox 2719 3376 2912 3457; x_wconf 78' lang='lat'><strong>1635)</strong></span> <span class='ocrx_word' id='word_1_445' title='bbox 2965 3380 3215 3453; x_wconf 90' lang='lat' dir='ltr'><strong>reliquit</strong></span> 
     </span>
     <span class='ocr_line' id='line_1_82' title="bbox 1926 3470 3211 3542; baseline -0.001 -16"><span class='ocrx_word' id='word_1_446' title='bbox 1926 3470 2147 3527; x_wconf 88' lang='lat' dir='ltr'><strong>bonum</strong></span> <span class='ocrx_word' id='word_1_447' title='bbox 2170 3470 2734 3542; x_wconf 76' lang='lat' dir='ltr'><strong>Directoriumjuris</strong></span> <span class='ocrx_word' id='word_1_448' title='bbox 2746 3471 3009 3527; x_wconf 78' lang='lat' dir='ltr'><strong>canonici</strong></span> <span class='ocrx_word' id='word_1_449' title='bbox 3036 3481 3050 3529; x_wconf 84' lang='lat'>1</span> <span class='ocrx_word' id='word_1_450' title='bbox 3071 3480 3105 3531; x_wconf 90' lang='grc'><strong>6</strong></span> <span class='ocrx_word' id='word_1_451' title='bbox 3119 3480 3144 3531; x_wconf 89' lang='grc'><strong>1</strong></span> <span class='ocrx_word' id='word_1_452' title='bbox 3161 3480 3182 3531; x_wconf 95' lang='lat' dir='ltr'><strong>l</strong></span> <span class='ocrx_word' id='word_1_453' title='bbox 3201 3514 3211 3524; x_wconf 94' lang='lat'><strong>.</strong></span> 
     </span>
    </p>
   </div>
   <div class='ocr_carea' id='block_1_7' title="bbox 1929 3646 3212 3816">
    <p class='ocr_par' dir='ltr' id='par_1_7' title="bbox 1929 3646 3212 3816">
     <span class='ocr_line' id='line_1_83' title="bbox 2020 3646 3212 3723; baseline 0.001 -20"><span class='ocrx_word' id='word_1_454' title='bbox 2020 3656 2162 3711; x_wconf 85' lang='lat'><strong>370.</strong></span> <span class='ocrx_word' id='word_1_455' title='bbox 2212 3646 2302 3703; x_wconf 85' lang='lat' dir='ltr'><strong>Ad</strong></span> <span class='ocrx_word' id='word_1_456' title='bbox 2353 3647 2687 3723; x_wconf 75' lang='lat' dir='ltr'><strong>theoloyiam</strong></span> <span class='ocrx_word' id='word_1_457' title='bbox 2737 3665 2966 3704; x_wconf 86' lang='lat' dir='ltr'><strong>morum</strong></span> <span class='ocrx_word' id='word_1_458' title='bbox 3011 3646 3096 3704; x_wconf 89' lang='lat' dir='ltr'><strong>illi</strong></span> <span class='ocrx_word' id='word_1_459' title='bbox 3149 3647 3212 3704; x_wconf 90' lang='lat' dir='ltr'><strong>in</strong></span> 
     </span>
     <span class='ocr_line' id='line_1_84' title="bbox 1929 3730 3210 3816; baseline 0.001 -24"><span class='ocrx_word' id='word_1_460' title='bbox 1929 3735 2132 3810; x_wconf 89' lang='lat' dir='ltr'><strong>primis</strong></span> <span class='ocrx_word' id='word_1_461' title='bbox 2178 3736 2386 3793; x_wconf 86' lang='lat' dir='ltr'><strong>referri</strong></span> <span class='ocrx_word' id='word_1_462' title='bbox 2431 3730 2731 3816; x_wconf 78' lang='lat' dir='ltr'><strong>debent2),</strong></span> <span class='ocrx_word' id='word_1_463' title='bbox 2780 3736 2882 3809; x_wconf 91' lang='lat' dir='ltr'><strong>qui</strong></span> <span class='ocrx_word' id='word_1_464' title='bbox 2917 3753 3210 3793; x_wconf 88' lang='lat' dir='ltr'><strong>commen-</strong></span> 
     </span>
    </p>
   </div>
   <div class='ocr_carea' id='block_1_8' title="bbox 1929 3886 2160 3892">
    <p class='ocr_par' dir='ltr' id='par_1_8' title="bbox 1929 3886 2160 3892">
     <span class='ocr_line' id='line_1_85' title="bbox 1929 3886 2160 3892; baseline 0 0"><span class='ocrx_word' id='word_1_465' title='bbox 1929 3886 2160 3892; x_wconf 95' lang='lat' dir='ltr'><strong> </strong></span> 
     </span>
    </p>
   </div>
   <div class='ocr_carea' id='block_1_9' title="bbox 1924 3955 3214 4455">
    <p class='ocr_par' dir='ltr' id='par_1_9' title="bbox 1924 3955 3214 4455">
     <span class='ocr_line' id='line_1_86' title="bbox 2028 3955 3211 4029; baseline 0 -20"><span class='ocrx_word' id='word_1_466' title='bbox 2028 3962 2065 4029; x_wconf 81' lang='lat'><strong>1)</strong></span> <span class='ocrx_word' id='word_1_467' title='bbox 2117 3955 2626 4010; x_wconf 81' lang='lat' dir='ltr'><strong>Praetermittimus</strong></span> <span class='ocrx_word' id='word_1_468' title='bbox 2676 3956 2707 4009; x_wconf 86' lang='lat' dir='ltr'>J</span> <span class='ocrx_word' id='word_1_469' title='bbox 2714 3974 2954 4011; x_wconf 87' lang='lat' dir='ltr'><strong>oannem</strong></span> <span class='ocrx_word' id='word_1_470' title='bbox 3007 3957 3052 4009; x_wconf 82' lang='lat' dir='ltr'><strong>R</strong></span> <span class='ocrx_word' id='word_1_471' title='bbox 3073 3973 3102 4009; x_wconf 91' lang='lat' dir='ltr'><strong>e</strong></span> <span class='ocrx_word' id='word_1_472' title='bbox 3124 3975 3178 4009; x_wconf 91' lang='lat' dir='ltr'><strong>m</strong></span> <span class='ocrx_word' id='word_1_473' title='bbox 3194 3988 3211 3998; x_wconf 93' lang='lat'>-</span> 
     </span>
     <span class='ocr_line' id='line_1_87' title="bbox 1927 4028 3212 4099; baseline -0.002 -16"><span class='ocrx_word' id='word_1_474' title='bbox 1927 4028 2038 4083; x_wconf 88' lang='lat' dir='ltr'><strong>bol</strong></span> <span class='ocrx_word' id='word_1_475' title='bbox 2059 4028 2095 4080; x_wconf 88' lang='lat' dir='ltr'><strong>d</strong></span> <span class='ocrx_word' id='word_1_476' title='bbox 2138 4028 2435 4096; x_wconf 87' lang='lat' dir='ltr'><strong>patritium</strong></span> <span class='ocrx_word' id='word_1_477' title='bbox 2478 4031 2879 4099; x_wconf 85' lang='lat' dir='ltr'><strong>augustanum,</strong></span> <span class='ocrx_word' id='word_1_478' title='bbox 2929 4028 3212 4098; x_wconf 79' lang='lat' dir='ltr'><strong>praeposi·</strong></span> 
     </span>
     <span class='ocr_line' id='line_1_88' title="bbox 1927 4099 3213 4170; baseline 0.002 -18"><span class='ocrx_word' id='word_1_479' title='bbox 1927 4102 2049 4153; x_wconf 89' lang='lat' dir='ltr'><strong>tum</strong></span> <span class='ocrx_word' id='word_1_480' title='bbox 2075 4099 2147 4152; x_wconf 77' lang='lat' dir='ltr'><strong>ad</strong></span> <span class='ocrx_word' id='word_1_481' title='bbox 2169 4116 2210 4153; x_wconf 85' lang='lat' dir='ltr'><strong>s.</strong></span> <span class='ocrx_word' id='word_1_482' title='bbox 2229 4099 2558 4153; x_wconf 86' lang='lat' dir='ltr'><strong>Mauritium</strong></span> <span class='ocrx_word' id='word_1_483' title='bbox 2574 4102 2883 4170; x_wconf 80' lang='lat' dir='ltr'><strong>Augustae,</strong></span> <span class='ocrx_word' id='word_1_484' title='bbox 2906 4117 3010 4169; x_wconf 86' lang='lat' dir='ltr'><strong>pro</strong></span> <span class='ocrx_word' id='word_1_485' title='bbox 3031 4099 3213 4154; x_wconf 79' lang='lat' dir='ltr'><strong>natio-</strong></span> 
     </span>
     <span class='ocr_line' id='line_1_89' title="bbox 1924 4171 3214 4240; baseline 0 -16"><span class='ocrx_word' id='word_1_486' title='bbox 1924 4189 1993 4226; x_wconf 91' lang='lat' dir='ltr'><strong>ne</strong></span> <span class='ocrx_word' id='word_1_487' title='bbox 2020 4171 2346 4240; x_wconf 84' lang='lat' dir='ltr'><strong>germanica</strong></span> <span class='ocrx_word' id='word_1_488' title='bbox 2371 4171 2686 4224; x_wconf 86' lang='lat' dir='ltr'><strong>auditorem</strong></span> <span class='ocrx_word' id='word_1_489' title='bbox 2722 4174 2881 4225; x_wconf 84' lang='lat' dir='ltr'><strong>rotae</strong></span> <span class='ocrx_word' id='word_1_490' title='bbox 2908 4174 2966 4225; x_wconf 87' lang='lat' dir='ltr'><strong>et</strong></span> <span class='ocrx_word' id='word_1_491' title='bbox 3000 4171 3214 4224; x_wconf 86' lang='lat' dir='ltr'><strong>utrius·</strong></span> 
     </span>
     <span class='ocr_line' id='line_1_90' title="bbox 1927 4241 3210 4313; baseline 0.001 -18"><span class='ocrx_word' id='word_1_492' title='bbox 1927 4260 2035 4311; x_wconf 90' lang='lat' dir='ltr'><strong>que</strong></span> <span class='ocrx_word' id='word_1_493' title='bbox 2064 4242 2389 4313; x_wconf 86' lang='lat' dir='ltr'><strong>signaturae</strong></span> <span class='ocrx_word' id='word_1_494' title='bbox 2410 4241 2920 4313; x_wconf 64' lang='lat' dir='ltr'><strong>referendarium-st</strong></span> <span class='ocrx_word' id='word_1_495' title='bbox 2939 4247 3114 4307; x_wconf 79' lang='lat'><strong>1627),</strong></span> <span class='ocrx_word' id='word_1_496' title='bbox 3141 4243 3210 4296; x_wconf 83' lang='lat' dir='ltr'><strong>de</strong></span> 
     </span>
     <span class='ocr_line' id='line_1_91' title="bbox 1926 4313 3210 4381; baseline 0 -15"><span class='ocrx_word' id='word_1_497' title='bbox 1926 4330 2038 4381; x_wconf 87' lang='lat' dir='ltr'><strong>quo</strong></span> <span class='ocrx_word' id='word_1_498' title='bbox 2065 4314 2136 4372; x_wconf 82' lang='lat' dir='ltr'><strong>cf,</strong></span> <span class='ocrx_word' id='word_1_499' title='bbox 2170 4313 2374 4366; x_wconf 87' lang='lat' dir='ltr'><strong>Veith</strong></span> <span class='ocrx_word' id='word_1_500' title='bbox 2402 4314 2536 4369; x_wconf 89' lang='lat' dir='ltr'><strong>bibl.</strong></span> <span class='ocrx_word' id='word_1_501' title='bbox 2564 4315 2784 4381; x_wconf 83' lang='lat' dir='ltr'><strong>august.</strong></span> <span class='ocrx_word' id='word_1_502' title='bbox 2813 4313 2851 4379; x_wconf 85' lang='grc' dir='ltr'><strong>Ι,</strong></span> <span class='ocrx_word' id='word_1_503' title='bbox 2881 4318 3067 4370; x_wconf 83' lang='grc'><strong>148-</strong></span> <span class='ocrx_word' id='word_1_504' title='bbox 3085 4314 3210 4367; x_wconf 85' lang='lat' dir='ltr'><strong>Fer·</strong></span> 
     </span>
     <span class='ocr_line' id='line_1_92' title="bbox 1925 4384 3209 4455; baseline 0 -18"><span class='ocrx_word' id='word_1_505' title='bbox 1925 4384 2241 4438; x_wconf 85' lang='lat' dir='ltr'><strong>dinandum</strong></span> <span class='ocrx_word' id='word_1_506' title='bbox 2270 4385 2766 4455; x_wconf 86' lang='lat' dir='ltr'><strong>Waizenegger</strong></span> <span class='ocrx_word' id='word_1_507' title='bbox 2790 4384 3209 4455; x_wconf 85' lang='lat' dir='ltr'><strong>Brigantinum,</strong></span> 
     </span>
    </p>
   </div>
   <div class='ocr_carea' id='block_1_10' title="bbox 586 4443 3209 4609">
    <p class='ocr_par' dir='ltr' id='par_1_10' title="bbox 586 4443 3209 4609">
     <span class='ocr_line' id='line_1_93' title="bbox 586 4443 3209 4528; baseline 0.005 -32"><span class='ocrx_word' id='word_1_508' title='bbox 586 4446 788 4498; x_wconf 87' lang='lat' dir='ltr'><strong>vatum</strong></span> <span class='ocrx_word' id='word_1_509' title='bbox 832 4445 922 4499; x_wconf 88' lang='lat' dir='ltr'><strong>est</strong></span> <span class='ocrx_word' id='word_1_510' title='bbox 942 4443 1215 4501; x_wconf 80' lang='lat' dir='ltr'><strong>Manuale</strong></span> <span class='ocrx_word' id='word_1_511' title='bbox 1252 4444 1551 4503; x_wconf 67' lang='lat' dir='ltr'><strong>Vicianum</strong></span> <span class='ocrx_word' id='word_1_512' title='bbox 1578 4445 1866 4521; x_wconf 85' lang='lat' dir='ltr'><strong>juridico·</strong></span> <span class='ocrx_word' id='word_1_513' title='bbox 1917 4456 2064 4525; x_wconf 72' lang='lat' dir='ltr'><strong>Juris</strong></span> <span class='ocrx_word' id='word_1_514' title='bbox 2101 4456 2468 4525; x_wconf 85' lang='lat' dir='ltr'><strong>interpretem</strong></span> <span class='ocrx_word' id='word_1_515' title='bbox 2506 4456 2838 4526; x_wconf 74' lang='lat' dir='ltr'><strong>ingolstadii</strong></span> <span class='ocrx_word' id='word_1_516' title='bbox 2875 4460 2922 4528; x_wconf 62' lang='grc' dir='ltr'><strong>(ψ</strong></span> <span class='ocrx_word' id='word_1_517' title='bbox 2948 4460 3033 4513; x_wconf 91' lang='grc'><strong>18.</strong></span> <span class='ocrx_word' id='word_1_518' title='bbox 3059 4459 3209 4525; x_wconf 87' lang='lat' dir='ltr'><strong>Aug.</strong></span> 
     </span>
     <span class='ocr_line' id='line_1_94' title="bbox 586 4530 2102 4609; baseline 0.005 -24"><span class='ocrx_word' id='word_1_519' title='bbox 586 4530 981 4606; x_wconf 85' lang='lat' dir='ltr'><strong>theologicum</strong></span> <span class='ocrx_word' id='word_1_520' title='bbox 1024 4532 1095 4590; x_wconf 93' lang='lat' dir='ltr'><strong>de</strong></span> <span class='ocrx_word' id='word_1_521' title='bbox 1130 4533 1570 4609; x_wconf 79' lang='lat' dir='ltr'><strong>magistralibus</strong></span> <span class='ocrx_word' id='word_1_522' title='bbox 1602 4539 1662 4593; x_wconf 88' lang='lat' dir='ltr'><strong>et</strong></span> <span class='ocrx_word' id='word_1_523' title='bbox 1694 4554 1865 4594; x_wconf 88' lang='lat' dir='ltr'><strong>cano·</strong></span> <span class='ocrx_word' id='word_1_524' title='bbox 1924 4530 2102 4587; x_wconf 67' lang='grc'><strong>1634)-</strong></span> 
     </span>
    </p>
   </div>
   <div class='ocr_carea' id='block_1_11' title="bbox 660 4735 1650 4877">
    <p class='ocr_par' dir='ltr' id='par_1_11' title="bbox 660 4735 1650 4877">
     <span class='ocr_line' id='line_1_95' title="bbox 660 4735 1056 4803; baseline 0.008 -16"><span class='ocrx_word' id='word_1_525' title='bbox 660 4742 696 4787; x_wconf 65' lang='grc'><strong>11</strong></span> <span class='ocrx_word' id='word_1_526' title='bbox 725 4735 934 4803; x_wconf 82' lang='lat' dir='ltr'><strong>Doujat</strong></span> <span class='ocrx_word' id='word_1_527' title='bbox 958 4737 992 4790; x_wconf 92' lang='lat' dir='ltr'><strong>l.</strong></span> <span class='ocrx_word' id='word_1_528' title='bbox 1021 4738 1056 4790; x_wconf 93' lang='lat' dir='ltr'><strong>l.</strong></span> 
     </span>
     <span class='ocr_line' id='line_1_96' title="bbox 660 4807 1650 4877; baseline -0.002 -19"><span class='ocrx_word' id='word_1_529' title='bbox 660 4814 696 4873; x_wconf 68' lang='lat'><strong>²)</strong></span> <span class='ocrx_word' id='word_1_530' title='bbox 727 4807 1086 4873; x_wconf 75' lang='lat' dir='ltr'><strong>Ziegelbauer</strong></span> <span class='ocrx_word' id='word_1_531' title='bbox 1116 4809 1187 4860; x_wconf 84' lang='lat' dir='ltr'><strong>lV</strong></span> <span class='ocrx_word' id='word_1_532' title='bbox 1217 4828 1270 4877; x_wconf 79' lang='lat' dir='ltr'><strong>p,</strong></span> <span class='ocrx_word' id='word_1_533' title='bbox 1299 4815 1402 4867; x_wconf 77' lang='lat'><strong>236</strong></span> <span class='ocrx_word' id='word_1_534' title='bbox 1430 4828 1469 4870; x_wconf 72' lang='lat' dir='ltr'><strong>s,</strong></span> <span class='ocrx_word' id='word_1_535' title='bbox 1492 4832 1503 4869; x_wconf 83' lang='lat'><strong>;</strong></span> <span class='ocrx_word' id='word_1_536' title='bbox 1528 4816 1650 4868; x_wconf 73' lang='lat'><strong>262,</strong></span> 
     </span>
    </p>
   </div>
   <div class='ocr_carea' id='block_1_12' title="bbox 756 4672 897 4680">
    <p class='ocr_par' dir='ltr' id='par_1_12' title="bbox 756 4672 897 4680">
     <span class='ocr_line' id='line_1_97' title="bbox 756 4672 897 4680; baseline 0 0"><span class='ocrx_word' id='word_1_537' title='bbox 756 4672 897 4680; x_wconf 95' lang='lat' dir='ltr'><strong> </strong></span> 
     </span>
    </p>
   </div>
   <div class='ocr_carea' id='block_1_13' title="bbox 1922 4590 3209 4884">
    <p class='ocr_par' dir='ltr' id='par_1_13' title="bbox 1922 4590 3209 4884">
     <span class='ocr_line' id='line_1_98' title="bbox 1999 4590 3207 4668; baseline 0 -18"><span class='ocrx_word' id='word_1_538' title='bbox 1999 4602 2036 4667; x_wconf 65' lang='grc'><strong>2)</strong></span> <span class='ocrx_word' id='word_1_539' title='bbox 2066 4590 2192 4650; x_wconf 86' lang='lat' dir='ltr'><strong>Huc</strong></span> <span class='ocrx_word' id='word_1_540' title='bbox 2211 4598 2408 4653; x_wconf 87' lang='lat' dir='ltr'><strong>referri</strong></span> <span class='ocrx_word' id='word_1_541' title='bbox 2428 4600 2600 4653; x_wconf 87' lang='lat' dir='ltr'><strong>etiam</strong></span> <span class='ocrx_word' id='word_1_542' title='bbox 2620 4602 2860 4668; x_wconf 87' lang='lat' dir='ltr'><strong>possunt</strong></span> <span class='ocrx_word' id='word_1_543' title='bbox 2876 4597 3207 4651; x_wconf 88' lang='lat' dir='ltr'><strong>Emmanuel</strong></span> 
     </span>
     <span class='ocr_line' id='line_1_99' title="bbox 1925 4669 3209 4757; baseline 0 -36"><span class='ocrx_word' id='word_1_544' title='bbox 1925 4669 2261 4722; x_wconf 85' lang='lat' dir='ltr'><strong>Laurentius</strong></span> <span class='ocrx_word' id='word_1_545' title='bbox 2288 4669 2378 4757; x_wconf 63' lang='lat' dir='ltr'><strong>§u</strong></span> <span class='ocrx_word' id='word_1_546' title='bbox 2396 4687 2429 4724; x_wconf 86' lang='lat' dir='ltr'><strong>a</strong></span> <span class='ocrx_word' id='word_1_547' title='bbox 2448 4687 2517 4752; x_wconf 79' lang='lat' dir='ltr'><strong>re</strong></span> <span class='ocrx_word' id='word_1_548' title='bbox 2533 4669 3014 4752; x_wconf 44' lang='lat' dir='ltr'><strong>2.Olisiponensis,</strong></span> <span class='ocrx_word' id='word_1_549' title='bbox 3043 4670 3209 4736; x_wconf 78' lang='lat' dir='ltr'><strong>cujus</strong></span> 
     </span>
     <span class='ocr_line' id='line_1_100' title="bbox 1922 4743 3206 4884; baseline 0.001 -20"><span class='ocrx_word' id='word_1_550' title='bbox 1922 4758 2112 4865; x_wconf 56' lang='grc' dir='ltr'><strong>ῗῗέἑῗι</strong></span> <span class='ocrx_word' id='word_1_551' title='bbox 2130 4757 2200 4866; x_wconf 59' lang='grc' dir='ltr'><strong>ξ’..</strong></span> <span class='ocrx_word' id='word_1_552' title='bbox 2213 4743 3206 4884; x_wconf 51' lang='grc' dir='ltr'><strong>ῗὲῗιῗέἰῖἓὲῖἃῖἷωῗὲί”ἓῖἶεῖἷ.“ηῗ</strong></span> 
     </span>
    </p>
   </div>
  </div>
 </body>
</html>
