3625 5193
560 229 586 279 1
603 228 637 282 g
648 227 681 280 3
1085 213 1212 266 1581
1232 214 1455 267 -1600.
1483 209 1796 279 Theologia
1824 209 2098 278 polemica
2124 209 2183 262 in
2212 208 2417 264 Gallia.
2444 210 2648 279 Anger,
3049 226 3171 280 184

553 396 764 454 doctus
796 395 1113 454 canonicus
1145 395 1505 469 parisiensiS,
1537 395 1633 454 cui
1662 394 1840 453 debe·
1897 390 2143 475 (1562),
2191 412 2327 452 eum
2378 398 2568 452 morte
2613 394 2973 458 damnarent.
3039 395 3173 453 Jam

557 503 690 542 mus
724 484 905 542 etiam
952 483 1271 543 editionem
1318 479 1620 565 (primam)
1668 485 1839 542 litur-
1897 483 2158 558 laqueus,
2190 500 2309 557 quo
2355 481 2805 559 suspendendus
2855 487 3026 552 esset,
3061 484 3172 541 cir·

547 575 684 651 yiae
715 591 762 634 s.
799 573 993 631 Marci
1025 590 1160 631 cum
1191 572 1611 632 additamentis
1631 593 1698 632 ex
1720 573 1757 630 l.
1785 581 1839 634 8.
1897 574 2223 647 cumjectus
2254 574 2381 629 erat
2412 571 2582 641 collo,
2634 589 2769 629 cum
2818 590 2952 648 spes
2998 572 3174 630 indu-

555 668 739 721 const.
775 662 1249 737 apostolicarum.
1291 663 1374 720 De
1406 664 1514 722 hoc
1546 681 1721 738 opere
1752 662 1842 719 ita
1895 661 2064 720 cendi
2097 661 2271 719 illum
2320 660 2392 719 ad
2439 660 2825 720 defectionem
2857 680 2891 719 a
2922 661 3034 719 fide
3080 680 3174 720 ca-

556 751 768 809 seribit
798 750 1299 833 Renaudot¹):
1352 752 1519 818 ,Etsi
1551 769 1670 810 non
1699 769 1838 809 con·
1895 751 2118 809 tholica
2149 767 2361 825 magno
2394 767 2537 808 suae
2570 753 2762 809 sectae
2784 751 2949 808 lucro
2970 750 3175 808 haere-

553 839 937 898 temnendam
984 858 1220 915 operam
1266 840 1328 898 in
1373 839 1841 915 praefationibus
1895 840 2043 898 ticos
2080 858 2115 896 a
2151 842 2339 897 morte
2371 839 2707 898 imminenti
2738 839 3059 915 infligenda
3082 857 3174 896 re-

555 932 617 987 et
649 930 808 987 notis
840 929 1232 1004 impendisset
1269 929 1553 988 Claudius
1601 929 1840 987 Sancte·
1895 928 2098 986 tinuit.
2150 927 2378 986 Cat-ceri
2426 927 2747 987 restitutus
2793 947 2827 986 a
2872 928 3173 986 catholicis

557 1018 681 1076 sius
715 1017 970 1094 insignis
1003 1018 1107 1075 illa
1138 1021 1328 1077 aetate
1354 1018 1685 1094 theologus,
1707 1017 1839 1075 riti·
1896 1018 2201 1076 liberatur.
2235 1017 2488 1075 Henrico
2521 1016 2642 1087 ΙΙΙ.,
2678 1017 2783 1092 qui
2815 1036 2947 1075 eum
2994 1017 3173 1075 Lute-

555 1108 670 1165 bus
702 1106 923 1165 nullam
959 1109 1066 1164 aut
1096 1107 1367 1183 exiguam
1400 1107 1592 1165 lucem
1615 1106 1839 1165 attulit.
1894 1107 2011 1164 tias
2055 1105 2417 1164 Parisiorum
2466 1105 2758 1165 acciverat
2804 1125 2855 1166 a.
2910 1114 3093 1175 1583,
3141 1125 3176 1164 a

558 1195 944 1264 Quaestiones
976 1196 1123 1266 illas,
1137 1214 1391 1271 quarum
1413 1196 1583 1272 origo
1604 1215 1670 1254 ex
1690 1213 1840 1270 quo·
1897 1194 2365 1254 confessionibus
2396 1194 2529 1253 fuit.
2566 1194 2728 1253 Obiit
2774 1194 3092 1254 Novocomi
3124 1214 3174 1256 a.

554 1284 808 1342 rundam
872 1285 1181 1343 hominum
1249 1284 1532 1343 adversus
1592 1284 1841 1343 Graecos
1908 1294 2089 1347 1591.
2137 1283 2328 1358 Opera
2371 1284 2502 1358 ejus
2546 1283 2751 1360 lingua
2797 1283 3014 1359 gallica
3042 1303 3174 1343 exa-

558 1373 1072 1432 criminationibus
1094 1392 1213 1432 non
1243 1373 1483 1432 aliunde
1507 1373 1844 1448 quaerenda
1896 1376 2028 1431 rata
2046 1376 2311 1432 recenset
2333 1373 2769 1450 Sommervogel
2792 1374 2835 1443 1,
2863 1380 3083 1436 632—ss
3094 1382 3171 1435 42

555 1465 667 1531 est,
702 1464 961 1520 tractare
995 1463 1331 1521 Sanctesius
1363 1467 1424 1521 et
1454 1463 1560 1537 qui
1589 1481 1725 1521 eum
1751 1480 1841 1521 se·
1897 1480 2082 1537 eaque
2113 1465 2256 1520 sunt
2289 1462 2555 1534 ascetica,
2585 1462 2702 1520 alia
2734 1461 2807 1520 de
2846 1481 3175 1520 sacramen-

562 1551 684 1609 cuti
718 1554 860 1608 sunt
880 1550 1161 1610 videntur
1179 1551 1551 1609 formidare.‘
1575 1551 1843 1627 Reliquit
1897 1551 1975 1609 tis
2006 1553 2224 1628 agunt:
2271 1550 2429 1626 quod
2463 1551 2674 1610 ceteris
2721 1550 3055 1625 praefertur
3084 1553 3177 1609 est

556 1645 620 1697 et
678 1658 966 1698 sermones
1012 1642 1537 1717 quadrayeaimales
1599 1640 1842 1698 Parisiis
1896 1641 2026 1714 ejus
2088 1640 2472 1697 catechismua
2550 1639 2850 1698 Mentione
2927 1639 3176 1716 dignum

568 1738 734 1790 1600
758 1751 770 1799 ;
792 1730 1279 1787 commentarium
1300 1731 1378 1787 ad
1396 1730 1577 1788 edicta
1594 1737 1843 1787 veterum
1896 1731 2015 1787 est:
2049 1729 2139 1786 De
2168 1729 2226 1785 la
2256 1747 2442 1804 maye,
2467 1730 2621 1787 reale
2639 1736 2692 1787 et
2710 1725 3175 1802 corporelleprb-

553 1818 900 1892 principum
930 1817 1003 1876 de
1035 1818 1274 1877 licentia
1294 1822 1585 1877 sectarum
1605 1818 1668 1876 in
1688 1818 1842 1877 chri·
1894 1835 2055 1875 senec
2084 1819 2154 1875 de
2185 1816 2584 1876 Meus-Christ
2630 1836 2711 1875 au
2743 1818 2804 1876 S.
2840 1819 3178 1876 Sacrament

560 1907 759 1964 stiana
790 1906 1096 1984 religione,
1131 1906 1370 1965 Parisiis
1393 1916 1575 1970 1561.
1609 1939 1695 1950 ——
1731 1908 1841 1965 Pro
1895 1907 1964 1964 de
1994 1904 2227 1966 l’Autel
2257 1908 2461 1964 contre
2492 1906 2576 1965 les
2624 1906 2855 1965 fausses
2902 1906 3175 1982 opinions

557 1995 673 2052 fide
705 1996 994 2054 catholica
1023 1995 1247 2054 tuenda
1276 1996 1526 2073 impiger
1560 1998 1687 2054 erat
1723 1995 1840 2053 Ed·
1897 1998 1957 2053 et
1988 1994 2295 2054 modernes
2327 1995 2596 2054 Heresies
2628 1998 2763 2054 tant
2808 1996 2909 2053 cles
2954 1988 3175 2054 Luthe-

562 2086 821 2142 mundus
854 2087 1124 2160 Anger,
1158 2086 1409 2160 operarii
1441 2085 1622 2154 filius,
1664 2090 1842 2143 natus
1896 2084 2069 2155 riens,
2104 2084 2461 2161 Zwingliens
2493 2090 2553 2142 et
2595 2083 3029 2159 Westphaliens
3061 2103 3176 2158 que

561 2173 853 2231 Allemani
905 2192 1088 2249 prope
1137 2173 1347 2232 'l'recas
1391 2194 1439 2231 a.
1500 2183 1684 2242 1530,
1736 2173 1842 2249 qui
1899 2173 2249 2232 calvinistes
2281 2173 2343 2231 11.
2382 2183 2435 2241 3,
2489 2173 2769 2249 Lugduni
2808 2182 3173 2244 1563—65‚

560 2263 739 2336 pedes
773 2266 835 2321 et
865 2262 1205 2320 mendicans
1239 2263 1479 2322 Romam
1511 2262 1703 2340 petiit,
1725 2263 1840 2320 ibi·
1897 2280 2152 2337 quorum
2187 2271 2242 2324 3.
2275 2262 2655 2320 inscribitur:
2688 2263 2756 2320 de
2786 2261 3171 2336 l’institution,

558 2369 676 2424 que
710 2356 1027 2427 postquam
1062 2352 1338 2409 sacellani
1368 2356 1568 2428 partes
1615 2352 1845 2410 obierat
1896 2351 2069 2410 υένίιέ
2100 2359 2149 2408 et
2180 2353 2365 2409 utilite
2391 2354 2472 2409 du
2504 2351 2776 2425 Sacrifice
2802 2353 2947 2408 dela
2968 2351 3179 2421 Messe,-

558 2440 622 2496 in
654 2440 898 2498 ecclesia
932 2440 1228 2499 societatis
1258 2440 1424 2509 Jesu,
1459 2441 1618 2499 inter
1662 2441 1841 2515 hujus
1897 2441 1996 2498 des
2043 2459 2375 2499 sacramens
2418 2440 2490 2498 de
2538 2440 2575 2497 l'
2592 2440 2771 2516 eglise
2818 2440 3172 2513 catholique,

560 2528 792 2586 sodales
826 2533 1070 2605 propter
1101 2530 1363 2606 insignes
1397 2529 1624 2606 ingenii
1657 2529 1839 2602 doteS,
1896 2528 1973 2586 ib.
2015 2539 2199 2591 1564.

558 2635 709 2690 quas
755 2618 1059 2693 prodebat,
1108 2622 1376 2693 receptus
1421 2618 1541 2677 fuit
1579 2638 1615 2677 a
1664 2637 1711 2683 s,
1743 2620 1840 2695 Ig-

561 2707 740 2764 natio.
805 2708 874 2764 In
921 2707 1170 2765 Galliam
1214 2708 1396 2765 redux
1444 2727 1563 2782 qua
1608 2709 1843 2783 scriptis
1990 2716 2087 2770 85.
2121 2707 2377 2765 Ultimus
2401 2706 3172 2781 estChristophorusChef-

556 2813 680 2868 qua
712 2796 1092 2853 concionibus
1106 2795 1155 2875 2)
1189 2800 1357 2853 tanto
1390 2796 1511 2854 zelo
1531 2800 1592 2854 et
1614 2797 1842 2855 fervore
1897 2796 2301 2854 fontaines
2364 2794 2837 2877 (Penfentenion‚
2890 2817 2922 2852 a
2975 2796 3176 2870 Capite

557 2883 1842 2944 inreducendisCalvinianislaborabattam-
1898 2881 2180 2965 fontium)
2230 2885 2293 2944 O.
2328 2886 2382 2943 S.
2418 2885 2618 2943 Franc.
2652 2884 2974 2942 Britannus
3024 2900 3080 2941 n.
3127 2902 3171 2941 c.

560 2989 675 3045 que
710 2972 861 3030 felici
896 2991 1194 3042 successu,
1249 2977 1320 3032 ut
1351 2991 1554 3032 eorum
1586 2974 1840 3050 quadra·
1908 2983 2089 3036 1532.
2123 2974 2337 3032 Romae
2369 2973 2617 3033 docebat
2649 2992 2689 3032 s.
2723 2972 3102 3049 theologiam,
3123 2992 3174 3029 a.

558 3061 727 3135 ginta
774 3061 966 3119 millia
1018 3062 1092 3120 ad
1151 3062 1473 3121 Ecclesiam
1535 3064 1841 3122 reduxisse
1904 3073 2063 3125 1571
2122 3063 2387 3122 delectus
2440 3063 2557 3121 fuit
2605 3063 2669 3120 in
2712 3063 2902 3121 totius
2949 3061 3175 3120 ordinis

561 3151 801 3210 feratur.
823 3151 1148 3209 Axiomatis
1170 3151 1357 3209 instar
1376 3152 1494 3227 ipsi
1514 3157 1656 3224 erat,
1675 3171 1841 3210 man·
1897 3152 2237 3210 ministrum
2270 3153 2622 3228 generalem,
2659 3171 2693 3210 a
2721 3150 3003 3227 Gregorio
3020 3149 3175 3208 XIII.

560 3239 880 3297 suetudine
911 3239 1064 3297 nihil
1094 3258 1224 3298 esse
1254 3240 1550 3300 efficacius
1569 3242 1639 3299 ad
1663 3242 1841 3301 redu·
1897 3241 2371 3316 archiepiscopus
2417 3240 2795 3299 caesariensis
2841 3234 3068 3321 (1579)
3117 3243 3178 3297 et

558 3327 771 3385 cendos
822 3332 1104 3387 erranteS.
1168 3330 1354 3390 Tanto
1403 3350 1542 3390 vero
1593 3331 1726 3390 odio
1778 3331 1839 3388 in
1896 3329 2206 3405 coadjutor
2237 3330 2547 3388 cardinalis
2581 3330 2653 3387 de
2685 3330 2860 3388 Pelve
2892 3329 2955 3386 in
2986 3327 3175 3386 archi·

557 3417 732 3474 illum
774 3422 1111 3477 exarserant
1157 3420 1501 3490 calviniani,
1549 3427 1621 3477 ut
1670 3422 1843 3495 capta
1896 3420 2243 3494 episcopatu
2301 3420 2614 3478 senonensi
2676 3418 3042 3494 designatus
3104 3419 3175 3474 In

559 3506 706 3564 urbe
756 3507 1045 3578 Valentia,
1094 3509 1156 3566 in
1201 3528 1323 3584 qua
1367 3508 1842 3567 commorabatur
1897 3507 2237 3566 Flandriam
2280 3509 2657 3582 proficiscens
2699 3503 2775 3588 (a.
2818 3502 3009 3586 1586)
3040 3506 3175 3580 plu·

1896 3616 1987 3655 res
2020 3619 2052 3654 a
2084 3616 2223 3655 vera
2253 3596 2367 3656 fide
2398 3596 2603 3655 devios
2635 3597 2698 3654 in
2730 3600 2953 3654 rectam
2987 3594 3172 3653 dedu-

636 3697 673 3762 ¹)
702 3694 763 3745 In
787 3697 965 3763 praef.
993 3695 1055 3750 T.
1084 3702 1132 3752 1.
1162 3695 1379 3766 Liturg.
1409 3696 1611 3750 orient.
1646 3695 1841 3749 collec·
1895 3687 1986 3744 xit
2029 3688 2203 3754 viam,
2251 3686 2568 3745 catholicos
2618 3685 2682 3743 in
2731 3685 2846 3742 fide
2895 3685 3175 3742 nutantes

483 3833 486 3834 7
559 3763 746 3823 tione;
788 3766 973 3820 Feller
1001 3772 1049 3831 7,
1077 3771 1213 3823 379:
1254 3765 1518 3836 Ouvrage
1544 3767 1840 3821 recherche
1896 3775 2280 3834 confirmavit,
2316 3775 2534 3833 Verum
2570 3793 2701 3832 eum
2737 3775 2866 3848 ejus
2896 3772 3174 3832 orthodo-

559 3837 590 3887 ὲ
617 3851 781 3889 cause
810 3838 905 3890 des
933 3838 1125 3890 choses
1152 3838 1437 3891 curienses
1458 3837 1842 3906 etimportan·
1896 3865 1990 3921 xia
2041 3884 2073 3921 a
2122 3864 2428 3922 nonnullis
2477 3865 2543 3921 in
2592 3863 2985 3938 suspicionem
3018 3860 3175 3935 apud

560 3907 645 3959 tes
673 3909 769 3974 qu'
786 3909 827 3960 il
853 3907 1109 3961 contient
1135 3908 1411 3962 touchant
1435 3908 1491 3961 la
1517 3925 1723 3969 messe:
1766 3927 1841 3963 on

557 3974 611 4029 le
630 3977 786 4046 joint
804 3978 1345 4032 ordinairmentala
1367 3981 1534 4034 Massa
1553 3983 1722 4035 latina
1744 4001 1841 4035 an·
1897 3952 2049 4011 sedis
2097 3954 2453 4029 apostolicae
2515 3953 2798 4011 numium
2847 3955 3174 4049 vocarem-²¹⁸³

556 4054 705 4117 tiqmz
734 4049 802 4102 de
830 4048 1182 4103 Francowitz
1223 4048 1466 4121 (Flacius
1507 4050 1839 4119 lllyncus)“,
1886 4043 2063 4117 jussu
2124 4042 2269 4100 Sixti
2316 4043 2382 4101 V.
2437 4036 2667 4124 (1586)
2730 4042 2974 4099 Romam
3037 4057 3174 4096 mis-

635 4124 673 4185 ‘·')
703 4119 981 4175 Matthieu
1009 4136 1192 4175 rerum
1236 4121 1570 4190 gallicarum
1597 4122 1842 4193 scriptor
1896 4149 1999 4189 sus
2031 4135 2124 4190 est
2154 4131 2357 4206 ibique
2403 4149 2632 4191 carcere
2664 4129 2945 4187 detentus
2995 4146 3035 4186 s.
3073 4127 3172 4184 ln·

467 4271 512 4286 „-
559 4190 1042 4331 ἵέῑέὶΙέἒΟέΙῦἐςννέ-ἰέ
1040 4191 1435 4333 ῗῧέἶῖἒθῗίξξ
1451 4193 1596 4318 {leoz}
1600 4193 1651 4318 ἕ
1653 4213 1692 4335 ²1⁸)
1684 4213 1842 4320 ῗὲἓῗζ
1895 4220 2257 4294 quisitionis.
2291 4221 2436 4290 Quis
2456 4223 2506 4296 ej
2514 4238 2586 4279 us
2607 4236 2815 4277 causae
2841 4217 3023 4275 suerit
3054 4216 3175 4273 exi-

558 4337 754 4385 oateur
803 4334 872 4387 de
922 4351 1023 4388 son
1076 4334 1289 4389 sisela·-
1345 4335 1427 4389 Cf.
1469 4335 1655 4404 Bailly
1697 4336 1749 4392 s.
1789 4338 1840 4391 J.
1894 4312 2014 4376 ‘¹²⁸2
2060 4328 2178 4367 11011
2212 4314 2458 4369 constat.
2524 4308 2791 4367 Decessit
2822 4307 3039 4365 Romae
3074 4313 3175 4366 26·

558 4405 607 4472 (†
635 4408 794 4460 16571
821 4404 1060 4459 historia
1087 4406 1238 4460 vitae
1263 4405 1326 4466 R.
1357 4406 1417 4460 P.
1443 4408 1698 4477 Augerii,
1741 4408 1841 4461 Pa·
1895 4398 2027 4473 Maj.
2070 4408 2253 4461 1595.
2307 4399 2581 4468 Quotidie
2622 4415 2730 4472 per
2761 4396 2962 4470 plures
2995 4411 3176 4453 annos

558 4474 707 4527 fiflfifl
754 4480 921 4542 1652:
967 4477 1222 4548 Dorigny
1251 4479 1354 4532 Vie
1398 4478 1477 4533 <11¹
1519 4478 1579 4533 P·
1623 4483 1688 4532 Α·
1731 4483 1838 4534 0¹20·
1894 4487 2063 4545 horas
2095 4487 2367 4546 undecim
2416 4488 2614 4546 studio
2662 4485 3045 4560 impendebat
3077 4503 3175 4539 va-

557 4544 1303 4671 }‚uggfflngffffii‘ffvenione
1324 4550 1839 4633 1323³F·J·B?a.¹¹d
1894 4575 2128 4649 riasque
2173 4577 2425 4635 callebat
2470 4578 2739 4653 linguas:
2793 4567 3173 4650 dolendum1)

605 4659 618 4674 .
749 4659 762 4671 .
841 4636 977 4689 uger
1004 4621 1056 4674 S.
1082 4622 1131 4674 J.
1160 4620 1536 4675 Frankreichs
1577 4620 1839 4676 Camsms

556 4687 619 4742 in
646 4707 688 4745 s,
714 4690 1012 4761 religiosen
1040 4693 1155 4745 und
1186 4693 1442 4747 socialem
1471 4692 1711 4747 Wirken
1737 4711 1840 4747 zur
1969 4698 2008 4763 Ι)
2038 4692 2184 4746 Nam
2201 4690 2457 4761 alioquin
2478 4690 2962 4756 „contraLutheri
2982 4692 3041 4742 et
3055 4686 3177 4742 Cal-

557 4760 678 4814 Zeit
702 4762 801 4816 der
827 4763 1210 4833 Hugenotten,
1241 4764 1406 4820 Cleve
1435 4768 1590 4823 1903.
1895 4764 2014 4818 vini
2059 4765 2377 4818 vecordiam
2422 4781 2538 4819 non
2578 4765 2772 4818 minus
2812 4762 3179 4815 vehementer
