3625 5193
392 308 528 361 969

393 476 722 545 remittere,
758 477 833 535 ad
854 479 1014 536 stata
1032 478 1238 537 orandi
1260 482 1528 552 tempora
1545 492 1683 537 con—

1402 292 1710 362 Dionysius
1737 291 2023 353 Petamus,

2898 305 3026 366 *970

1829 479 1882 535 A
1931 478 2305 536 recensendis
2366 474 2706 559 encomiis1)
2726 470 2751 549 ‚⁷
2802 479 3027 554 quibus

400 565 600 624 festim
633 566 753 624 alia
782 566 983 625 omnia
1013 581 1312 642 seponere,
1345 572 1407 626 et
1438 567 1680 625 solitum
1739 566 1853 625 viri
1901 562 2122 625 eruditi
2186 566 2378 625 omnis
2430 568 2723 638 nationis,
2789 569 3025 637 aetatis,

398 655 610 726 dicere,
662 655 840 713 malle
886 672 949 712 se
981 656 1173 714 omnis
1219 655 1521 715 doctrinae
1558 656 1683 731 jac-

391 747 595 802 turam
626 744 832 815 facere,
878 759 1058 818 quam
1092 745 1185 803 vel
1231 746 1412 804 semel
1443 758 1684 804 examen

393 832 793 892 conscientiae
837 833 1253 907 quotidianum
1294 834 1389 892 vel
1430 833 1576 908 quid
1608 833 1683 893 si-

395 923 542 981 mile
571 923 868 982 omittere.
915 922 1250 1000 Tenerrimo
1296 940 1494 982 amore
1532 922 1683 981 fere—

395 1012 577 1070 batur
606 1011 672 1069 in
704 1011 760 1068 b.
783 1009 1085 1086 Virginem
1109 1015 1415 1086 tamquam
1434 1015 1684 1070 matrem

401 1118 573 1159 suam
604 1103 666 1159 et
696 1099 986 1175 singulari
1016 1101 1394 1160 veneratione
1437 1118 1577 1177 erga
1607 1116 1684 1163 ss.

1738 656 2058 725 simultatis,
2106 654 2522 731 professionis,
2575 655 2882 734 religionis
2928 670 3028 716 ex·

1739 748 1954 803 ornant
1974 739 2365 814 Petavium,
2400 745 2864 817 abstinebimus3
2898 762 3027 805 om-

1739 850 1846 892 nes
1866 834 2027 892 enim
2047 833 2420 892 admirantur
2432 834 2695 908 ejusdem
2716 832 3028 912 ingenium

1741 923 2044 999 singulare
2060 927 2122 982 et
2141 924 2462 998 perspicax,
2481 924 2835 999 stupendam
2855 924 3029 999 plane

1740 1018 1801 1070 et
1832 1010 2056 1070 variam
2077 1011 2490 1083 eruditionem,
2524 1011 2896 1089 diligentiam
2929 1014 3024 1071 in·

1740 1100 2086 1159 credibilem
2117 1105 2296 1175 atque
2335 1100 2702 1171 indefessam,
2750 1102 3029 1161 dictionis

391 1189 834 1259 eucharistiam,
882 1206 1058 1263 quam
1091 1189 1340 1265 singulis
1370 1189 1577 1248 diebus
1612 1189 1686 1248 ad
1739 1189 2097 1266 elegantiam
2147 1190 2540 1264 nitoremque.
2590 1191 2756 1248 Inter
2801 1190 3027 1248 Petavii

403 1280 647 1355 longum
669 1283 900 1353 tempus
916 1279 1228 1337 invisebat.
1250 1280 1322 1337 In
1339 1280 1486 1337 alios
1502 1278 1685 1354 (modo

395 1367 679 1425 haeretici
713 1385 831 1426 non
849 1361 1074 1447 essent)
1095 1367 1338 1427 mirifice
1369 1371 1497 1427 erat
1527 1386 1684 1425 ama·

399 1456 562 1527 bilis,
611 1456 676 1514 in
719 1472 781 1515 se
831 1472 1018 1514 unum
1066 1458 1378 1515 saeviebat.
1439 1456 1686 1515 Tantam

401 1545 515 1604 viri
565 1545 853 1604 virtutem
906 1541 1113 1604 volens
1166 1546 1323 1605 Deus
1383 1550 1686 1620 tamquam

396 1653 614 1693 aurum
647 1634 712 1693 in
743 1633 882 1710 igne
914 1630 1107 1693 adhuc
1125 1635 1374 1711 probare
1404 1635 1596 1711 magis
1626 1636 1689 1693 et

397 1722 680 1798 perficere
723 1723 789 1781 in
832 1724 1062 1781 camino
1105 1723 1501 1793 infirmitatis,
1553 1738 1686 1798 per-

401 1812 573 1869 misit
601 1811 775 1870 illum
794 1812 973 1870 variis
1007 1812 1348 1872 morborum
1368 1812 1687 1889 generibus

397 1900 562 1958 haud
595 1918 801 1975 parum
834 1898 1082 1959 cruciari
1113 1904 1175 1959 et
1206 1901 1506 1959 doloribus
1529 1917 1687 1959 acer·

403 1989 568 2047 rimis
586 1991 868 2064 torqueri,
884 1994 956 2048 ut
975 1994 1215 2049 coactus
1236 1989 1418 2049 fuerit
1434 1989 1687 2049 subinde

400 2096 787 2154 prorumpere
817 2080 881 2137 in
911 2097 1007 2138 eas
1039 2095 1242 2139 voces:
1287 2079 1685 2137 Circumdede-

397 2175 544 2225 runt
585 2187 675 2225 me
719 2168 942 2227 dolores
992 2170 1209 2227 mortis.
1272 2169 1350 2226 Et
1395 2186 1530 2226 cum
1580 2167 1688 2225 ali·

405 2256 643 2330 quando
675 2256 747 2314 de
778 2257 1097 2316 acerbitate
1122 2257 1392 2315 dolorum
1425 2259 1689 2314 amanter

393 2347 578 2420 quasi
609 2347 1014 2421 expostularet
1046 2346 1119 2404 ad
1151 2347 1487 2415 Dominum,
1522 2346 1688 2403 inau-

405 2434 561 2492 disse
591 2435 783 2493 fertur
814 2434 1063 2494 coelitus
1095 2435 1244 2495 hanc
1273 2453 1504 2493 vocem:
1558 2434 1690 2503 ,Tu

395 2522 479 2582 de
510 2542 605 2581 me
635 2524 855 2600 cogitas
899 2529 973 2583 ut
1005 2525 1205 2594 homo;
1253 2542 1362 2601 ego
1393 2523 1466 2581 de
1502 2529 1562 2581 te
1594 2541 1688 2582 co-

408 2614 535 2689 gito
565 2616 638 2672 ut
668 2613 884 2672 Deus.‘
921 2618 1202 2673 Astantes
1232 2615 1385 2673 lecto
1415 2631 1537 2672 non
1568 2629 1689 2671 ces-

408 2701 560 2759 savit
600 2702 799 2760 verbis
832 2706 892 2760 et
936 2704 1219 2779 exemplis
1270 2703 1586 2763 accendere
1617 2702 1689 2760 ad

410 2809 666 2849 amorem
702 2792 821 2850 Dei.
874 2791 1018 2849 Cum
1052 2792 1243 2850 Guido
1275 2793 1539 2860 Petinus,
1573 2810 1690 2865 quo

407 2880 636 2939 medico
668 2880 970 2949 utebatur,
1018 2885 1266 2939 mortem
1313 2880 1475 2939 brevi
1519 2878 1688 2938 adfu-

405 2971 606 3027 turam
667 2969 1134 3045 praenunciaret,
1196 2969 1411 3045 gaudio
1472 2968 1692 3026 exsiliit

412 3058 546 3131 pius
577 3076 752 3116 senex
776 3058 989 3132 suique
1008 3058 1338 3117 Rationarii
1356 3061 1690 3132 temporum

399 3147 744 3222 exemplum
790 3148 1197 3221 calamumque
1242 3151 1314 3205 ut
1345 3147 1457 3204 sibi
1501 3145 1690 3204 adfer-

410 3239 620 3294 rentur
679 3236 927 3313 rogavit,
995 3236 1404 3312 inscriptoque
1466 3236 1694 3310 primae

1741 1274 2085 1353 discipulos,
2103 1294 2271 1353 quos,
2291 1278 2342 1336 si
2359 1279 2581 1355 ingenii
2601 1280 2843 1338 dotibus
2864 1292 3029 1355 spem

1742 1365 1957 1426 bonam
1978 1366 2357 1442 praebebant,
2391 1369 2539 1425 mire
2564 1369 2946 1444 promovebat
2964 1368 3030 1426 in

1741 1456 1954 1527 literis,
1973 1457 2238 1514 eminent
2258 1470 2366 1531 par
2383 1455 2581 1515 nobile
2599 1457 2852 1515 fratrum
2868 1456 3027 1516 Hen—

1743 1545 1902 1604 ricus
1952 1548 2015 1603 et
2064 1544 2401 1603 Hadrianus
2449 1543 2739 1617 Valesius,
2794 1545 3031 1605 Gabriel

1742 1634 1996 1703 Gossart,
2028 1635 2240 1693 Pstrus
2270 1634 2572 1704 Poussine‚
2603 1635 2863 1694 Joannes
2885 1635 3029 1693 Gar—

1742 1720 1962 1793 nerius,
1999 1723 2346 1781 Franciscus
2377 1722 2710 1783 Vavasseur
2739 1728 2867 1794 etc„
2918 1724 3032 1782 viri

1743 1830 1948 1871 omnes
1968 1812 2247 1881 celebres,
2269 1810 2575 1887 dequibus
2593 1813 2751 1872 infra
2765 1828 3030 1890 agemus.

1837 1999 1979 2050 412.
2013 1989 2150 2048 Jam
2184 1988 2258 2047 ad
2284 1986 2511 2048 Patavii
2544 2008 2737 2065 opera,
2773 2006 3029 2064 quorum

1744 2079 1955 2154 ingens
2001 2082 2094 2136 est
2137 2096 2443 2148 numerus,
2498 2083 2883 2149 transeamus,
2933 2080 3035 2137 sed

1746 2168 2063 2242 praecipua
2125 2169 2363 2225 tantum
2423 2167 2875 2226 recensebimus.
2959 2167 3036 2225 Et

1745 2256 1935 2330 primo
1969 2255 2208 2331 quidem
2242 2254 2530 2313 editiones
2564 2268 2809 2331 operum
2842 2255 3028 2331 scrip-

1746 2353 1946 2403 torum
2010 2349 2292 2403 veterum.
2368 2344 2593 2419 Sym-sii
2655 2364 2737 2420 ep.
2790 2343 3037 2420 Cyrenes

1746 2449 1943 2508 opera,
1981 2452 2131 2507 quae
2165 2436 2398 2491 exstant
2429 2433 2625 2491 omnia
2656 2451 2725 2491 ex
2763 2438 3035 2492 veterum

1747 2623 1851 2675 hos
1865 2625 2192 2676 accuratum
2219 2638 2451 2690 operum
2469 2620 2644 2676 etiam
2678 2617 3027 2676 ineditorum

1747 2692 2075 2764 catalogum
2103 2693 2334 2747 exhibet
2360 2692 2783 2762 Summervogel
2810 2693 2904 2757 Vl,
2932 2696 3037 2750 588

1827 2839 1862 2907 ¹)
1892 2836 1971 2892 Cf.
2014 2853 2077 2889 ea
2125 2835 2365 2890 collecta
2404 2854 2437 2889 a
2479 2835 2736 2890 Zaccaria
2777 2837 2837 2888 et
2879 2852 3039 2905 prae-

1746 2906 1917 2960 missa
1961 2921 2096 2961 suae
2142 2906 2384 2962 editioni
2409 2907 2747 2976 dogmatum
2789 2905 3040 2978 theolog.

1752 2978 2009 3032 Venettis
2048 2982 2202 3034 1657.
2260 2979 2339 3032 lte.
2380 2995 2465 3032 ex.
2507 2996 2590 3048 gr,
2633 2975 2845 3047 Dupin,
2888 2977 3041 3031 Nou·

1748 3049 1897 3103 velle
1917 3049 2311 3117 bibliotheque
2336 3049 2434 3104 des
2459 3053 2691 3104 auteurs
2705 3047 3040 3103 ecclesiasti·

1748 3138 1890 3189 ques
1909 3120 2081 3184 XVII,
2103 3126 2238 3177 ⁶222:
2269 3125 2390 3184 „On
2412 3138 2482 3174 ne
2509 3123 2650 3192 peut
2670 3121 2811 3184 nier,
2839 3137 2949 3187 que
2977 3136 3038 3173 ce

1749 3195 1954 3245 savant
1973 3190 2003 3245 J
2010 3191 2189 3246 esuite
2220 3195 2377 3246 n'eut
2402 3211 2482 3245 un
2502 3192 2668 3262 genie
2690 3191 3037 3244 tres-etendu

1749 3266 1807 3315 et
1822 3263 2135 3327 tres-vaste,
2155 3277 2265 3316 unc
2281 3264 2495 3316 lecture
2513 3264 2908 3332 surprenante,
2926 3280 3038 3315 une

403 3324 543 3381 libri
573 3325 822 3402 paginae
843 3325 952 3384 hoc
982 3325 1162 3383 titulo
1184 3323 1461 3394 ‚Guidoni
1486 3325 1692 3383 Patino
1748 3335 1965 3389 facilite
1986 3335 2379 3388 merveilleuse
2400 3338 2433 3387 a
2454 3333 2629 3387 ecrite
2698 3330 3040 3387 arliculiere-

408 3414 633 3472 medico
664 3414 1006 3482 carissimo‘,
1049 3415 1474 3473 munusculum
1506 3413 1560 3472 ei
1589 3414 1692 3472 ob-

409 3503 556 3561 tulit
584 3504 798 3571 ver-bie,
834 3502 1036 3572 ‚debeo
1065 3503 1436 3580 evangelica‘‚
1471 3502 1690 3562 donum

410 3592 531 3649 scil.
564 3610 671 3666 pro
703 3592 895 3650 fausto
928 3591 1161 3655 nuncio,
1209 3592 1472 3666 Denique
1504 3591 1692 3650 omni·

409 3678 523 3738 bus
571 3679 689 3738 rite
739 3679 1139 3739 communitus
1203 3680 1584 3739 sacramentis
1632 3681 1694 3737 in

411 3786 627 3827 corona
686 3769 937 3828 fratrum
1000 3769 1488 3846 septuagenarius
1537 3770 1693 3843 piam

401 3855 638 3916 efflavit
668 3853 984 3938 animam1)
1031 3858 1267 3917 Parisiis
1297 3859 1392 3916 die
1432 3868 1526 3919 ll.
1565 3859 1693 3916 Dec.

420 3955 602 4008 1652.

406 4231 414 4238 .
491 4195 527 4253 ι)
557 4187 731 4242 Plura
772 4190 840 4242 dc
869 4188 990 4242 vitu
1030 4190 1203 4244 habes
1236 4189 1297 4242 iu
1341 4188 1474 4242 bibl.
1503 4188 1697 4257 script.

413 4259 533 4313 Soc.
550 4261 583 4315 J
590 4302 620 4324 .,
647 4260 808 4329 cujus
829 4258 1082 4330 elogium
1106 4277 1239 4314 suae
1261 4257 1505 4314 editioni
1524 4275 1697 4312 anno-

413 4330 731 4385 tationibus
782 4333 1018 4384 auctum
1064 4329 1360 4402 praemisit-
1409 4329 1698 4388 Zaccaria;

411 4402 570 4471 apud
596 4401 845 4457 Niceron
872 4402 1149 4467 xxxvfl,
1175 4407 1240 4459 81
1272 4419 1359 4465 ss.,
1401 4401 1500 4456 ubi
1540 4417 1698 4454 accu-

409 4483 534 4527 rate
560 4473 872 4529 admodum
898 4473 968 4526 de
1008 4473 1252 4544 singulis
1287 4475 1541 4543 ejusdem
1572 4489 1698 4543 ope·

412 4545 567 4601 ribus
608 4544 806 4599 ordine
847 4545 1246 4616 chronologico
1282 4545 1494 4616 agitur,
1535 4546 1699 4613 cujus

415 4614 567 4670 vitae
608 4618 807 4671 auctor
849 4618 934 4668 est
971 4616 1030 4675 Ρ,
1058 4616 1102 4670 Ο
1121 4635 1156 4670 u
1176 4616 1336 4677 din;
1377 4615 1698 4670 Chatellain

414 4686 490 4741 Le
506 4687 565 4741 P.
587 4687 655 4742 D.
682 4687 881 4749 Petau,
910 4686 1068 4740 Paris
1095 4692 1252 4746 1884;
1269 4687 1333 4741 in
1355 4685 1556 4757 primis
1571 4702 1698 4741 con-

407 4757 656 4812 sulenda
686 4757 1117 4813 accuratissima
1155 4773 1431 4828 monogra

1749 3411 1907 3459 ment
1924 3423 1995 3459 en
2012 3406 2176 3459 latin.
2200 3406 2245 3458 ll
2266 3421 2299 3458 a
2316 3403 2530 3458 excelle
2552 3406 2657 3473 ega
2686 3405 2876 3457 ement
2895 3403 3037 3456 dans

1751 3478 1830 3530 les
1859 3478 2031 3531 belles
2058 3476 2272 3538 lettres,
2301 3476 2442 3529 dans
2469 3475 2526 3530 la
2552 3475 2772 3530 science
2793 3474 2893 3528 des
2920 3473 3039 3527 lan—

1751 3565 1908 3617 gues,
1949 3547 2091 3600 dans
2117 3548 2171 3601 la
2200 3548 2408 3616 poesie,
2444 3546 2585 3600 dans
2624 3544 3039 3610 l'astronomie,

1750 3618 1893 3671 dans
1919 3616 1976 3670 la
2002 3617 2370 3698 geographie,
2406 3617 2548 3671 dans
2572 3615 2630 3670 la
2658 3613 3040 3686 chronologie‚

1750 3690 1893 3743 dans
1918 3689 2195 3743 l'histoire
2222 3692 2281 3741 et
2306 3688 2448 3742 dans
2475 3688 2532 3741 la.
2552 3687 2860 3757 theologie.
2888 3686 2933 3740 11
2955 3692 3041 3740 est

1751 3769 1876 3815 r'a-re
1897 3761 1967 3814 de
1987 3763 2219 3815 trouver
2239 3778 2318 3813 un
2338 3763 2558 3826 auteur,
2586 3759 2687 3829 qui
2709 3759 2792 3812 ait
2817 3776 2883 3812 su
2911 3760 3043 3813 tant

1751 3833 1820 3885 de
1849 3832 2062 3896 choses,
2089 3832 2188 3899 qui
2216 3832 2300 3885 ait
2324 3834 2453 3886 tant
2477 3831 2741 3885 travaille
2762 3847 2857 3884 sur
2882 3829 3041 3884 diffe-

1752 3904 1940 3958 rentes
1967 3903 2232 3957 matieres
2272 3905 2330 3957 et
2356 3903 2456 3971 qui
2483 3902 2568 3957 ait
2606 3900 2786 3956 reussi
2815 3919 2885 3956 en
2911 3904 3042 3956 tout

1753 3991 1927 4046 genre
1972 3977 2109 4029 ete-⁴
2184 3973 2228 4028 E
2275 3973 2726 4043 protestantibus
2770 3972 3042 4028 audiatur

1755 4048 1958 4116 Georg.
1987 4045 2293 4100 Morhofius
2330 4047 2394 4099 in
2421 4062 2524 4100 suo
2562 4043 2917 4115 polyhistore
2941 4044 2979 4099 l.
3007 4049 3040 4100 5

1754 4136 1807 4171 n.
1837 4122 1934 4173 18:
1968 4117 2044 4174 ..E
2073 4115 2383 4186 pontificiis
2407 4116 2670 4171 maximis
2702 4116 2896 4171 ornari
2921 4114 3041 4170 lau-

1754 4188 1924 4243 dibus
1963 4189 2135 4242 debet
2172 4188 2338 4245 Dion.
2381 4187 2424 4241 P
2440 4205 2469 4243 e
2487 4191 2513 4242 t
2527 4205 2561 4241 a
2577 4209 2606 4242 v
2625 4188 2646 4242 i
2663 4206 2700 4242 u
2717 4205 2743 4240 s
2759 4229 2772 4254 ,
2807 4186 3039 4257 Jesuita„

1756 4258 1845 4313 vir
1870 4259 2075 4313 summi
2102 4259 2315 4317 laboris
2342 4262 2400 4313 et
2415 4260 2640 4328 judicii,
2669 4276 2836 4325 quem
2862 4275 3039 4310 unum

1755 4347 1784 4384 e
1804 4331 2034 4400 jesuitis
2061 4347 2258 4400 sapere
2278 4330 2578 4401 judicabat
2603 4327 2871 4399 Scaliger,
2912 4330 3044 4381 utut

1754 4402 1954 4456 abillo
1976 4401 2203 4472 scriptis
2223 4401 2439 4456 criticis
2459 4401 2767 4455 lacessitus.
2798 4442 2809 4454 .
2836 4442 2846 4453 .
2878 4441 2888 4452 .
2913 4397 3042 4452 cnl-

1756 4476 1816 4526 ta
1841 4473 1928 4527 illi
1956 4473 2300 4555 elegansque
2327 4476 2412 4527 est
2434 4471 2718 4526 tractandi
2753 4469 2921 4533 ratic,
2948 4485 3042 4523 va·

1755 4544 1841 4598 ria
1866 4543 2185 4599 eruditione
2213 4545 2469 4611 undique
2496 4558 2742 4612 aspersa,
2776 4557 2891 4595 non
2916 4542 3042 4594 hor-

1754 4615 1881 4670 rida
1907 4615 2010 4670 illa
2030 4620 2088 4669 et
2112 4614 2464 4679 scholastica,
2490 4615 2759 4682 frequens
2778 4613 3041 4680 antiquo-

1754 4704 1884 4741 rum
1911 4686 2098 4751 lectio,
2123 4687 2185 4741 in
2213 4681 2425 4755 quibus
2450 4684 2782 4739 evolvendis
2808 4686 2867 4738 et
2891 4697 3041 4738 ema·

1436 4755 1572 4827 phia
1611 4758 1697 4813 ed.
1755 4759 2015 4828 eulandis
2040 4759 2286 4814 multum
2324 4759 2440 4811 tem
2484 4756 2599 4810 oris
2631 4755 3035 4824 consumpsit.“

402 4827 695 4884 Stanonik
710 4828 774 4887 D.
789 4828 1074 4894 Petavius,
1096 4828 1266 4883 Grata
1281 4834 1436 4886 1876.
1467 4828 1699 4882 Praeter
1755 4829 1835 4886 cf.
1866 4828 2131 4884 Zoeckler
2156 4828 2414 4882 Realenc.

2496 4827 2606 4893 V,³‚
2632 4831 2898 4884 166-69.
2984 4867 2991 4875 .
