3625 5193
799 286 1045 354 Fornier,
1073 288 1125 342 Ν
1130 289 1344 359 oguier,
1371 289 1606 355 Louvet,
1633 289 1984 357 Bondonnet,
2012 306 2046 343 a
2071 290 2419 344 Monasterio
2447 291 2552 345 616.

373 304 531 358 1121
2816 308 2981 362 1122

362 474 607 533 Accedit
622 473 1232 533 Onomasticonrerum
1248 478 1310 533 et
1330 474 1647 534 verborum
1702 477 2006 552 plementa
2054 475 2269 553 adjecit
2327 484 2524 544 17043
2582 483 2762 539 1718.
2830 477 2989 535 Haec

362 561 765 622 difficiliorum
815 564 880 621 in
929 564 1366 623 commentariis
1415 582 1459 622 s.
1511 564 1648 622 Cas·
1705 564 1954 623 historia
1983 565 2219 623 nonnisi
2252 569 2496 641 propter
2527 564 2882 624 documenta
2925 566 2988 622 in

365 653 531 723 siani,
577 652 656 713 ib.
696 661 860 715 1662
902 653 965 712 in
1001 663 1056 715 4.
1118 652 1280 723 Quae
1324 653 1398 712 ad
1443 671 1647 712 mona·
1705 672 1835 712 eam
1866 657 2103 729 recepta
2134 657 2225 713 est
2254 654 2509 729 alicujus
2539 654 2735 730 pretii.
2768 686 2855 696 —
2880 654 2985 713 Jo-

366 742 620 801 sterium
652 746 940 818 spectant,
974 741 1298 817 eaquidem
1321 742 1467 801 satis
1497 743 1648 800 bene
1704 761 1887 801 annes
1932 742 2019 800 de
2065 745 2345 803 Sancto
2380 742 2664 801 Albino
2712 743 2766 800 S.
2799 741 2855 803 J.
2903 737 2985 823 (n.

365 850 427 889 se
460 831 698 900 habent,
744 835 819 890 ut
849 832 922 889 ab
957 834 1198 890 auctore
1235 832 1300 890 in
1330 831 1425 889 his
1470 833 1649 889 rebus
1713 840 1899 900 1587,
1923 829 1958 898 †
1987 841 2080 895 18.
2100 831 2225 891 Oct.
2249 827 2441 912 1660)
2461 832 2710 907 reliquit
2729 831 2989 890 Histoire

365 919 701 979 diutissime
749 922 979 978 versato
1025 928 1087 979 et
1130 919 1504 979 documentis
1550 938 1648 978 ve·
1706 921 2145 998 Ecclesiastique
2188 923 2258 979 de
2298 922 2357 979 la
2397 921 2523 979 ville
2566 922 2635 978 de
2666 921 2834 996 Dyon
2876 939 2983 978 on-

364 1009 547 1068 tustis
567 1008 908 1067 abundante
928 1009 1253 1085 exspectari
1287 1012 1513 1084 potest3
1548 1008 1647 1067 sed
1706 1011 1902 1069 cienne
1932 1016 1983 1068 et
2012 1010 2297 1087 moder-ne,
2332 1009 2613 1087 Lugduni
2654 1019 2818 1073 1666
2866 1014 2911 1071 t.
2948 1019 2983 1071 2

364 1117 517 1174 quae
567 1098 639 1157 de
671 1097 932 1156 Cassiani
972 1098 1099 1157 vita
1135 1098 1375 1157 disserit
1390 1140 1406 1169 ,
1457 1098 1649 1174 pluri·
1704 1100 1769 1158 in
1798 1099 1839 1157 f.

362 1188 477 1246 bus
524 1186 978 1261 displicuerunt.
1039 1187 1224 1246 Totus
1268 1187 1428 1245 enim
1472 1187 1537 1245 in
1583 1205 1651 1245 eo

364 1281 475 1347 est,
508 1279 581 1334 ut
612 1276 954 1335 Cassianum
985 1280 1233 1334 tueatur
1265 1276 1363 1334 vel
1394 1279 1649 1345 excuset,
1800 1286 1945 1340 484.
1978 1276 2070 1336 Ad
2103 1276 2410 1335 historiam
2442 1275 2757 1335 Neustriae
2794 1276 2991 1334 multa

364 1367 437 1425 iis
471 1368 671 1423 tamen
702 1365 979 1440 exceptis,
1014 1384 1165 1440 quae
1197 1384 1241 1423 s.
1274 1365 1529 1441 Prosper
1559 1383 1650 1422 re·
1709 1366 1965 1425 contulit
1982 1366 2286 1424 Arthurus
2305 1384 2341 1423 a
2369 1366 2848 1424 Monasterio
2881 1363 2990 1445 (du

362 1452 523 1513 fellit
554 1457 616 1514 et
646 1453 863 1513 erroris
897 1453 1183 1530 coarguit.
1236 1453 1481 1512 Constat
1502 1471 1651 1529 opus
1707 1451 2017 1536 Monstier)
2080 1455 2143 1513 Ο.
2196 1454 2337 1511 Min.
2386 1454 2876 1530 Rothomagensis
2929 1449 2990 1536 (†

362 1544 428 1604 11.
466 1551 520 1613 2,
554 1561 812 1619 quorum
835 1552 886 1604 1.
919 1561 997 1601 cc.
1034 1552 1112 1605 64
1148 1542 1404 1620 effigiem
1436 1561 1479 1601 S.
1513 1543 1650 1601 Cas·
1715 1539 1942 1626 1662),
2003 1542 2108 1619 qui
2165 1545 2404 1618 praeter
2456 1543 2610 1602 vitas
2658 1543 2987 1603 multorum

365 1632 517 1692 siani
563 1632 688 1691 sive
724 1631 919 1691 ideam
952 1631 1110 1691 vitae
1155 1632 1469 1709 religiosae
1514 1651 1649 1707 pro-
1685 1636 2047 1693 sanctorum
2093 1636 2156 1692 et
2188 1632 2510 1703 beatorum,
2558 1651 2710 1707 quae
2756 1632 2989 1691 additae

363 1722 553 1798 ponit,
609 1721 762 1779 alter
808 1720 880 1779 de
925 1721 1115 1797 gloria
1163 1726 1223 1779 et
1275 1720 1650 1779 beatitudine
1708 1726 1852 1781 sunt
1896 1722 2141 1781 fioribus
2183 1725 2520 1780 sanctorum
2564 1721 2989 1780 Ribadeneirae

364 1810 627 1886 ejusdem
679 1826 757 1867 cc.
813 1818 893 1871 29
949 1810 1091 1886 agit.
1136 1843 1227 1855 —
1270 1809 1651 1868 Marcellinus
1706 1811 1795 1873 ed.
1846 1811 2090 1870 Parisiis
2149 1819 2312 1874 1627
2334 1855 2347 1881 ‚
2401 1813 2462 1868 et
2510 1811 2989 1890 martyroloyium

363 1899 690 1958 Fornier
742 1894 1077 1978 (Fournier)
1125 1898 1180 1957 S.
1226 1898 1283 1956 J.
1336 1894 1398 1981 (†
1455 1893 1648 1979 1650)
1702 1898 2240 1974 franciscanmnib.
2270 1909 2433 1962 1638
2456 1898 2606 1969 inf.;
2648 1900 2988 1969 1653,bre·

364 1987 604 2063 scripsit
637 1987 894 2045 Histoire
919 1986 1184 2065 yenbrale
1213 1988 1311 2046 des
1329 1988 1509 2062 Alpes
1526 2005 1649 2044 ma·
1705 1989 1933 2048 viatum
1950 2008 1985 2047 a
2016 1988 2389 2046 Balthassare
2408 1988 2779 2046 messanensi
2798 1988 2988 2047 Vene-

363 2078 586 2135 ritimes
618 2094 694 2135 ou
732 2075 1033 2135 Cottienes
1065 2079 1126 2134 et
1156 2076 1539 2151 particuliere
1579 2075 1651 2134 de
1708 2078 1810 2136 tiis
1851 2086 2037 2148 1679,
2070 2076 2259 2136 edidit
2288 2095 2440 2152 opus
2460 2076 2766 2153 egregium
2788 2071 2989 2158 (modo

363 2166 499 2224 leur
544 2164 1024 2240 metropolitaine
1056 2166 1345 2236 Ambrun,
1400 2166 1648 2223 chrono-
1706 2166 2078 2225 rarissimum
2123 2168 2186 2223 et
2230 2160 2631 2247 carissimum)
2676 2167 2987 2240 praenota·

364 2253 698 2331 graphique
719 2256 781 2311 et
798 2255 1015 2312 meslee
1035 2254 1187 2312 dela
1208 2253 1491 2313 seculiere
1512 2270 1650 2313 avec
1705 2258 1836 2314 tum
1868 2254 2149 2313 Neustria
2179 2256 2293 2327 pia
2336 2271 2442 2312 seu
2487 2253 2560 2310 de
2606 2253 2882 2311 omnibus
2929 2255 3013 2315 et,

363 2342 885 2417 l’ecclesiastique,
934 2342 1174 2401 Parisiis
1212 2352 1557 2406 1889-90
1604 2344 1650 2404 1.
1708 2344 1966 2420 singulis
2003 2343 2256 2402 abbatiis
2290 2345 2354 2400 et
2386 2341 2752 2419 prioratibus
2796 2341 2987 2400 totius

370 2440 404 2493 2
448 2432 514 2490 111
549 2441 602 2495 8.
638 2465 722 2474 -—-
756 2431 1038 2490 Claudius
1083 2432 1400 2491 Hemere
1446 2426 1647 2513 (1580
1707 2430 2124 2503 Normanniae,
2159 2432 2379 2509 quibus
2411 2430 2808 2499 exstruendis,
2851 2430 2990 2488 fun-

365 2515 658 2603 -1650)
693 2523 900 2579 auctor
931 2524 1022 2579 est
1055 2539 1146 2595 op.
1180 2521 1448 2598 Anqusta
1481 2520 1650 2578 Viro·
1708 2522 1917 2581 dandis
1967 2521 2363 2596 dotandisque
2413 2520 2606 2596 pietas
2655 2518 2994 2579 neustriaca

366 2612 761 2669 mandatorum
786 2610 1087 2668 vindicata
1106 2615 1168 2669 et
1185 2610 1489 2669 illustrata
1514 2620 1547 2673 2
1570 2609 1649 2680 11.,

366 2699 587 2775 quibus
624 2698 1015 2774 antiquitates
1060 2700 1228 2758 urbis
1273 2706 1335 2757 et
1378 2699 1652 2758 eeclesiae

367 2807 412 2847 s.
426 2788 698 2857 Quintini
712 2789 784 2865 ¹).
808 2831 821 2845 .
844 2831 856 2844 .
878 2788 1246 2863 explicantur
1261 2792 1387 2858 etc.,
1408 2787 1652 2846 Parisiis

370 2886 562 2940 1643.
605 2910 693 2922 -—
738 2876 1082 2936 Franciscus
1118 2877 1463 2953 Noguier
1508 2877 1651 2935 scri·

361 2966 486 3042 psit
519 2964 773 3024 Histoire
819 2967 1248 3042 chronoloyique
1279 2961 1354 3024 de
1391 2965 1649 3041 l’Eglise‚

361 3045 635 3128 Eveques
698 3057 759 3112 et
807 3055 1222 3128 Archeveques
1281 3055 1336 3112 d’
1354 3055 1649 3131 Avignon,

363 3144 667 3202 Avenione
707 3153 871 3205 1659
917 3144 980 3202 111
1013 3153 1068 3206 4.
1093 3176 1178 3187 -
1198 3144 1457 3202 Joannes
1489 3143 1651 3200 Bsi-

364 3232 486 3291 ole
532 3232 587 3290 S.
634 3230 688 3288 J.
735 3232 1176 3291 Condomiensis
1221 3227 1286 3314 (†
1334 3240 1433 3294 29.
1482 3232 1651 3293 Mart.

374 3315 570 3403 1650)
601 3320 852 3396 reliquit
884 3322 1143 3380 Histoire
1162 3320 1372 3380 Sacrae
1402 3319 1651 3398 d’Aqui-

1706 2611 2289 2689 magnificentissime
2321 2609 2511 2669 eluxit
2543 2613 2604 2668 et
2623 2608 2990 2668 commenda-

1708 2703 1830 2773 tur,
1873 2700 2229 2776 Rothomagi
2271 2709 2436 2762 1663
2483 2699 2547 2757 in
2578 2699 2649 2769 f.;
2701 2700 2993 2757 Sanctitas

1708 2791 2078 2848 monarchiae
2083 2790 2322 2867 qallicae
2335 2807 2545 2865 regum
2566 2786 2991 2846 christianissi-

1707 2898 1941 2937 morum
1961 2896 2284 2952 eorumque
2304 2878 2562 2937 filiorum
2583 2877 2646 2935 ll.
2667 2887 2722 2947 9,
2746 2875 2992 2935 Parisiis

1717 2977 1882 3031 1638
1917 2968 1979 3025 in
2015 2975 2069 3029 8.
2102 2968 2187 3025 De
2216 2968 2397 3025 rebus
2427 2966 2779 3025 neustriacis
2814 2966 2932 3024 alia
2954 2973 2990 3024 4

1708 3056 2015 3114 volumina
2045 3056 2117 3114 ad
2151 3057 2420 3130 praelum
2453 3056 2690 3113 matura
2719 3055 2992 3122 habebat,

1710 3146 1836 3203 scil.
1870 3144 2152 3202 Neustria
2184 3144 2520 3213 christiana,
2556 3143 2838 3201 Neustria
2857 3161 2991 3201 san-

1709 3236 1821 3305 cta,
1844 3234 2129 3292 Neustria
2143 3232 2522 3291 miscellanea
2538 3231 2597 3309 ¹).
2628 3231 2812 3290 Aliud
2833 3231 2992 3305 ejus-

1710 3322 1845 3380 dem
1880 3340 2028 3396 opus
2060 3320 2380 3380 admodum
2413 3339 2613 3378 rarum
2647 3322 2741 3378 est
2758 3335 2995 3378 sacrum

365 3411 540 3484 taine,
576 3409 864 3484 premiere
891 3410 1099 3485 partie,
1134 3412 1457 3469 contenant
1476 3407 1654 3467 l'etat
1705 3429 2048 3489 qynaeceum
2090 3428 2195 3467 seu
2225 3408 2717 3484 martyrologium
2749 3406 2992 3483 amplis-

366 3498 450 3557 du
498 3497 973 3568 Christianisme,
1021 3498 1236 3574 depuis
1284 3499 1340 3556 la
1384 3498 1652 3574 publica-

366 3587 496 3644 tion
531 3586 602 3645 de
648 3587 687 3644 1’
704 3587 988 3664 Evangile
1013 3588 1271 3663 jusqu’e
1315 3606 1423 3646 nos
1465 3589 1650 3663 jourS,

367 3674 615 3735 Cadurci
646 3685 835 3737 -1644
870 3676 934 3734 in
970 3685 1024 3736 4.
1056 3710 1144 3720 —
1175 3677 1435 3736 Joannes
1467 3677 1514 3734 B
1535 3693 1653 3733 on-

367 3764 655 3823 donnet
687 3764 753 3829 0.
785 3765 838 3826 S.
873 3766 1013 3824 Ben.
1055 3766 1325 3825 restituit
1371 3770 1432 3824 et
1462 3783 1651 3824 corre·

365 3853 456 3911 xit
486 3855 565 3911 les
609 3852 735 3911 Vies
780 3856 877 3911 des
910 3855 1163 3932 Eoiques
1203 3857 1284 3913 du
1315 3855 1508 3931 Mam,
1546 3855 1653 3911 Pa·

365 3941 530 4000 risiis
571 3951 731 4005 1651
772 3943 837 4001 in
870 3952 926 4006 4.
963 3977 1040 3985 -
1066 3944 1150 4002 De
1181 3944 1434 4001 dioecesi
1467 3943 1652 4001 bello-

367 4030 606 4088 vacensi
639 4031 860 4090 meruit
880 4033 1092 4090 Petrus
1122 4026 1472 4111 Louvet2),
1514 4050 1652 4107 par·

366 4118 612 4177 lamenti
659 4120 980 4179 advocatus
1023 4118 1085 4202 (†
1134 4130 1231 4183 23.
1265 4121 1397 4178 Dec.
1440 4117 1650 4195 1646),

369 4207 435 4265 111
467 4208 919 4267 Nomenclatura
952 4216 1002 4267 et
1030 4205 1425 4285 chronoloqica
1455 4227 1653 4265 rerum

369 4297 886 4356 ecclesiasticarum
930 4300 1200 4356 dioecesis
1246 4298 1651 4365 bellovacensis,

368 4385 614 4444 Parisiis
653 4396 853 4458 1613;
893 4395 1096 4456 16283
1131 4386 1386 4445 Histoire
1417 4394 1468 4444 et
1498 4386 1652 4444 anti·

369 4474 551 4550 quites
595 4477 674 4533 du
705 4495 860 4551 pays
903 4477 971 4533 de
1003 4477 1314 4550 Beauvais‚
1356 4473 1653 4533 Bellovaci

376 4572 542 4625 1635
566 4563 630 4621 111
655 4573 727 4635 8.,
762 4565 859 4622 cui
891 4565 1208 4641 Dionysius
1241 4564 1480 4622 Simon
1513 4582 1652 4638 sup-

450 4771 490 4840 ¹)
520 4767 598 4824 Cf.
626 4772 791 4824 Feret
815 4769 910 4835 IV,
937 4774 1200 4828 376—80.

449 4843 489 4911 ²)
517 4841 597 4895 Cf.
623 4841 816 4911 Biogr.
837 4859 931 4896 un.
957 4841 1132 4906 XXV,
1157 4846 1278 4898 277.

590 4940 782 4998 Hui-ter,
808 4939 1152 4987 Nomenclator
1178 4940 1245 4986 111
1274 4940 1349 4986 ed.
1379 4939 1427 4985 3.

1711 3500 1946 3569 simum,
1981 3500 2045 3555 in
2067 3517 2182 3572 quo
2205 3500 2443 3556 sanctae
2477 3515 2543 3555 ac
2572 3496 2778 3555 beatae
2813 3495 2992 3554 aliae-

1710 3608 1825 3664 que
1848 3586 2066 3646 Christi
2088 3586 2350 3655 ancillae,
2387 3589 2697 3661 martyreS,
2729 3585 2994 3662 virgines

1709 3681 1818 3738 etc.
1870 3677 2272 3745 recensentur,
2320 3674 2565 3732 Parisiis
2624 3683 2784 3737 1657
2840 3673 2904 3731 in
2954 3673 2992 3733 f.

1710 3800 1796 3809 -—-
1830 3764 2157 3823 Praeterito
2190 3763 2429 3821 demum
2461 3764 2657 3821 seculo
2678 3782 2709 3820 e
2728 3761 2995 3820 tenebris

1708 3854 1933 3931 prodiit
1953 3853 2204 3912 Simonis
2237 3852 2307 3910 le
2339 3853 2435 3910 Bo
2454 3870 2494 3910 u
2512 3871 2541 3910 6
2561 3871 2599 3926 q
2629 3852 2761 3910 laici
2792 3854 2854 3909 et
2883 3869 2993 3927 pu-

1708 3943 1884 4002 blicis
1915 3941 2266 4001 muneribus
2300 3936 2568 4021 dediti2),
2618 3941 2722 4000 sed
2755 3940 2869 3999 viri
2900 3939 2994 3996 in-

1709 4033 1961 4109 signiter
1995 4032 2059 4089 in
2090 4030 2338 4088 historia
2370 4029 2564 4105 patria
2591 4030 2811 4088 versati
2844 4031 2905 4087 et
2924 4028 2998 4085 de

1710 4141 1778 4180 ea
1823 4119 2176 4179 benemeriti
2222 4116 2284 4200 (†
2339 4130 2389 4181 1.
2438 4120 2570 4177 Dec.
2620 4117 2808 4195 1657)
2855 4117 2995 4174 stilo

1709 4209 1979 4286 neglecto
2012 4208 2347 4283 conscripta
2380 4209 2640 4266 Histoire
2658 4204 2991 4266 ecclesiasti-

1710 4317 1817 4375 que
1847 4299 1916 4355 de
1947 4299 2005 4356 Za
2040 4298 2162 4355 ville
2192 4305 2241 4355 et
2272 4298 2451 4355 comte5
2477 4297 2545 4353 de
2574 4295 2995 4364 Valenciennoe,

1710 4405 1854 4445 cura
1896 4386 2064 4445 Arth.
2112 4385 2345 4444 Dinaux
2363 4430 2376 4454 ,
2439 4383 2771 4442 Valentinis
2827 4388 2992 4442 1844

1709 4476 1773 4534 in
1807 4485 1863 4537 4.

1789 4700 1826 4768 ¹)
1855 4697 1935 4773 Cf.
1965 4695 2234 4777 Bibliotb.
2264 4695 2437 4775 franc:
2468 4696 2506 4759 I,
2536 4698 2655 4753 143.

1786 4773 1827 4842 ²)
1854 4770 1935 4821 Cf.
1976 4768 2034 4822 L.
2062 4766 2333 4821 Devillers
2370 4765 2557 4836 Biogr.
2599 4768 2717 4819 nat.
2744 4763 2814 4817 de
2838 4761 2995 4831 Belg.

1711 4840 1803 4905 XI,
1830 4843 2095 4897 539—45.

2605 4930 2674 4983 36
