3625 5193
610 252 643 304 5
658 256 683 305 1
699 254 732 303 9
1264 240 1631 294 1601—1620.
1659 237 2001 307 patrologia.
2031 238 2231 305 Faber,
2259 238 2536 303 Breulius‚
3104 258 3136 311 5
3148 258 3181 310 2
3194 262 3234 311 o

600 423 1073 480 Bernardini
1121 423 1390 481 senensis
1423 426 1545 481 tam
1579 424 1889 498 hucusque
1945 426 2179 500 putatio
2200 428 2437 500 recepta
2469 424 2584 483 fuit
2602 425 2762 483 inter
2780 426 3013 486 criticos
3037 446 3236 487 sacros

603 512 886 586 impressa
932 532 1107 588 quam
1158 530 1359 570 recens
1406 512 1665 582 inventa,
1700 513 1890 571 Vene-
1946 517 1986 571 t.
2027 524 2078 575 7.
2114 514 2205 575 ed.
2240 514 2508 573 Francof.
2549 510 2799 596 16962).

597 601 697 657 tiis
737 612 894 664 1591
936 606 978 659 t.
1018 612 1054 663 4
1091 601 1154 658 in
1191 612 1264 670 4.,
1313 602 1399 659 ed.
1438 620 1570 659 rara
1602 598 1703 681 (m.
1742 598 1886 681 80);

596 689 975 749 historiarum
1007 691 1344 764 set-aphicae
1389 691 1686 767 reliqionis
1718 692 1771 747 ll.
1810 693 1887 748 3:
2036 701 2179 753 222.
2233 692 2405 750 Hunc
2456 696 2592 767 post
2639 692 2945 751 biennium
2999 691 3237 776 (1614)

596 778 997 848 fundamenta,
1032 779 1433 854 amplificatiO,
1468 779 1689 855 gradus
1711 784 1770 837 et
1790 780 1884 837 in·
1945 783 2188 837 secutus
2235 786 2327 839 est
2372 781 2629 839 Jacobus
2663 781 3039 841 Breulius
3074 783 3137 841 Ο.
3173 785 3224 841 S.

597 868 828 937 stituta,
864 870 977 926 viri
1011 869 1272 937 scientia,
1306 868 1637 926 virtutibus
1656 871 1716 926 et
1736 870 1888 926 fama
1942 869 2157 927 Bened.
2195 870 2541 928 Parisiensis
2576 866 2656 949 (n.
2699 880 2794 930 17.
2830 872 2988 947 Sept.
3031 870 3224 952 1528)

595 958 896 1032 praeclari,
920 957 1184 1015 Venetiis
1209 967 1372 1020 1586
1400 952 1665 1038 (m.60);
1698 968 1881 1027 1595,
1941 976 2184 1031 operum
2226 978 2272 1016 s.
2319 959 2538 1017 Isidori
2580 961 2923 1031 hispalensis
2967 960 3230 1019 editione

595 1065 712 1120 quo
744 1052 944 1105 tamen
990 1048 1054 1104 in
1101 1064 1276 1121 opere
1320 1045 1692 1104 desideratur
1716 1046 1883 1121 judi·
1941 1046 2133 1105 clarus
2170 1044 2435 1127 (Parisiis
2477 1044 2690 1129 1601),
2739 1049 2811 1107 de
2844 1068 2962 1124 qua
2993 1050 3224 1108 Fausti-

593 1136 751 1194 cium
772 1137 1059 1194 criticum.
1095 1167 1180 1177 —-
1212 1136 1492 1194 Nicolaus
1523 1134 1765 1192 Faber
1796 1130 1882 1215 (le
1939 1153 2053 1193 nus
2089 1137 2336 1194 Arevalo
2372 1137 2579 1195 scribit
2610 1137 2671 1195 in
2703 1139 2925 1214 proleg.
2977 1138 3050 1196 ad
3083 1139 3222 1197 Isid.

594 1222 801 1305 Fevre)
865 1224 1215 1282 parisiensis
1271 1222 1352 1303 (n.
1407 1234 1460 1285 2.
1509 1223 1632 1281 Jul.
1696 1234 1879 1293 1544,
1939 1242 2029 1299 op.
2063 1244 2118 1299 p.
2162 1235 2210 1285 1.
2245 1243 2287 1283 c.
2328 1235 2440 1288 37:
2508 1225 2746 1293 ,Editio
2778 1227 3098 1285 Breuliana
3129 1229 3221 1285 ni-

596 1312 630 1380 †
666 1327 718 1376 4.
766 1316 911 1372 Nov.
971 1309 1184 1385 1612),
1247 1312 1488 1372 Henrici
1538 1312 1879 1382 Bourbonii,
1936 1313 2062 1370 tida
2093 1316 2199 1383 est,
2250 1318 2525 1372 accurata
2566 1319 2627 1372 et
2672 1315 2931 1374 editione
2978 1317 3222 1393 Bignaei

594 1403 880 1479 principis
931 1402 1162 1471 Comici,
1214 1402 1554 1461 educationi
1602 1402 1675 1459 ab
1722 1401 1879 1460 Hen-
1939 1397 2167 1483 (1580)
2221 1403 2397 1479 10838
2430 1404 2841 1477 praestantior,
2876 1405 3036 1480 regia
3067 1425 3217 1479 quo-

593 1492 711 1550 rico
744 1492 843 1555 IV.
875 1492 1224 1567 praefectus,
1258 1492 1515 1566 primum
1547 1490 1879 1565 publicavit
1935 1509 2050 1564 que
2082 1492 2416 1549 matritensi
2453 1489 2679 1572 (1599)
2714 1493 2966 1562 uberior,
3011 1513 3224 1569 quam-

590 1581 637 1637 b.
673 1579 899 1639 Hilarii
920 1581 1295 1656 pictaviensis
1328 1583 1580 1655 episcopi
1611 1599 1681 1638 eoe
1713 1599 1880 1654 opere

593 1671 863 1728 historico
925 1673 1269 1746 fraymenta,
1331 1688 1639 1743 nunquam
1703 1672 1878 1727 antea

593 1758 752 1816 edita
784 1778 851 1816 ex
884 1759 1239 1817 bibliotheca
1272 1759 1331 1815 P.
1357 1759 1600 1827 Pithoei,
1636 1758 1877 1816 Parisiis

597 1859 620 1908 1
638 1859 669 1909 5
683 1858 714 1909 9
727 1858 760 1910 8
781 1850 843 1906 in
864 1858 916 1912 8.
935 1849 1193 1906 Multum
1211 1846 1489 1905 laudatur
1506 1846 1793 1922 praefatio
1810 1843 1872 1929 ¹).

1932 1580 2024 1636 vis
2057 1580 2252 1638 minus
2285 1586 2599 1639 correcta‘
2636 1582 2719 1638 Ea
2748 1600 2956 1640 recusa
2975 1583 3091 1641 fuit
3113 1583 3217 1640 Co-

1932 1668 2124 1726 loniae
2157 1688 2207 1731 a.
2250 1680 2433 1731 1617.
2480 1670 2662 1727 Aliud
2695 1671 2821 1745 ejus
2854 1672 3218 1746 praeclarum

1933 1775 2081 1832 opus
2115 1762 2237 1815 est:
2273 1758 2356 1815 Le
2399 1759 2644 1817 Τήέᾶίνε
2674 1761 2772 1818 des
2803 1762 3131 1836 Antiquitez
3148 1763 3220 1817 de

1935 1844 2124 1915 Paris,
2159 1850 2238 1904 ou
2268 1848 2314 1905 il
2347 1851 2439 1906 est
2471 1848 2645 1905 traite
2692 1848 2761 1905 (18
2810 1850 2868 1907 la
2909 1848 3216 1907 fondation

1929 1934 2033 1992 des
2065 1935 2297 2011 Eglises
2330 1940 2392 1994 et
2423 1936 2524 1994 des
2559 1937 2859 2011 Cliapelles
2891 1937 2964 1995 de
2997 1939 3054 1995 la
3073 1939 3212 2008 cite,

1931 2022 2281 2095 Universite‚
2328 2026 2485 2084 Ville
2530 2029 2592 2083 et
2624 2025 2863 2084 Diocese
2909 2027 2981 2084 de
3028 2027 3212 2096 PariS,

1928 2115 2152 2171 comme
2186 2114 2350 2172 aussi
2398 2114 2470 2172 de
2519 2115 2557 2171 l'
2575 2114 2925 2173 institution
2957 2116 3037 2173 du
3071 2116 3210 2173 Par-

1927 2201 2162 2270 lement,
2199 2202 2505 2261 fondation
2539 2203 2610 2260 de
2644 2203 2680 2259 l'
2700 2203 3046 2273 Universite,
3082 2205 3213 2262 Col-

1926 2291 2086 2366 18388
2118 2295 2177 2349 81
2209 2298 2410 2349 autres
2442 2293 2643 2350 choses
2682 2291 3214 2375 remarquables2).

1927 2379 2166 2438 Parisiis
2207 2390 2392 2450 1612;
2439 2381 2653 2456 adjecit
2705 2383 3211 2457 supplementum,

1931 2477 2130 2533 1614:
2186 2478 2385 2540 1618;
2442 2480 2626 2538 1639,
2677 2489 2829 2544 quae
2877 2471 2967 2528 ed.
3001 2472 3209 2529 ceteris

1926 2557 2273 2630 praefertur.
2307 2558 2663 2618 Junioribus
2712 2559 3017 2618 sodalibus
3066 2560 3212 2618 soli-

588 1935 801 1994 Totum
854 1956 916 1995 se
968 1936 1185 1995 studiis
1232 1936 1395 1994 dedit
1440 1936 1873 2012 insigniterque

587 2024 650 2082 in
684 2025 803 2084 illis
821 2027 1100 2101 profecit;
1134 2025 1531 2084 libentissime
1548 2044 1683 2083 vero
1705 2026 1870 2095 alios,

586 2114 741 2172 inter
774 2134 923 2191 quos
957 2115 1294 2184 Baronium,
1338 2114 1397 2172 in
1433 2113 1596 2172 libris
1631 2113 1871 2172 edendis

585 2205 832 2264 consilio
856 2210 915 2262 81
935 2223 1109 2280 opera
1122 2198 1365 2283 juvitss),
1400 2203 1525 2278 ipse
1557 2222 1749 2278 pauca
1768 2203 1869 2261 ad-

586 2294 826 2351 modum
843 2294 1079 2369 publica
1095 2293 1223 2351 luce
1245 2292 1517 2350 donavit:
1553 2293 1708 2351 inter
1727 2293 1872 2350 haec

585 2390 728 2440 sunt
761 2384 1043 2457 quaedam
1079 2383 1352 2455 opuscula
1387 2381 1656 2459 (Parisiis
1698 2392 1863 2443 1614

587 2472 923 2547 cumipsius
939 2467 1085 2549 vita)
1122 2474 1300 2544 atque
1332 2472 1617 2544 epistolae,
1651 2470 1712 2527 in
1734 2470 1865 2544 qui-

585 2559 694 2618 bus
727 2560 958 2619 erudite
991 2558 1305 2618 admodum
1355 2558 1498 2616 varii
1529 2559 1867 2635 argumenti

583 2651 956 2723 quaestiones
980 2651 1222 2730 tractat,
1258 2653 1328 2705 ut
1350 2667 1433 2704 ex.
1455 2667 1541 2722 gr.
1565 2666 1710 2706 num
1728 2668 1864 2724 gra-

582 2738 762 2795 vioris
798 2739 937 2795 mali
971 2756 1147 2794 causa
1179 2737 1370 2794 levius
1403 2737 1693 2793 committi
1726 2757 1862 2813 pos-

578 2825 686 2895 sit3
721 2827 791 2883 de
817 2826 1057 2899 justitia
1103 2830 1163 2883 et
1207 2825 1608 2883 misericordia
1640 2826 1860 2890 divina,

577 2915 647 2972 de
665 2914 842 2971 variis
868 2915 1229 2972 editionibus
1246 2933 1490 2989 operum
1508 2933 1584 2975 ss,
1600 2919 1858 2990 patrum,

576 3003 645 3061 de
679 3003 814 3061 vino
848 3003 1149 3079 myrrhato
1167 3003 1395 3062 Christo
1427 3004 1860 3078 patientiami-

573 3091 787 3150 litibus
822 3093 1021 3151 oblato
1046 3088 1243 3174 (Marc.
1279 3102 1371 3162 15,
1399 3089 1525 3172 23),
1560 3111 1713 3167 quae
1736 3093 1856 3150 dis-

1999 2809 2032 2866 ι)
2059 2801 2228 2854 Plura
2258 2800 2326 2854 de
2356 2817 2420 2853 eo
2452 2799 2606 2868 apud
2638 2797 2932 2853 Niceron
2965 2800 3082 2864 Vll,
3103 2804 3204 2856 131

1919 2890 2005 2936 ss„
2032 2872 2362 2942 praesertim
2389 2889 2520 2925 vero
2573 2871 2724 2939 apud
2778 2871 2822 2922 D
2843 2889 2879 2923 u
2896 2871 3040 2940 pin,
3104 2872 3205 2938 qui

1918 2944 2252 3014 scriptorum
2292 2944 2412 3010 ejus
2440 2942 2720 3010 analysim
2762 2943 3004 3006 exhibet,
3032 2960 3094 2995 ac
3121 2944 3204 2995 ita

1918 3015 2269 3083 concluditp.
2283 3019 2378 3070 55:
2399 3015 2476 3075 „11
2497 3013 2688 3083 paroit
2711 3014 3004 3082 beaucoup
3025 3013 3207 3066 d'eru·

1915 3086 2099 3139 dition
2135 3090 2192 3140 et
2232 3086 2302 3140 de
2342 3102 2562 3154 sagesse
2589 3085 2729 3137 dans
2766 3084 2849 3138 les
2875 3101 3106 3138 oeuvres
3133 3084 3203 3138 de

1917 3156 1989 3211 M.
2019 3158 2087 3211 (18
2116 3157 2305 3230 Fevre;
2334 3174 2432 3210 808
2462 3157 2605 3224 style
2633 3157 2718 3209 est
2737 3173 2865 3224 pur,
2886 3159 2983 3211 net
3002 3159 3059 3209 et
3078 3173 3202 3208 con·

1915 3229 2008 3283 cis.
2039 3228 2083 3281 11
2111 3233 2196 3282 881
2211 3230 2369 3298 juste
2411 3228 2554 3281 dans
2579 3245 2663 3280 ses
2690 3228 3056 3297 conjectures,
3086 3228 3206 3280 fort

1913 3300 2052 3354 dans
2077 3317 2162 3353 ses
2176 3300 2643 3362 raisonnements‚
2662 3301 2720 3351 et
2735 3299 2938 3351 second
2956 3298 3097 3351 dans
3114 3315 3202 3352 ses

1911 3371 2187 3425 citatione.
2217 3371 2261 3424 11
2287 3370 2575 3439 possedoit
2595 3388 2664 3422 en
2682 3370 2992 3438 perfection
3010 3369 3086 3422 les
3106 3386 3199 3422 an·

1911 3443 2068 3496 ciens
2092 3446 2323 3496 auteurs
2349 3441 2804 3508 ecclesiastiques
2832 3443 2888 3494 et
2906 3442 3197 3510 profanes;

1912 3513 1954 3565 il
1979 3514 2060 3567 les
2087 3513 2245 3567 avoit
2271 3512 2492 3565 studies
2532 3528 2664 3564 avec
2692 3512 2833 3576 soin,
2863 3515 2918 3565 et
2946 3528 3015 3564 en
3041 3511 3202 3565 avoit

1909 3602 2043 3638 revu
2072 3583 2356 3653 plusieurs
2384 3601 2476 3636 sur
2500 3583 2580 3636 les
2599 3583 2955 3636 manuscrits.
2985 3581 3028 3634 ll
3055 3583 3200 3636 81011

1909 3656 2155 3724 critique
2181 3658 2344 3708 exact
2369 3657 2428 3708 et
2449 3653 2752 3724 judiciemt,
2777 3672 2907 3708 sans
2928 3657 3045 3707 etre
3066 3656 3195 3723 trop

1910 3727 2089 3781 hardi.
2119 3726 2167 3779 Il
2193 3726 2334 3779 81011
2361 3727 2474 3779 fort
2490 3725 2718 3779 attache
2735 3728 2768 3778 a
2783 3726 2839 3779 la
2857 3724 3111 3779 doctrine
3128 3725 3196 3778 de

1910 3796 1947 3849 l'
1965 3797 2154 3868 Eglise
2195 3796 2561 3865 Catholique;
2601 3796 2642 3848 il
2686 3797 2845 3849 avoit
2888 3813 2968 3849 un
2994 3812 3195 3849 amour

1908 3870 2120 3923 sincere
2145 3885 2291 3939 pour
2317 3869 2375 3921 la
2403 3867 2580 3921 verite
2608 3871 2666 3920 et
2688 3884 2832 3937 pour
2851 3868 2908 3921 la
2928 3870 3108 3932 verim,
3136 3870 3208 3921 et-

1907 3958 2053 4010 pour
2077 3941 2131 3994 le
2157 3940 2287 3994 bien
2316 3939 2459 3993 dela
2481 3939 2740 4008 Religion
2760 3941 2817 3992 et
2837 3939 2902 3992 de
2923 3938 3101 3991 l'Etat
3115 3978 3127 3990 .
3149 3979 3161 3991 .
3181 3978 3193 3991 .

1906 4013 1953 4068 Il
1980 4030 2013 4065 a
2037 4013 2178 4066 vecu
2206 4011 2349 4065 dans
2369 4011 2424 4063 la
2443 4011 2672 4064 retraite
2693 4026 2827 4063 avec
2846 4010 2902 4063 la
2925 4009 3194 4078 politesse

1904 4085 2039 4138 d’un
2067 4085 2294 4136 homme
2321 4082 2390 4136 de
2418 4098 2569 4144 cour,
2597 4084 2653 4134 et
2681 4085 2713 4134 a
2737 4081 2795 4133 la
2819 4097 2956 4134 cour
2975 4080 3117 4133 dans
3135 4080 3194 4133 la

1902 4155 2207 4225 simplicite
2233 4154 2287 4206 d'
2304 4171 2380 4206 un
2401 4152 2669 4207 solitaire.
2700 4151 2945 4219 Enfinssa
2965 4152 3193 4205 memoi·

1902 4245 1960 4280 re
2002 4246 2035 4279 a
2062 4227 2150 4279 818
2191 4228 2248 4279 81
2272 4241 2394 4279 sera
2434 4225 2687 4294 tofijours
2728 4240 2799 4277 en
2833 4223 3192 4277 benediction

1903 4298 2084 4366 parmi
2113 4300 2241 4350 tous
2268 4296 2347 4349 les
2374 4313 2510 4364 38118
2536 4296 2588 4346 (1·
2607 4295 2912 4360 erudition‚
2940 4295 3010 4348 de
3037 4295 3196 4365 piete

1901 4371 1959 4421 et
1984 4369 2050 4421 de
2080 4369 2348 4437 probite.“
2381 4368 2463 4421 Of.
2498 4366 2639 4420 alios
2666 4367 2855 4434 quide
2877 4384 2941 4420 eo
2962 4367 3190 4434 scripse-

1901 4442 2038 4492 runt
2082 4438 2232 4507 apud
2279 4437 2601 4491 Fabricium
2653 4437 2714 4490 in
2754 4438 2886 4497 hist,
2929 4437 3188 4490 biblioth.

1901 4511 2043 4564 fabr.
2070 4511 2110 4574 I,
2138 4513 2260 4566 336.

1975 4585 2013 4649 ²)
2042 4580 2223 4634 Feller
2245 4581 2308 4644 ll,
2340 4583 2473 4637 183:
2527 4580 2645 4641 „On
2684 4597 2721 4647 y
2766 4595 3058 4646 remarque
3087 4578 3192 4631 (188

1897 4651 2314 4721 particularites
2330 4650 2728 4704 interessantes
2745 4653 2925 4719 parmi
2943 4667 3018 4703 un
3031 4666 3188 4703 amas

1897 4740 2049 4776 assez
2075 4723 2353 4793 indigeste
2400 4722 2454 4773 d’
2472 4723 2718 4791 epoques
2764 4725 2821 4775 et
2861 4720 2929 4774 de
2975 4722 3194 4775 recherss-

1899 4797 2074 4850 01188.“

636 3303 685 3424 ἃ
717 3300 821 3361 „Sa
847 3299 991 3353 belle
1020 3299 1242 3368 preface
1263 3317 1359 3352 sur
1381 3298 1461 3352 les
1482 3301 1767 3369 fragmens
1788 3300 1857 3352 de

569 3388 610 3424 8.
689 3371 846 3425 ilaire
865 3411 877 3423 .
896 3413 908 3424 .
927 3413 940 3426 .
968 3389 1001 3425 a
1029 3372 1118 3424 818
1148 3371 1396 3425 admiree
1423 3370 1492 3423 de
1520 3371 1649 3423 tous
1672 3371 1751 3424 les
1774 3387 1856 3423 sa-

572 3447 751 3496 vants.
781 3443 902 3496 Elle
929 3444 1014 3497 est
1034 3443 1201 3496 ecrite
1224 3459 1359 3496 avec
1381 3443 1508 3494 tout
1532 3440 1573 3493 1·
1590 3441 1855 3510 81838888

568 3514 828 3583 possible,
871 3519 929 3568 et
954 3518 1038 3567 est
1065 3514 1298 3583 remplie
1325 3513 1380 3566 d’
1397 3528 1509 3566 une
1533 3512 1758 3566 infinite
1786 3513 1855 3566 de

568 3585 731 3639 traits
754 3587 807 3639 d'
826 3585 1131 3640 eruditiori.
1161 3586 1205 3638 11
1225 3603 1262 3653 y
1285 3584 1599 3638 debrouille
1620 3601 1757 3638 aveo
1776 3601 1854 3636 un

566 3656 813 3725 sagacite
843 3657 1230 3711 merveilleuse
1273 3655 1537 3725 quantite
1565 3657 1633 3709 de
1660 3656 1853 3724 points

564 3727 906 3797 importante
951 3728 1020 3782 de
1049 3728 1085 3780 1·
1103 3729 1333 3782 histoire
1363 3729 1431 3781 de
1459 3725 1852 3793 l'Arianisme‚

565 3798 663 3865 qui
705 3799 1008 3852 n'avoient
1033 3801 1198 3868 point
1236 3816 1433 3852 encore
1462 3800 1551 3852 818
1579 3797 1851 3864 eclaircis,

563 3871 620 3922 et
637 3869 743 3922 fait
757 3869 854 3924 des
869 3887 1194 3938 remarques
1208 3871 1603 3923 tres-savantes
1618 3887 1713 3923 sur
1725 3873 1851 3923 tous

563 3939 641 3992 les
659 3945 1021 3994 monuments
1035 3944 1309 3994 contenus
1321 3942 1461 3994 dans
1472 3942 1550 3995 les
1564 3943 1851 4011 fragmens

564 4010 630 4062 de
656 4011 694 4064 1⁹
711 4028 958 4080 ouvrage
976 4012 1043 4066 de
1062 4030 1103 4066 s.
1124 4012 1384 4066 Hilaire.·‘
1420 4012 1466 4065 D
1483 4031 1518 4065 u
1533 4013 1651 4082 pin
1672 4013 1850 4078 XVII,

638 4155 676 4222 2)
707 4154 792 4206 Ita
838 4155 882 4207 D
905 4153 1085 4223 upin
1126 4155 1164 4210 1.
1205 4172 1248 4207 c.
1280 4171 1333 4223 p.
1360 4158 1463 4211 49:
1517 4155 1774 4216 „Comme
1800 4155 1846 4208 il

561 4226 717 4279 avoit
744 4241 1051 4280 commerce
1086 4241 1221 4279 avec
1262 4229 1391 4278 tous
1419 4227 1495 4280 les
1522 4229 1752 4278 savants
1778 4227 1846 4279 de

562 4294 842 4365 l'Europe,
866 4297 1060 4364 quand
1077 4297 1118 4350 il
1140 4297 1440 4365 apprenait
1459 4313 1570 4364 que
1593 4297 1846 4364 quelqu'-

562 4384 639 4419 un
680 4368 1065 4436 entreprenoit
1105 4368 1173 4422 de
1213 4367 1428 4421 donner
1474 4367 1719 4435 quelque
1748 4385 1846 4421 au-

559 4440 703 4504 teur,
732 4457 801 4492 ou
830 4440 897 4492 de
926 4440 1063 4493 faire
1086 4439 1331 4507 quelque
1350 4456 1615 4509 ouvrage,
1633 4438 1674 4492 il
1690 4439 1846 4492 avoit

559 4509 682 4561 8018
710 4511 776 4562 (18
805 4510 1017 4564 l'aider
1056 4512 1122 4564 de
1163 4529 1247 4564 ses
1294 4511 1649 4573 manuscrits,
1691 4514 1749 4562 et
1774 4510 1842 4563 de

558 4579 643 4632 lui
689 4579 905 4634 fournir
951 4585 1045 4635 des
1096 4582 1406 4647 memoires‚
1454 4600 1582 4636 sans
1623 4580 1844 4634 vouloir

559 4653 743 4718 qu'on
776 4653 839 4705 fit
865 4655 1117 4708 mention
1159 4655 1225 4706 de
1251 4653 1365 4720 lui;
1412 4671 1532 4708 rare
1573 4652 1842 4707 humilite

559 4721 697 4775 dans
726 4726 853 4777 tous
881 4723 959 4777 les
986 4729 1186 4794 tempe,
1216 4729 1273 4779 et
1299 4727 1399 4793 qui
1424 4727 1479 4777 n'
1499 4743 1530 4779 a
1555 4726 1840 4794 peut-stre

560 4794 725 4862 point
750 4813 820 4848 eu
848 4795 1046 4865 depuis
1075 4797 1445 4866 d'exemple.“
