3625 5193
590 242 668 296 37
1151 223 1519 279 1564—1580.
1548 220 1891 290 Patrologia.
1918 220 2093 284 Picot,
2120 218 2314 286 Gillot,
2341 218 2643 286 Victorius,
3122 238 3202 293 88

1520 615 1668 713 IV.
1739 615 2288 733 Patrologia.

684 863 783 914 41.
817 851 982 910 Inter
1012 869 1129 920 eos„
1162 851 1270 926 qui
1299 852 1511 910 saltem
1542 851 1871 926 quadante-
1931 851 2300 910 sanctissimo
2322 851 2581 927 praesuli
2601 846 2881 934 (Hilario)
2904 857 3209 912 contume-

591 959 707 999 nus
760 940 832 998 de
872 941 1204 1017 patroloyia-
1253 943 1617 1010 meruerunt,
1671 941 1874 999 referri
1932 940 2147 999 liosum
2179 958 2245 998 ac
2278 940 2597 999 catholicae
2646 941 2859 1017 pietati
2902 941 3070 1001 valde
3102 961 3212 1000 no-

591 1034 868 1105 possunt:
903 1029 1172 1087 Nicasius
1203 1028 1665 1088 Ellebodius
1697 1029 1873 1087 Flan-
1931 1029 2098 1087 xium
2128 1050 2162 1087 a
2190 1030 2527 1088 christianis
2579 1029 2901 1089 lectoribus
2934 1030 3212 1107 abjicien-

593 1119 715 1187 der,
752 1118 1139 1194 philosophus
1159 1120 1219 1175 et
1238 1117 1502 1176 medicus
1535 1118 1872 1193 patavinae,
1932 1117 2077 1177 dum
2099 1118 2410 1194 judicavit.
2443 1119 2574 1194 Ipse
2606 1120 2868 1178 melioris
2902 1120 3027 1180 voti
3058 1138 3213 1178 com-

594 1207 699 1283 qui
731 1207 959 1281 primus
990 1224 1195 1283 graece
1214 1205 1398 1265 edidit
1431 1209 1492 1265 et
1521 1207 1705 1266 latine
1737 1225 1875 1267 con·
1931 1226 2041 1283 pos
2073 1208 2632 1267 commentationem
2665 1209 2749 1268 eis
2783 1209 3118 1278 substituit,
3152 1210 3216 1267 in

594 1295 781 1355 vertit
830 1295 1094 1354 Nemesii
1146 1296 1421 1354 Emeseni
1467 1314 1557 1370 ep.
1605 1314 1767 1372 opus.
1804 1297 1876 1356 de
1933 1316 2053 1371 qua
2098 1296 2357 1372 primum
2405 1297 2657 1355 veniunt
2701 1316 2852 1373 quae
2902 1297 2977 1355 ad
3007 1297 3215 1357 Hilarii

595 1391 813 1444 natura
861 1385 1123 1460 hominis,
1160 1383 1520 1460 Antverpiae
1559 1394 1760 1456 15653
1810 1385 1875 1442 in
1931 1385 2243 1445 historiam
2275 1388 2562 1461 spectant,
2611 1405 2680 1444 ex
2725 1386 2893 1445 illius
2938 1387 3215 1446 aliorum-

595 1473 736 1532 bibl.
788 1473 949 1549 lugd.
1000 1472 1158 1542 VIII,
1213 1483 1336 1536 619
1387 1491 1461 1531 ss.
1494 1508 1583 1518 —
1613 1473 1875 1532 «Ioannes
1934 1493 2051 1549 que
2082 1477 2351 1533 veterum
2382 1474 2624 1549 scriptis
2657 1475 2932 1545 collecta;
2979 1480 3110 1534 tum
3145 1476 3217 1532 de

596 1562 818 1620 Picot
896 1555 1126 1641 (Picus)
1214 1562 1558 1636 parisiensis
1636 1565 1877 1621 senatus
1931 1563 2123 1638 ipsius
2157 1563 2296 1621 stilo
2316 1565 2378 1622 et
2395 1563 2633 1639 scriptis
2653 1563 2920 1634 disserit;
2953 1583 3019 1623 ac
3052 1568 3218 1640 post-

597 1668 835 1727 praeses
884 1646 944 1730 (†
988 1646 1196 1732 1565),
1247 1650 1351 1726 qui
1401 1650 1591 1710 edidit
1622 1668 1666 1709 s.
1699 1651 1878 1728 Hip·
1942 1670 2106 1710 remo
2139 1652 2299 1711 locos
2331 1658 2635 1728 suspectos
2656 1655 2826 1711 notat
2845 1658 2907 1711 et
2926 1657 3221 1729 quantum

597 1740 726 1816 pol
744 1739 861 1814 yti
913 1758 994 1798 or.
1045 1741 1114 1797 de
1161 1740 1644 1798 consummatione
1674 1741 1880 1799 mundi
1939 1742 2138 1816 potest
2167 1740 2422 1817 benigne
2454 1741 2914 1817 interpretatur:
2948 1761 3098 1818 opus
3114 1760 3221 1818 pro

598 1832 662 1887 et
712 1829 969 1887 secundo
1030 1827 1293 1887 adventu
1354 1828 1588 1898 Christi,
1641 1825 1879 1888 Parisiis
1935 1830 2040 1888 illa
2073 1832 2268 1888 aetate
2300 1830 2664 1905 exquisitum
2679 1833 2741 1890 et
2763 1831 2935 1890 laude
2951 1830 3218 1908 dignum,

608 1925 772 1980 1557
807 1917 870 1975 in
906 1926 976 1988 83
1008 1916 1478 1976 Theodoreti
1510 1921 1584 1976 tr.
1617 1918 1686 1975 de
1715 1920 1880 1977 selec·
1937 1917 2212 1993 quamvis
2245 1919 2543 1993 permulta
2588 1919 2651 1978 in
2698 1938 2766 1980 eo
2816 1920 3071 1995 reperire
3122 1920 3218 1986 sit,

601 2008 675 2064 tis
738 2006 1079 2080 Scripturae
1153 2006 1381 2064 divinae
1453 2003 1884 2083 quaestionibus
1938 2026 2089 2082 quae
2108 2007 2388 2066 historiae
2413 2008 2539 2083 jam
2558 2007 2842 2067 limatiori
2860 2009 3222 2068 assuefactos

601 2094 902 2172 ambiyuiS,
954 2095 1035 2153 ib.
1089 2103 1255 2157 1558
1306 2095 1370 2154 in
1424 2105 1494 2166 43
1546 2114 1591 2154 s.
1634 2094 1883 2154 Macarii
1939 2096 2215 2154 nonnihil
2232 2095 2552 2159 offendant.
2585 2141 2598 2154 .
2632 2141 2646 2156 .
2682 2142 2693 2154 .
2727 2096 3033 2156 Illibatum
3055 2117 3222 2173 pror-

602 2181 874 2259 Aeqypeii
903 2184 1170 2242 homilias
1199 2185 1260 2259 4,
1296 2184 1361 2242 in
1394 2185 1719 2260 Margarini
1749 2185 1882 2243 bib·
1942 2203 2043 2244 sus
2095 2185 2343 2261 reliquit
2393 2185 2608 2243 Hilarii
2654 2188 2903 2256 textum,
2951 2186 3012 2244 in
3047 2205 3221 2261 quem

599 2273 853 2332 liotheca
914 2273 1024 2330 ΡΡ.
1087 2276 1127 2330 t.
1175 2273 1263 2343 11;
1322 2275 1596 2349 opuscula
1646 2273 1886 2333 Marci
1942 2274 2121 2332 etiam
2151 2274 2391 2334 incuria
2418 2274 2656 2343 Nivelii,
2692 2275 2796 2350 qui
2827 2275 2979 2333 hanc
3011 2275 3225 2334 editio·

601 2362 912 2432 Eremitae,
948 2361 1407 2432 Parisiisl5633
1441 2362 1883 2440 Epiphanii,
1940 2382 2077 2422 nem
2130 2382 2178 2421 a.
2239 2371 2425 2425 1572.
2485 2364 2649 2440 typis
2697 2364 3075 2440 elegantibus
3125 2363 3226 2422 sed

602 2450 658 2509 H
677 2451 978 2527 esychii
1026 2455 1085 2509 et
1136 2451 1553 2528 Chrysippi
1602 2469 1889 2510 sermones
1943 2471 2124 2509 manu
2144 2452 2341 2510 minus
2363 2454 2637 2510 accurata
2656 2452 2984 2522 adornavit,
3017 2453 3228 2511 menda

606 2541 838 2616 aliquot
899 2541 970 2598 de
1019 2538 1304 2599 laudibus
1354 2540 1411 2598 b.
1462 2541 1528 2599 V.
1579 2540 1885 2616 Deiparae‚
1943 2541 2313 2615 irrepserunt
2344 2559 2464 2600 uon
2498 2559 2697 2616 pauca.
2736 2576 2824 2584 —-
2862 2542 2944 2601 De
2981 2561 3024 2600 S.
3060 2541 3222 2602 Hie-

604 2630 682 2686 ib.
725 2639 889 2692 1565
939 2629 1003 2686 in
1040 2639 1093 2691 8.
1144 2628 1514 2703 aliorumque
1547 2629 1655 2687 ΡΡ.
1707 2648 1887 2705 opus·
1945 2647 2257 2705 ronymo
2311 2630 2459 2689 bene
2511 2631 2757 2689 meritus
2801 2635 2894 2690 est
2922 2631 3227 2690 Marianus

606 2718 741 2775 cula
770 2717 959 2775 latine
1011 2716 1207 2785 vertit,
1265 2735 1416 2791 quae
1461 2718 1762 2777 versiones
1792 2737 1888 2777 re·
1946 2718 2250 2776 Vittori
2303 2714 2671 2800 (Victorius),
2724 2721 3021 2779 amerinus
3070 2740 3226 2796 pres·

606 2809 812 2880 ceptae
845 2806 1010 2863 suere
1039 2806 1104 2863 in
1127 2805 1779 2881 bibliothecaspatrum.
1802 2841 1888 2850 —
1945 2807 2124 2883 byter
2171 2810 2233 2865 et
2281 2808 2610 2884 episcopuS,
2676 2813 2879 2885 postea
2940 2809 3225 2879 reatinus,

604 2894 866 2952 Jacobus
919 2893 1301 2953 Gillotius
1346 2894 1694 2971 Campanus,
1745 2914 1887 2971 ope·
1947 2896 2053 2971 qui
2083 2896 2265 2955 etiam
2296 2896 2575 2955 interfuit
2606 2898 2833 2973 synodo
2865 2898 3229 2958 tridentinae

605 3002 738 3040 rum
774 3002 818 3040 s.
850 2982 1147 3041 Ambrosii
1179 2987 1240 3042 et
1271 2983 1481 3042 Hilarii
1511 2985 1893 3059 pictaviensis
1950 2979 2011 3065 (†
2046 2994 2145 3047 29.
2178 2985 2216 3044 J
2220 3004 2318 3044 un.
2361 2980 2573 3066 1572).
2627 2986 2856 3044 Prodiit
2887 2987 3017 3062 ejus
3048 2987 3229 3047 editio

607 3072 863 3130 editione
897 3071 1194 3130 inclaruit.
1239 3074 1322 3132 De
1352 3072 1611 3132 editione
1644 3092 1891 3150 operum
1950 3092 2195 3150 operum
2259 3092 2302 3132 s.
2367 3074 2714 3151 Hieronymi
2777 3075 3229 3152 elegantissimis

607 3160 967 3221 s.Ambrosii
1003 3158 1272 3241 (Parisiis
1311 3170 1473 3225 1568
1510 3167 1552 3221 t.
1579 3172 1613 3226 3
1636 3158 1783 3243 ins.)
1807 3164 1892 3221 ita
1947 3162 2206 3221 Manutii
2237 3163 2400 3239 typis
2433 3162 2648 3222 Romae
2677 3174 3016 3228 1565-72
3053 3166 3167 3225 vol.
3191 3177 3226 3229 9

611 3252 890 3307 statuunt
909 3250 1163 3308 editores
1190 3251 1445 3309 Mauriui
1468 3251 1530 3310 in
1549 3251 1730 3327 praef.
1752 3271 1892 3310 suae
1947 3252 2011 3309 in
2036 3251 2094 3320 f.‚
2128 3270 2280 3326 quae
2299 3251 2477 3310 variis
2495 3252 2558 3310 in
2578 3253 2735 3323 locis,
2761 3256 2833 3312 ut
2850 3254 3231 3329 Antwerpiae

607 3338 728 3396 ed.:
784 3337 1105 3407 ,Quamvis
1158 3343 1354 3398 autem
1407 3341 1687 3411 omnium,
1739 3360 1891 3416 quae
1955 3348 2141 3407 1578,
2177 3340 2457 3399 secundis
2478 3342 2638 3399 curis
2658 3342 2959 3418 recognita
2990 3343 3231 3402 Parisiis

606 3427 774 3502 prius
838 3427 1063 3503 publici
1132 3429 1287 3504 juris
1368 3430 1554 3489 factae
1632 3430 1890 3498 fuerant,
1959 3437 2121 3493 1608
2157 3433 2218 3489 et
2258 3437 2419 3492 1643
2455 3448 2661 3488 recusa
2691 3430 2826 3489 fuit.
2859 3430 2966 3489 Vel
2997 3432 3061 3489 in
3093 3433 3231 3490 solis

606 3517 817 3575 merito
850 3517 1177 3592 praedicari
1219 3519 1402 3593 possit
1432 3519 1889 3588 absolutissima,
1948 3517 2145 3576 tribus
2198 3518 2495 3593 prioribus
2542 3520 2720 3578 tomis
2773 3538 2835 3579 se
2885 3521 3042 3578 locos
3091 3521 3230 3596 plus

606 3604 993 3664 nihilominus
1035 3610 1235 3665 tamen
1268 3626 1417 3682 quae
1450 3626 1650 3666 rerum
1684 3606 1891 3665 huma·
1948 3606 2147 3665 minus
2197 3607 2359 3665 mille
2408 3610 2469 3665 et
2518 3607 2848 3685 quingenta
2897 3609 3230 3668 restituisse

606 3713 820 3752 narum
853 3713 1023 3770 saepe
1055 3695 1316 3754 conditio
1338 3700 1447 3765 est,
1469 3696 1752 3755 remansit
1768 3715 1892 3756 om·
1949 3695 2232 3754 affirmare
2282 3714 2401 3754 uon
2454 3696 2710 3767 dubitat,
2775 3717 2926 3773 quae
2968 3698 3062 3756 vel
3125 3716 3232 3756 sua

609 3783 777 3839 nium
843 3783 1269 3858 propemodum
1344 3786 1593 3843 maxime
1656 3785 1891 3862 ignota:
1948 3784 2232 3843 Erasmus
2267 3803 2447 3843 manu
2480 3786 2895 3856 maculaverat,
2949 3787 3040 3845 vel
3077 3790 3227 3845 tem·

609 3890 740 3929 eam
774 3871 1051 3930 videlicet
1082 3872 1378 3947 oppressit
1407 3892 1698 3941 romanae,
1741 3893 1894 3949 quae
1948 3892 2090 3949 pore
2124 3877 2402 3948 corrupta
2433 3874 2755 3933 restituere
2786 3895 2855 3933 ex
2888 3894 3086 3933 rerum
3118 3875 3230 3932 im·

608 3960 873 4033 proxime
949 3960 1113 4018 illam
1192 3965 1394 4020 secuta
1455 3965 1562 4031 est,
1615 3962 1894 4021 editionis
1949 3962 2163 4037 peritia
2193 3962 2352 4020 haud
2381 3966 2630 4037 poterat.
2672 3965 2744 4022 In
2785 3963 3023 4022 scholiis
3069 3981 3229 4032 vere,

608 4049 819 4105 fama«
886 4048 1218 4125 collegerat
1258 4069 1438 4124 quam
1470 4051 1754 4127 plurimos
1785 4070 1894 4127 pro
1947 4069 2103 4125 quae
2151 4051 2222 4108 ad
2279 4051 2493 4110 calcem
2547 4052 2775 4129 adjecit,
2826 4051 3059 4127 copiose
3088 4051 3231 4110 satis

607 4136 808 4195 eadem
841 4138 1085 4207 codices,
1119 4157 1322 4197 verum
1345 4139 1676 4199 collationis
1697 4140 1894 4200 labore
1952 4140 2291 4210 lectionum,
2372 4159 2520 4215 quas
2579 4141 2863 4217 reposuit,
2943 4140 3231 4199 rationem

608 4226 945 4297 deterritus,
994 4227 1331 4302 aliquorum
1377 4233 1616 4287 tantum
1663 4248 1769 4306 ope
1802 4233 1896 4288 est
1950 4247 2270 4304 earumque
2318 4230 2669 4288 varietatem
2715 4249 2747 4288 e
2793 4231 2924 4288 Mss.
2957 4229 3234 4289 edisserit

608 4334 769 4374 usus.
803 4349 890 4358 —
924 4318 1005 4375 De
1055 4314 1311 4376 editione
1359 4337 1499 4377 vero
1550 4336 1793 4394 operum
1848 4337 1892 4377 s.
1948 4317 2334 4392 illustratque
2384 4320 2691 4394 perplures
2740 4319 2910 4386 locos,
2963 4319 3068 4394 qui
3120 4319 3233 4378 sibi

609 4404 821 4462 Hilarii
854 4405 1062 4464 scribit
1081 4406 1462 4465 Constantius
1483 4408 1540 4465 in
1558 4407 1736 4482 praef.
1754 4426 1893 4466 suae
1949 4407 2081 4465 luce
2112 4407 2379 4483 indigere
2410 4407 2783 4467 videbantur.
2847 4407 2969 4466 Nec
3017 4407 3232 4466 minori

609 4492 732 4551 ed.:
800 4494 918 4561 ,Ut
979 4494 1241 4571 primum
1304 4495 1648 4571 hujusmodi
1709 4496 1891 4555 vitam
1951 4496 2258 4572 diligentia
2277 4497 2539 4571 reliquos
2556 4499 3231 4573 tomosprosecutusest.

611 4578 675 4663 (a
735 4581 901 4641 Joan.
965 4583 1087 4642 Jac.
1153 4584 1401 4643 Grinaeo
1477 4581 1892 4666 compositam)
1952 4585 2152 4653 ,Haec
2183 4586 2387 4660 itaque
2419 4585 2618 4656 editi0,
2652 4585 2853 4661 inquit
2886 4584 3231 4644 Vallarsi

612 4671 786 4745 eique
803 4672 1892 4749 adhaerentemErasmipraefationem
1950 4674 2011 4731 in
2044 4675 2223 4749 praef.
2259 4693 2398 4732 suae
2420 4675 2527 4744 ed„
2551 4694 2910 4749 quamquam
2946 4692 3052 4732 nec
3072 4692 3232 4733 eras-

610 4760 860 4836 perlegit
912 4760 1207 4831 Gillotius,
1260 4766 1584 4836 utrumque
1629 4780 1778 4837 opus
1825 4767 1895 4820 ut
1950 4762 2147 4821 miana
2178 4762 2516 4822 recensione
2548 4763 2832 4839 copiosior
2865 4764 2944 4821 sit
2974 4766 3036 4821 et
3082 4763 3235 4821 nihil
