3625 5193
994 263 1363 318 1641—1663.
1392 259 1583 313 Theol.
1612 260 1783 314 schol.
1812 261 1875 314 in
1901 260 2061 331 Hisp.
2089 264 2147 315 et
2170 262 2236 316 lt.
2267 259 2560 328 Calderon,
2589 260 2739 315 Poza
2764 261 2870 315 etc.

625 282 744 336 931
3123 279 3248 334 932

619 449 878 510 breviter
908 447 1345 523 expenduntur,
1378 445 1677 505 fusissime
1698 447 1909 505 deinde
1962 449 2233 522 ceptionis
2264 447 2346 504 bb.
2368 447 2603 505 Mariae
2632 446 2913 507 adversus
2943 447 3093 507 duos
3114 467 3255 507 ano-

621 560 655 598 a
688 538 993 614 Scriptura
1027 540 1088 594 et
1117 536 1392 611 patribus
1423 536 1784 595 amoeniores
1818 554 1908 594 se·
1963 535 2129 613 nymi
2174 535 2410 595 libellos
2457 531 2697 616 (Romae
2742 531 2941 617 natos)
2983 536 3022 598 l.
3068 555 3251 614 unus,

618 628 797 687 mitas
829 628 1062 685 exerrat
1093 624 1375 695 calamus,
1419 623 1698 701 Lugduni
1739 633 1903 687 1642
1966 625 2190 684 Matriti
2213 634 2376 688 1650
2395 624 2458 684 in
2478 624 2989 688 4.--Ludovicus
3011 625 3255 702 crespi

617 718 681 776 in
713 716 785 788 f.;
837 716 1136 774 Canticum
1181 715 1538 772 canticorum
1583 713 1910 772 Salomonis
1963 717 2025 772 et
2054 714 2102 771 B
2121 732 2154 772 o
2170 714 2289 790 rja
2332 730 2529 790 congr.
2578 713 2737 774 Orat.
2770 713 3145 787 Valentinus,
3193 735 3253 777 n.

618 805 944 865 dramatico
962 806 1186 873 tenore,
1220 801 1442 861 literali
1464 803 1763 879 allegoria,
1786 805 1908 861 tro·
1968 811 2022 867 2,
2043 803 2178 878 Maj.
2207 813 2232 863 1
2249 812 2395 874 607,
2418 803 2653 878 praesul
2675 802 2977 863 oriolanus
3000 799 3059 884 (1
3075 801 3249 886 652),

618 894 910 971 pologicis
956 893 1117 952 notis
1163 891 1553 967 explicatum,
1605 892 1682 950 ib.
1739 901 1903 954 1642
1963 891 2099 952 dein
2134 887 2357 973 (1658)
2408 892 2800 967 placentinus,
2852 892 3057 969 regius
3101 912 3250 969 quo—

617 984 680 1042 in
712 983 783 1054 f.;
814 984 1116 1060 utriusque
1139 983 1485 1057 principum
1507 983 1771 1054 politices
1791 1000 1907 1057 pa·
1963 998 2079 1055 que
2128 982 2368 1058 legatus
2424 981 2498 1039 ad
2546 980 2949 1040 Alexandrum
2997 981 3125 1040 VII.
3189 983 3252 1040 in

617 1074 822 1132 rallcla
835 1073 1034 1148 justae
1054 1072 1116 1128 et
1134 1070 1375 1144 iniquae
1393 1069 1467 1127 ad
1488 1088 1533 1129 c.
1551 1069 1700 1128 XIV.
1721 1069 1908 1129 Isaiae
1964 1088 2143 1129 causa
2183 1070 2601 1129 immaculatae
2648 1069 3053 1145 conceptionis
3084 1070 3139 1128 b.
3174 1072 3250 1129 M.

617 1161 957 1237 prophetae,
971 1159 1048 1217 ib.
1070 1170 1095 1220 1
1113 1166 1236 1223 648
1254 1158 1395 1230 inf.;
1414 1159 1809 1234 s.Scripturae
1823 1178 1906 1218 se·
1962 1158 2048 1229 V.‚
2097 1178 2204 1234 pro
2253 1177 2372 1234 qua
2418 1158 2687 1235 scripsit:
2740 1159 3250 1237 Propuqnaculum

617 1250 892 1310 lectasive
905 1248 1276 1326 spicilegium
1289 1248 1690 1323 explanandae
1701 1248 1908 1306 literae
1962 1249 2328 1325 theoloqicum
2348 1249 2770 1322 definibilitatis
2791 1250 3105 1323 proximae
3120 1268 3246 1308 8οη-

615 1339 884 1399 moribus
915 1337 1313 1407 illustrandis,
1347 1337 1517 1412 cujus
1559 1347 1609 1399 1.
1629 1357 1683 1413 p.
1718 1337 1907 1396 divini
1963 1338 2170 1395 tentiae
2190 1339 2331 1413 piae
2362 1336 2639 1414 negantis
2673 1336 2771 1395 bb.
2804 1337 2873 1399 V.
2905 1339 2979 1395 M.
3012 1337 3076 1395 in
3107 1356 3250 1397 suae

617 1428 785 1486 verbi
832 1425 1293 1503 interpretibus;
1349 1434 1404 1487 2.
1452 1426 1718 1501 ejusdem
1768 1444 1908 1484 con·
1963 1426 2367 1503 conceptionis
2416 1426 2608 1502 primo
2658 1425 2915 1486 instanti
2975 1427 3250 1504 originali

618 1516 1022 1577 cionatoribus
1037 1515 1424 1586 administrat,
1439 1514 1719 1591 Lugduni
1740 1524 1905 1579 1648
1963 1515 2094 1574 labe
2138 1515 2324 1575 fuisse
2373 1514 2669 1584 infectam,
2726 1515 3031 1574 Valentiae
3085 1526 3249 1579 1653

618 1607 683 1665 in
714 1606 784 1676 f.;
817 1606 1261 1664 commentarius
1289 1605 1353 1661 in
1384 1605 1656 1677 epistolas
1689 1603 1908 1662 Christi
1960 1604 2025 1662 in
2060 1613 2116 1666 4.
2164 1604 2298 1663 Non
2340 1604 2533 1663 caruit
2577 1603 2780 1663 fructu
2827 1605 2956 1680 ejus
3002 1605 3250 1681 legatio:

617 1696 861 1754 Domini
891 1696 971 1753 ad
987 1700 1200 1767 septem
1219 1693 1508 1768 episcopos
1526 1689 1723 1765 Asiae,
1756 1712 1907 1770 quae
1963 1711 2137 1752 causa
2180 1693 2338 1753 enim
2384 1692 2709 1769 diligenter
2752 1693 3020 1752 discussa
3062 1693 3252 1752 edidit

617 1784 682 1843 in
712 1783 1070 1860 Apocalypsi
1101 1781 1485 1842 continentur
1517 1827 1527 1838 .
1552 1824 1566 1839 .
1588 1827 1601 1839 .
1632 1800 1753 1840 non
1773 1783 1907 1841 vul·
1961 1782 2297 1841 Alexander
2329 1780 2453 1841 VH.
2499 1782 2985 1842 constitutionem
3036 1782 3251 1851 ,Soni-

617 1872 862 1950 garibus
895 1872 970 1932 ad
999 1889 1193 1930 mores
1225 1870 1597 1930 documentis
1644 1871 1906 1947 locuple·
1963 1871 2166 1931 citudo
2213 1871 2479 1930 omnium
2528 1870 2953 1930 ecclesiarum‘
2996 1889 3105 1946 pro
3137 1872 3248 1931 im·

618 1962 904 2032 tissimus,
937 1961 1016 2019 ib.
1051 1969 1215 2023 1652
1250 1960 1316 2017 in
1347 1959 1384 2017 f.
1404 1955 1465 2041 ¹).
1500 1994 1585 2004 —-
1621 1960 1907 2020 Silvester
1962 1961 2257 2018 maculata
2288 1960 2355 2023 V.
2389 1960 2791 2035 conceptione.
2824 1960 3071 2036 Scripsit
3101 1979 3249 2037 quo·

618 2052 703 2110 de
759 2049 1141 2124 Saavedra
1191 2048 1256 2108 Ο.
1302 2052 1354 2109 S.
1402 2051 1542 2107 Mar.
1594 2049 1666 2107 de
1711 2051 1905 2118 Mero„
1963 2068 2079 2123 que
2100 2050 2470 2122 Quae-stiones
2486 2050 2718 2108 selectae
2735 2050 2998 2120 morales,
3030 2049 3093 2107 in
3116 2051 3249 2123 qui·

616 2139 1005 2216 HispalensiS,
1054 2141 1373 2215 postquam
1415 2138 1656 2215 scripsit
1698 2139 1767 2196 dc
1799 2138 1906 2196 im·
1962 2138 2077 2197 bus
2109 2156 2293 2198 novae
2325 2138 2563 2212 aliquae
2591 2137 2896 2197 doctrinae
2927 2138 3097 2197 Joan.
3128 2138 3248 2197 Ca-

619 2231 908 2289 maculata
958 2229 1309 2304 conceptione
1354 2229 1561 2304 lingua
1591 2228 1910 2286 vernacula
1961 2228 2348 2286 ramuelis
2393 2227 2568 2303 episc.
2614 2227 2944 2285 missiensis
2985 2226 3248 2286 refutan-

619 2315 879 2401 (Hispali
907 2328 1069 2382 1615
1095 2317 1158 2375 in
1183 2313 1284 2396 8.),
1307 2315 1526 2375 edidit:
1561 2317 1620 2379 S.
1639 2317 1909 2389 Dcipara
1962 2321 2082 2387 tur,
2116 2315 2395 2392 Lugduni
2426 2325 2589 2380 1658
2625 2315 2690 2373 in
2723 2329 2780 2378 4.
2814 2316 3074 2374 Decessit
3102 2316 3249 2391 piis-

618 2408 742 2466 sive
793 2408 866 2466 de
927 2405 1396 2466 eminentissima
1456 2405 1750 2482 dignitate
1801 2406 1908 2464 Dei
1963 2405 2148 2464 simus
2193 2406 2434 2481 praesul
2481 2405 2546 2464 in
2578 2405 2778 2464 reditu
2808 2405 2870 2463 in
2901 2404 3249 2481 Hispaniam

617 2496 936 2555 Genitricis
979 2493 1577 2564 immaculatissimae,
1623 2494 1905 2570 Lugduni
1972 2505 2064 2556 19.
2101 2493 2455 2574 (secundum
2499 2494 2644 2552 alios
2695 2488 2819 2575 12.)
2866 2496 3007 2570 Apr.
3064 2503 3249 2557 1663.

623 2594 790 2649 1655
844 2584 909 2644 in
939 2584 978 2643 f.
1032 2617 1116 2627 —-
1166 2583 1470 2642 Antonius
1521 2582 1906 2642 Calderon
1961 2618 2048 2628 -
2081 2584 2343 2643 Joannes
2385 2582 2663 2658 Baptista
2693 2582 2880 2643 Poza
2911 2582 2967 2642 S.
2999 2583 3055 2646 J.
3101 2583 3248 2643 Oan-

616 2674 974 2744 Beaciensis,
991 2672 1162 2749 prius
1181 2672 1244 2730 in
1260 2672 1453 2748 patria
1470 2671 1906 2749 philosophiam
1961 2674 2132 2732 taber
2177 2692 2233 2731 n.
2276 2681 2440 2736 1588
2487 2673 2744 2731 famosus
2788 2672 2985 2732 factus
3036 2682 3130 2732 est
3174 2674 3250 2731 ob

617 2764 857 2833 docuit3
900 2761 1061 2821 unde
1102 2760 1517 2820 Salmanticam
1565 2761 1903 2831 accersitae,
1960 2763 2343 2821 elucidarium
2370 2763 2684 2837 Deiparae,
2720 2780 2838 2836 quo
2869 2762 3013 2821 haec
3054 2763 3249 2821 conti-

615 2856 687 2910 ut
716 2852 874 2910 inter
916 2850 1146 2910 sodales
1180 2849 1415 2926 collegii
1462 2851 1807 2909 conchensis
1841 2851 1906 2908 in
1960 2855 2211 2910 nentur:
2262 2850 2544 2909 Praevius
2574 2850 2908 2926 explorator
2937 2851 3144 2926 majori
3176 2869 3247 2909 ex

614 2940 944 3000 academico
990 2938 1180 2998 stadio
1227 2938 1581 3009 decurreret,
1624 2958 1667 2998 s.
1701 2939 1904 2998 literas
1960 2945 2128 3016 parte
2160 2959 2399 3017 pugnax
2421 2942 2482 2999 et
2502 2939 2927 2999 contentiosus.
2960 2940 3046 2997 De
3078 2939 3248 2998 chro-

614 3047 684 3086 ex
717 3029 1013 3088 cathedris
1048 3027 1209 3087 Scoti
1254 3030 1316 3086 et
1348 3047 1391 3086 8.
1423 3029 1674 3087 Thomas
1714 3029 1903 3087 inter·
1959 3029 2286 3106 nographia
2330 3032 2390 3088 et
2420 3028 2780 3105 geographia
2822 3028 3248 3105 mysteriorum

613 3119 880 3191 pretatus
913 3122 1007 3176 est
1037 3119 1159 3176 tam
1201 3118 1266 3175 in
1300 3117 1597 3175 academia
1626 3136 1806 3193 quam
1841 3118 1906 3175 in
1962 3118 2226 3196 Virginis
2270 3118 2309 3175 1.
2348 3129 2416 3189 1;
2462 3117 2536 3176 de
2582 3136 2645 3175 re
2691 3119 2936 3192 paterna
2982 3117 3021 3175 1.
3058 3125 3128 3186 23
3174 3117 3249 3175 de

611 3206 870 3266 Ecclesia
899 3208 1030 3283 ipsa
1050 3207 1508 3275 salmanticensi,
1542 3225 1679 3265 cum
1710 3223 1903 3265 sacer·
1960 3226 2203 3283 corpore
2234 3206 2300 3265 V.
2336 3206 2373 3265 l.
2401 3216 2469 3275 3;
2502 3205 2981 3283 supplementum
3004 3224 3112 3282 pro
3143 3205 3246 3263 de-

614 3294 846 3356 dotium
865 3297 1212 3356 canonicum
1247 3294 1359 3354 sibi
1381 3295 1710 3372 obtigisset,
1744 3295 1904 3370 quod
1959 3296 2219 3355 finiendo
2282 3296 2661 3354 immaculato
2723 3298 3014 3370 conceptu
3075 3296 3112 3355 l.
3168 3304 3244 3364 4.,

612 3405 656 3445 8.
681 3385 1020 3463 Scripturas
1054 3384 1351 3444 docendae
1389 3390 1588 3462 partes
1614 3386 1792 3460 juxta
1822 3383 1902 3441 ri·
1960 3385 2258 3462 Compluti
2296 3392 2498 3455 1626:
2548 3384 2829 3460 Lugduni
2867 3393 3030 3448 1627
3067 3384 3133 3442 in
3168 3392 3243 3452 4..

610 3477 744 3533 tum
792 3473 1258 3535 ecclesiasticum
1309 3474 1488 3532 habet
1539 3473 1900 3544 commissas,

610 3564 751 3623 dein
783 3569 844 3624 et
877 3565 941 3623 in
974 3563 1220 3623 ecclesia
1243 3558 1583 3643 toletana2),
1618 3562 1783 3622 Obiit
1802 3562 1902 3620 de·

610 3654 883 3730 signatus
934 3654 1248 3730 episcopus
1291 3652 1662 3728 granatensis
1716 3660 1901 3713 1654.

611 3742 842 3801 Prodiit
860 3743 990 3817 ejus
1020 3759 1132 3816 pro
1154 3741 1317 3799 titulo
1347 3742 1751 3799 immaculatae
1772 3759 1901 3799 con-

688 3896 727 3963 1)
752 3894 842 3945 Ab
884 3907 948 3944 eo
990 3890 1425 3945 distinouendus
1469 3896 1554 3947 est
1592 3894 1633 3945 L
1651 3910 1685 3945 a
1701 3910 1738 3945 u
1754 3911 1781 3944 r
1798 3908 1827 3944 e
1843 3911 1901 3944 n-

612 3962 725 4015 tiu
743 3979 767 4015 s
794 3961 1052 4016 Ramirez
1080 3962 1148 4015 de
1169 3934 1367 4027 f’rado,
1392 3964 1480 4017 vir
1501 3964 1699 4018 doctus
1727 3964 1903 4033 pluri·

613 4036 831 4102 busque
858 4033 1189 4088 muneribus
1230 4034 1819 4104 splendidisfunctus
1856 4039 1902 4105 (†

614 4108 788 4171 1658),
811 4103 913 4174 qui
921 4107 1159 4230 (praeter
1178 4123 1349 4176 opera
1365 4106 1437 4160 ad
1452 4105 1548 4175 jus
1570 4105 1735 4160 civile
1753 4123 1901 4175 spec·

611 4176 800 4231 tantia
825 4174 914 4231 edi
958 4175 1007 4231 it
1031 4180 1535 4233 Pentecontarehum
1563 4176 1680 4231 sive
1707 4180 1777 4234 50
1802 4177 1901 4230 mi·

610 4248 778 4302 litum
827 4248 1024 4302 ducem
1070 4249 1126 4303 h.
1174 4268 1219 4303 e.
1268 4250 1356 4302 tot
1397 4247 1654 4317 capitum
1700 4266 1900 4319 corpus

611 4319 1001 4389 pulcherrimis
1029 4320 1378 4390 philologiae
1406 4336 1594 4374 sacrae
1621 4324 1678 4373 et
1704 4320 1901 4373 huma-

610 4407 716 4445 nae
763 4391 1043 4445 coloribus
1087 4392 1443 4459 variegatum
1462 4433 1474 4456 ,
1536 4392 1900 4461 Antwerpiae

611 4468 750 4520 1612
776 4463 837 4516 in
863 4468 913 4518 4.
944 4466 1277 4531 Luitprandi
1294 4467 1528 4532 episcopi
1549 4469 1901 4519 cremonensis

609 4552 776 4603 opera
802 4534 892 4588 edi
920 4534 1156 4599 curavit,
1199 4534 1560 4603 Antwerpiae
1593 4539 1730 4592 1650
1753 4534 1814 4587 in
1841 4536 1898 4600 f.,

611 4619 757 4671 quae
786 4606 978 4659 tamen
1007 4605 1180 4659 editio
1209 4622 1322 4659 non
1351 4610 1436 4659 est
1461 4606 1660 4676 prima,
1689 4608 1755 4659 ut
1777 4605 1900 4675 ipse

611 4675 859 4743 putavit.
906 4676 986 4731 De
1018 4676 1194 4732 nostri
1224 4677 1488 4747 operibus
1528 4678 1597 4731 cf.
1625 4678 1899 4732 Sommer·

611 4744 774 4813 vogel
794 4746 894 4810 VI,
919 4751 1042 4804 832.

687 4822 728 4883 2)
756 4816 837 4870 Cf.
868 4817 989 4872 Nic.
1020 4820 1331 4873 Antonium
1361 4819 1399 4885 Ι,
1428 4824 1548 4878 106.
1577 4837 1632 4874 n.
1663 4821 1704 4884 Ι,
1726 4825 1848 4879 106.

1959 3492 2110 3550 opus
2142 3495 2174 3535 a
2208 3474 2663 3550 congregatione
2709 3472 2927 3531 Indicis
2978 3485 3072 3535 11.
3105 3474 3246 3547 Apr.

1966 3572 2131 3625 1628
2178 3562 2548 3638 prohibitum
2608 3565 2852 3639 propter
2913 3561 3247 3639 singulares

1958 3655 2018 3711 et
2050 3652 2391 3711 temerarias
2413 3651 2865 3727 propositiones„
2900 3669 3047 3725 quas
3066 3652 3247 3708 etiam

1956 3740 2143 3799 nimia
2186 3741 2513 3817 pertinacia
2543 3758 2726 3798 ausus
2770 3745 2863 3799 est
2893 3739 3069 3798 tueri.
3116 3739 3243 3796 Imo

1958 3830 2159 3888 omnia
2203 3830 2469 3906 ejusdem
2519 3847 2695 3905 opera
2739 3830 2900 3888 fuere
2949 3828 3247 3904 prohibita

1961 3928 2060 3981 31.
2095 3920 2231 3978 Jan.
2274 3928 2436 3982 1628
2474 3921 2534 3977 et
2573 3930 2668 3981 10.
2702 3918 2835 3977 Dec.
2879 3926 3077 3980 1631:
3109 3934 3242 3992 spe-

1958 4008 2154 4067 ciatim
2188 4008 2337 4067 duae
2368 4027 2476 4084 pro
2510 4007 2636 4066 suis
2683 4006 3068 4083 opinionibus
3102 4023 3244 4082 apo·

1958 4092 2243 4177 logiae¹);
2278 4096 2405 4172 ipse
2424 4115 2564 4155 vero
2596 4096 2868 4172 privatus
2893 4095 3012 4154 fuit
3043 4095 3244 4170 cujus-

1956 4187 2047 4245 vis
2079 4186 2347 4245 muneris
2394 4185 2640 4263 gerendi
2686 4184 2987 4252 facultate,
3034 4204 3069 4242 a
3100 4182 3245 4241 scri-

1957 4275 2148 4333 bendo
2174 4276 2489 4345 abstinere,
2524 4275 2800 4349 deinceps
2821 4277 2882 4332 et
2914 4274 2975 4331 in
2996 4272 3245 4349 collegio

1957 4365 2268 4424 conchensi
2302 4369 2592 4440 perpetuo
2636 4362 2983 4422 commorari
3007 4362 3243 4439 jussus:

1956 4458 2159 4530 postea
2174 4452 2448 4528 pristinis
2467 4452 2705 4512 videtur
2719 4444 2906 4511 fuisse
2925 4451 3244 4510 restitutus

1955 4542 2309 4601 muneribus
2327 4538 2387 4623 (†
2407 4552 2460 4604 6.
2474 4541 2639 4602 Febr.
2659 4553 2683 4605 1
2701 4551 2736 4603 6
2749 4537 2875 4620 59).
2896 4574 2975 4584 —
2988 4539 3246 4600 Ludovi-

1955 4648 2059 4689 cus
2079 4630 2175 4689 del
2195 4632 2235 4690 Ο
2250 4650 2284 4689 8
2299 4650 2358 4690 m
2373 4650 2412 4706 p
2428 4649 2461 4691 o
2487 4631 2552 4690 Ο.
2571 4631 2775 4697 Germ„
2792 4629 2958 4689 dedit
2975 4628 3047 4688 ad
3065 4629 3245 4688 Inno-

2033 4822 2070 4891 ¹)
2099 4819 2179 4876 Cf.
2209 4819 2428 4876 Reusch
2457 4819 2634 4874 Index
2660 4819 2730 4886 11,
2756 4823 2863 4877 434
2882 4837 2951 4874 88.
