3625 5193
431 274 554 326 673

932 323 941 334 ·
976 255 1323 326 Mariologia.
1354 255 1610 321 SerranO,
1637 255 1912 321 Perlinus,
1938 259 2184 326 Aguero,
2213 255 2374 309 Poire
2401 259 2506 311 etc.

2919 274 3044 327 674

428 441 805 518 Apocalypsi,
839 441 1225 515 Antiquariae
1255 451 1414 504 1621
1455 441 1517 498 in
1549 441 1586 498 f.
1623 476 1706 485 —-
1763 444 1814 499 A
1832 461 1872 517 g
1889 461 1971 499 118
1987 460 2085 516 rc,
2120 442 2453 510 Pincianae,
2474 441 2796 501 medicinae
2826 442 3045 513 doctor,

427 530 685 589 Joannes
729 531 1058 588 Serrano
1092 529 1157 590 Ο.
1190 530 1330 592 Min.
1365 531 1705 588 Alcazaren-

429 619 511 677 sis
557 622 617 677 et
660 619 971 694 episcopus
1018 619 1349 677 acernensis
1395 616 1456 698 (†
1498 615 1705 700 1637),

431 709 600 784 cujus
630 709 700 765 de
739 709 1110 765 immaculata
1145 724 1508 785 prorsusque
1543 726 1707 781 pura

425 815 500 855 ss.
544 814 874 873 semperque
921 795 975 853 V.
1004 798 1306 874 qenetricis
1335 797 1445 855 Dei
1477 797 1708 856 Mariae

427 887 778 959 conceptione
808 886 865 942 lz.
901 887 957 954 5,
991 885 1237 961 Neapoli
1280 893 1441 949 1635
1477 886 1540 944 111
1571 887 1609 943 f.
1641 886 1706 945 iu

425 974 614 1032 lucem
645 974 1010 1049 prodierunt.
1046 1007 1130 1018 --
1161 974 1508 1050 Alphonsus
1529 974 1566 1032 S
1584 994 1617 1034 0
1638 974 1704 1032 b·

425 1064 600 1121 rino
634 1062 698 1121 O.
732 1064 914 1121 Carm.
947 1063 1203 1139 insignis
1243 1062 1609 1122 ecclesiastes
1645 1060 1705 1146 (†

432 1148 626 1232 1628)
660 1152 908 1227 reliquit
950 1152 1203 1210 Tratado
1235 1152 1303 1210 de
1333 1153 1391 1210 la
1411 1151 1702 1211 Immacu-

426 1241 563 1299 lada
605 1242 936 1317 concepcion
980 1242 1050 1298 de
1077 1241 1135 1298 za
1180 1239 1240 1300 V.
1273 1240 1483 1301 Maria
1515 1241 1593 1305 N.
1624 1241 1702 1311 S„

423 1329 656 1405 Hispali
715 1339 877 1392 1615
925 1329 989 1387 in
1037 1340 1092 1390 4.
1124 1362 1212 1373 —-
1243 1329 1631 1405 Josephus
1670 1350 1705 1388 a

424 1418 463 1476 J
465 1436 571 1476 esu
591 1418 773 1477 Maria
792 1417 857 1476 Ο.
878 1418 1063 1477 Carm.
1086 1438 1153 1477 ex
1173 1418 1541 1477 nobilissima
1560 1417 1704 1488 Qui-

422 1524 697 1584 rogarum
731 1506 971 1577 familia,
1004 1507 1259 1584 insignis
1281 1511 1492 1576 asceta,
1527 1526 1702 1584 regu·

424 1597 514 1654 lae
560 1595 898 1670 primitivae
940 1598 1069 1654 toto
1120 1595 1274 1654 vitae
1324 1596 1578 1654 decursu
1629 1596 1704 1655 ad

422 1702 684 1762 unguem
733 1688 991 1742 sectator
1039 1682 1099 1760 (†
1152 1694 1247 1748 13.
1297 1686 1424 1743 Dec.
1485 1680 1700 1768 1626),

423 1778 654 1847 praeter
685 1775 936 1832 ascetica
966 1773 1272 1848 hispanice
1303 1773 1461 1832 edita
1500 1771 1701 1856 (Sego-

423 1862 549 1921 viae
608 1870 768 1926 1638
820 1866 883 1920 et
932 1881 1106 1938 saepe
1151 1860 1320 1943 aiibi)
1367 1861 1703 1938 composuit

421 1950 686 2009 Historia
723 1953 795 2010 de
826 1952 885 2010 la
929 1946 996 2008 V.
1029 1951 1102 2009 N.
1136 1951 1400 2010 Samara
1445 1970 1553 2011 con
1600 1953 1699 2010 de-

421 2040 711 2099 clarat-ion
757 2041 828 2099 de
874 2040 1124 2116 algunas
1172 2041 1242 2099 de
1289 2058 1390 2098 sus
1435 2042 1700 2099 excelen-

421 2128 555 2198 cias,
581 2119 974 2205 ¹Antwerpiae
1013 2138 1176 2191 1652
1211 2129 1275 2188 in
1305 2128 1363 2198 f.,
1411 2147 1560 2203 opus
1605 2149 1695 2188 ra-

1763 530 1888 593 ord.
1920 529 2429 605 hierosolymitani
2462 548 2506 587 s.
2543 529 2792 589 Joennis
2838 531 3046 607 Bapti-

1764 621 1890 677 stae
1930 617 2166 690 sodali8‚
2213 617 2402 676 edidit
2445 623 2679 693 praeter
2724 623 3047 678 tractatum

1763 708 1832 766 de
1863 709 2099 785 anyelis,
2149 707 2380 766 Matriti
2434 717 2615 778 1672,
2662 708 3041 767 Demonstra-

1763 798 1892 855 cion
1920 797 2219 856 clari-sima
2238 798 2308 855 de
2325 797 2384 854 la
2401 797 2792 856 immaculatio
2812 817 2850 872 y
2868 799 3044 870 puri-

1762 887 1913 944 sima
1959 886 2303 960 Concepcion
2352 886 2420 943 de
2466 886 2526 943 la
2584 884 2797 963 Viryen
2841 886 3045 944 Maria

1764 975 2021 1034 Nae-stra
2054 975 2295 1050 Seffora,
2331 974 2408 1036 ib.
2437 984 2602 1038 1618
2626 975 2690 1032 in
2713 985 2769 1037 4.
2794 1008 2870 1017 —
2896 974 3041 1044 Qui-

1760 1064 1876 1122 bus
1896 1064 2043 1122 adde
2061 1084 2130 1123 ex
2150 1064 2281 1123 aliis
2297 1062 2640 1121 nationibus
2656 1064 2874 1139 plures,
2896 1082 3044 1138 quos

1762 1153 1977 1227 passim
1997 1153 2284 1213 hactenus
2305 1151 2694 1224 laudavimus,
2712 1157 2775 1211 et
2800 1153 3046 1228 insuper

1760 1241 1933 1317 cujus
1965 1244 2231 1302 nondum
2262 1241 2417 1300 facta
2446 1245 2540 1300 est
2568 1241 2817 1301 mentio:
2860 1241 3042 1299 Fran-

1760 1331 1983 1390 ciscum
2027 1331 2251 1391 Poire
2297 1332 2352 1394 S.
2391 1330 2447 1388 J.
2481 1330 2710 1388 Gallum
2749 1348 2804 1388 n.
2854 1338 3039 1398 1584,

1758 1419 2090 1497 theologiae
2123 1429 2184 1479 et
2216 1439 2262 1479 s.
2296 1418 2633 1495 Scripturae
2653 1418 3040 1494 professorem

1759 1502 1821 1588 (†
1876 1505 2089 1590 1637),
2142 1509 2248 1584 qui
2299 1508 2674 1569 concinnavit
2732 1507 2819 1565 La
2867 1508 3040 1580 triple

1757 1614 2041 1655 couronne
2120 1599 2192 1656 de
2268 1598 2328 1655 la
2402 1598 2591 1655 Bien-
2607 1597 2898 1655 heureuse
2974 1595 3040 1654 V.

1757 1685 1917 1744 Mere
1964 1685 2038 1743 de
2086 1687 2252 1745 Dieu.
2301 1686 2512 1745 Tissue
2555 1685 2628 1745 de
2676 1703 2769 1743 ses
2817 1685 3039 1760 princi-

1757 1774 1913 1850 pales
1947 1775 2272 1851 grandeurs
2302 1774 2357 1832 d'
2376 1775 2735 1844 Excellence‚
2779 1773 2852 1832 de
2882 1775 3042 1832 Pou-

1759 1864 1887 1921 voir
1917 1869 1977 1922 et
2010 1864 2082 1922 de
2113 1865 2322 1933 Bonte,
2357 1868 2420 1923 et
2450 1863 2708 1922 enrichie
2739 1863 2811 1921 de
2843 1863 3037 1921 diver-

1758 1971 1850 2010 ses
1883 1952 2223 2012 inventione
2252 1972 2406 2027 pour
2436 1952 2472 2010 l'
2491 1952 2692 2023 aimer,
2725 1952 2764 2011 1'
2786 1953 3040 2012 honoret

1756 2044 1819 2099 et
1851 2041 1907 2098 la
1938 2042 2143 2111 servir,
2184 2041 2351 2100 Paris
2390 2051 2589 2110 1630;
2633 2050 2829 2111 1633;
2872 2050 3036 2103 1634

1756 2129 1846 2190 ed.
1882 2138 1936 2191 3.
1971 2131 2289 2189 retractata
2319 2135 2381 2188 et
2413 2134 2587 2188 aucta
2617 2133 2756 2201 etc.;
2791 2138 2956 2193 1696
2992 2134 3036 2188 t.

420 2236 570 2286 rum,
620 2218 849 2277 Matriti
895 2227 1093 2288 16563
1141 2218 1509 2277 Excelencias
1539 2220 1607 2276 de
1638 2218 1697 2281 S.
1759 2227 1793 2279 2
1820 2218 1886 2277 in
1908 2229 1977 2289 43
2011 2223 2332 2277 retractata
2361 2218 2684 2293 apatribus
2716 2219 3037 2278 solesmen-

421 2305 637 2381 Joseph
683 2307 901 2382 Esposo
946 2306 1018 2366 de
1063 2307 1137 2371 N.
1182 2307 1237 2365 S.
1277 2308 1352 2365 ib.
1394 2317 1579 2370 1612.
1611 2341 1698 2352 -
1757 2307 1922 2366 sibus
1956 2307 2020 2369 Ο.
2053 2308 2108 2366 S.
2139 2308 2206 2368 B.
2232 2308 2380 2366 duce
2400 2308 2742 2383 Gueranger
2759 2307 2838 2366 ib.
2869 2315 3031 2371 1848

422 2395 758 2454 Bernardus
791 2396 912 2473 (vel
942 2391 1371 2476 Bernardinus)
1399 2395 1470 2454 de
1501 2396 1699 2455 Leon
1755 2401 1798 2455 t.
1838 2406 1872 2458 3
1906 2398 1969 2454 in
2005 2405 2078 2468 83
2122 2405 2284 2459 1858
2319 2400 2367 2460 t..
2402 2405 2471 2464 23
2512 2395 2754 2454 Tornaci
2794 2403 2954 2458 1849
2990 2399 3035 2453 t.

423 2483 487 2543 Ο.
523 2483 746 2542 Praem.
780 2484 1103 2561 Burgensis
1143 2484 1346 2544 doctor
1392 2485 1696 2544 salmanti·
1760 2495 1792 2548 5
1829 2485 1893 2544 in
1934 2494 2029 2556 12,
2077 2485 2255 2544 etiam
2303 2485 2366 2543 in
2405 2485 2547 2542 alias
2579 2503 2748 2542 versa
2778 2484 3034 2560 linguas,

422 2572 629 2645 censis,
682 2581 1032 2651 procurator
1080 2573 1378 2651 generalis
1427 2574 1492 2633 iu
1537 2573 1700 2634 curia
1724 2571 1730 2695 Ι
1754 2574 2087 2652 germanice
2149 2574 2500 2633 Ratisbonae
2574 2580 2944 2636 1852—-63
2983 2581 3030 2635 t.

419 2681 656 2721 romana
671 2663 932 2721 nationis
945 2663 1301 2738 hispanicae,
1324 2663 1572 2722 vitensis
1593 2663 1698 2723 do·
1759 2674 1815 2731 3,
1849 2664 2041 2723 versio
2087 2668 2178 2723 sat
2222 2663 2439 2722 infelix.
2505 2664 2667 2739 Opus
2697 2663 2893 2738 ipsum
2932 2662 3034 2737 ju-

420 2769 553 2809 mus
600 2751 784 2810 abbas
836 2747 896 2832 (†
938 2748 1151 2833 1627),
1199 2751 1482 2810 disseruit
1519 2752 1610 2810 De
1639 2753 1697 2810 la
1754 2753 1882 2811 dice
1927 2752 2225 2812 Scheeben
2275 2771 2447 2827 saepe
2495 2757 2589 2811 est
2637 2751 3030 2829 ingeniosum,

422 2839 766 2915 Concepeion
809 2843 879 2898 de
923 2841 999 2902 N.
1046 2840 1107 2900 S.
1152 2841 1314 2918 typis
1352 2841 1696 2900 monasterii
1752 2842 1869 2901 etsi
1899 2861 2020 2901 non
2065 2845 2259 2900 careat
2309 2841 2638 2900 defectibus
2652 2840 2721 2923 ¹).
2770 2839 3036 2916 Reliquit

418 2927 588 2998 Vitis,
630 2938 794 2992 1626
829 2934 871 2987 t.
897 2938 930 2990 2
959 2929 1025 2988 111
1047 2929 1493 2992 4.-—Joannes
1527 2931 1694 2988 Per·
1753 2935 1812 2989 et
1863 2931 1975 2989 alia
2019 2949 2195 3006 opera
2239 2930 2506 2999 ascetica,
2554 2931 2716 2989 inter
2743 2947 2895 3005 quae
2943 2929 3038 2987 La

418 3016 633 3076 linus
685 3017 741 3076 S.
794 3018 852 3081 J.
903 3018 1272 3090 MatritanuS,
1337 3018 1694 3094 theologiam
1753 3020 1977 3078 Science
2007 3021 2107 3078 des
2122 3019 2321 3078 Saints
2351 3019 2454 3094 qui
2490 3023 2582 3077 est
2613 3020 2670 3077 la
2700 3019 2926 3078 science
2959 3016 3033 3075 de

417 3105 622 3165 docuit
649 3107 712 3164 in
743 3125 926 3183 regno
957 3125 1218 3182 peruano
1251 3107 1469 3176 Limae,
1504 3107 1692 3177 Cusci,
1752 3107 2028 3166 chercher
2057 3108 2209 3166 Dieu
2238 3111 2301 3166 et
2333 3108 2403 3165 de
2438 3126 2500 3166 se
2533 3107 2759 3166 donner
2778 3106 3033 3165 entiore-

419 3192 598 3264 Quiti,
642 3195 709 3253 in
753 3195 1040 3269 Hispania
1071 3196 1343 3266 Murciae,
1377 3195 1692 3270 Compluti,
1752 3200 1919 3254 ment
1960 3218 1994 3253 a
2038 3197 2162 3273 luy,
2214 3195 2450 3254 Parisiis
2509 3205 2707 3265 16383
2757 3194 3034 3271 Lugduni

415 3284 656 3354 Matriti,
703 3284 941 3342 demum
987 3284 1257 3344 Coloniae
1307 3280 1371 3366 (†
1421 3294 1520 3347 31.
1568 3285 1692 3345 Oct.
1760 3294 1958 3355 1665;
2006 3286 2099 3343 La
2140 3287 2394 3343 muniere
2438 3286 2506 3343 de
2530 3286 2703 3358 paier
2732 3303 2770 3342 a
2801 3283 2954 3340 Dim
2984 3283 3035 3340 le

424 3370 634 3453 1638),
668 3374 904 3449 scripsit
934 3374 1266 3450 apologiam
1285 3373 1692 3433 scholasticam
1749 3375 1932 3432 disme
1963 3382 2014 3432 et
2043 3374 2093 3431 le
2123 3373 2301 3432 tribui
2318 3374 2386 3431 de
2417 3373 2476 3430 la
2507 3374 2595 3430 vie
2627 3371 2773 3430 dont
2801 3371 2846 3429 il
2876 3389 3033 3429 nous

416 3459 539 3518 sive
570 3465 1012 3520 controversiam
1042 3462 1403 3538 theoloyicam
1425 3478 1543 3535 pro
1563 3481 1688 3520 ma·
1749 3462 1946 3521 donne
1981 3462 2018 3520 l'
2042 3481 2241 3539 usage,
2274 3461 2555 3538 Lugduni
2591 3472 2616 3523 1
2635 3469 2779 3524 638.

412 3568 559 3624 qnae
591 3552 796 3608 matris
827 3551 898 3609 ab
929 3552 1202 3628 oriyinali
1219 3551 1398 3609 debito
1417 3552 1691 3609 immuni·

415 3645 527 3696 tate
542 3656 611 3697 ex
632 3656 708 3702 ss,
719 3639 931 3711 literis,
945 3639 1230 3710 conciliis,
1243 3639 1514 3715 patribus
1530 3639 1692 3698 aliis-‘

938 3731 1425 3804 argumentorum
1453 3728 1689 3787 sedibus
1745 3697 3033 3842 ..111118181188118851

413 3814 483 3872 ad
515 3834 639 3874 rem
666 3817 1097 3891 pertinentium
1127 3816 1443 3893 diligenter
1474 3818 1688 3875 collec-
1746 3844 1821 3898 ad
1844 3846 1886 3898 t·
1907 3844 2000 3907 HL
2022 3849 2071 3900 1,
2101 3842 2323 3903 flandb·
2350 3842 2449 3897 der
2473 3842 2526 3896 k,
2554 3841 2753 3912 Dogm.
2782 3840 2864 3897 cf,
2881 3841 3032 3896 Som-

412 3904 878 3982 tam,Lugduni1
896 3915 1019 3969 630
1036 3906 1455 3968 in4.-Petrus
1468 3905 1606 3964 Diaz
1618 3905 1690 3963 de
1746 3914 2032 3985 mervogel
2058 3913 2154 3979 VI,
2180 3917 2482 3971 921—925.

794 4272 902 4368 ΙΙ.
972 4270 1462 4392 Theologia
1528 4272 1938 4392 positiva
2002 4272 2095 4368 et
2160 4270 2630 4391 polemico..

503 4534 646 4589 294.
699 4525 972 4600 Plerique
1020 4545 1091 4584 ex
1140 4526 1281 4597 illis,
1335 4544 1484 4600 quos
1534 4525 1695 4585 inter
1719 4520 1725 4573 Ι
1748 4544 1869 4584 nue
1887 4523 2625 4602 propugnarunt,ideoque
2639 4526 2839 4599 partes
2858 4522 3028 4582 theo-

411 4613 653 4675 Scholae
685 4615 992 4690 theologos
1024 4614 1448 4684 recensuimus,
1479 4632 1693 4691 oppor-
1749 4613 1873 4690 logi
1905 4613 2177 4690 polemici
2209 4612 2453 4673 minime
2482 4612 2894 4690 neglexerunt.
2942 4610 3029 4669 Ex

411 4703 675 4762 tunitate
708 4704 906 4763 oblata
944 4702 1123 4761 etiam
1171 4703 1449 4781 dogmata
1492 4702 1692 4762 catho-
1750 4702 2038 4777 Hispanis
2067 4701 2242 4778 pauci
2272 4701 2462 4760 adhuc
2490 4704 2829 4776 supersunt,
2877 4718 3029 4778 quos

409 4791 521 4849 lica
551 4792 832 4851 adversus
862 4810 1090 4851 errores
1121 4792 1213 4851 sui
1232 4790 1518 4868 temporis
1536 4796 1689 4850 stre·
1748 4797 1981 4867 praeter
2012 4792 2147 4850 illos
2178 4790 2473 4867 theologis
2492 4789 2792 4864 polemicis
2822 4806 3026 4848 accen·

625 4901 819 4960 Hurter,
844 4901 1189 4949 Nomeuclator
1214 4901 1283 4948 111
1310 4902 1387 4947 ed.
1417 4900 1465 4947 3.
2638 4892 2708 4943 22
