3625 5193
354 262 471 314 441
1241 242 1460 307 Lauter‚
1490 242 1720 312 Tympe‚
1749 242 1966 313 Zanger
1993 247 2097 297 etc.

2850 259 2974 312 442

352 429 612 503 praefuit
673 428 992 486 immortali
1054 428 1242 495 laude,
1294 427 1877 503 integritatelm‘bua
1896 428 2065 486 rebus
2082 431 2253 503 qestis
2271 447 2340 485 ao
2357 428 2597 504 denique
2617 436 2794 486 morte
2800 446 2981 501 prae-

353 537 604 585 summa,
639 516 960 575 catholicae
1005 526 1067 574 et
1098 516 1388 574 literariae
1433 517 1517 574 rei
1548 517 1637 574 in·
1694 517 2014 574 dicentium
2060 518 2517 592 lutheranorum,
2568 517 2719 575 doct.
2755 518 2827 573 M.
2861 518 2979 575 Lu-

352 610 666 666 cremento.
715 607 926 664 Rector
979 606 1325 681 magnificus
1378 604 1452 662 ab
1502 605 1637 663 uni·
1694 605 1870 674 theri,
1905 605 2007 663 Ph.
2030 607 2476 675 Melanchtonis,
2500 606 2782 664 Matthiae
2799 606 2981 663 Flacii

354 697 635 754 versitate
685 694 1003 753 coloniensi
1055 696 1301 770 eligitur
1356 704 1454 755 20.
1509 695 1638 751 Dec.
1694 693 1937 768 Illyrici,
1972 694 2204 771 Georgii
2231 695 2470 768 Majoris
2503 699 2564 752 et
2597 696 2663 755 A.
2705 694 2980 753 Osiandri

353 807 399 843 a.
443 794 626 847 1610.
661 783 744 841 Ex
777 784 1055 841 mandato
1103 782 1465 841 serenissimi
1503 783 1636 840 Fer·
1697 785 1758 839 et
1789 782 2076 849 Andreae,
2129 784 2400 843 Coloniae
2440 793 2602 845 1622
2658 787 2700 841 t.
2738 793 2794 851 2,
2845 802 2979 859 ger-

353 873 595 932 dinandi
630 872 1055 946 archiepiscopi
1104 890 1345 930 manum
1378 871 1641 930 admovit
1697 872 1924 929 manice
1946 873 2292 948 Moguntiae
2322 882 2505 934 1636.
2539 872 2678 930 Vita
2710 872 2984 947 Zwinglii

355 961 834 1037 interpretationi
881 961 1205 1018 bibliorum
1250 962 1636 1035 germanicae,
1697 979 1804 1017 ms,
1839 964 1994 1018 teste
2027 962 2324 1020 Meshovio
2377 962 2723 1020 servabatur
2755 962 2819 1020 in
2851 961 2983 1019 bib-

355 1072 530 1127 quam
565 1069 796 1109 summa
827 1051 958 1115 tide,
993 1050 1362 1107 accuratione
1410 1054 1471 1106 et
1504 1050 1638 1106 dili-
1697 1048 1949 1107 liotheca
1981 1051 2279 1125 gymnasii
2313 1050 2672 1108 laurentiani
2686 1048 2750 1123 ²).

355 1141 554 1217 gentia
568 1139 818 1215 perfecit
833 1136 899 1218 ²),
917 1157 1104 1212 eaque
1121 1138 1344 1212 prodiit
1367 1138 1640 1195 Coloniae

369 1240 546 1291 1630.
594 1229 685 1285 Ad
727 1227 1027 1285 meliorem
1076 1228 1319 1285 transiit
1370 1228 1551 1284 vitam
1585 1226 1638 1284 d.

366 1328 456 1378 16.
492 1318 661 1375 Febr.
699 1328 853 1378 1617
883 1338 930 1373 a.
953 1317 1166 1374 aetatis
1190 1328 1289 1378 68.
1324 1316 1489 1374 Inter
1510 1316 1639 1383 eius

358 1408 581 1481 scripta
619 1406 912 1463 eminent:
957 1405 1492 1479 Zweiundzwunziy
1530 1404 1639 1461 Be-

358 1495 691 1571 weyqrzinde
742 1497 854 1565 fiir
899 1495 1007 1551 den
1059 1496 1209 1551 alten
1261 1494 1641 1551 katloolischen

362 1585 638 1651 Glauben,
705 1583 981 1641 Coloniae
1054 1592 1235 1651 1589,
1302 1582 1642 1656 ibidemque

359 1673 557 1730 eodem
593 1680 833 1730 auctore
867 1672 1083 1729 latine:
1124 1672 1346 1729 Causae
1372 1690 1573 1745 yraves
1594 1677 1643 1727 et

346 1764 559 1836 justae,
612 1779 720 1818 cur
770 1761 1073 1819 catholicis
1120 1761 1185 1817 in
1232 1762 1643 1818 communione

360 1850 576 1908 veteris
610 1851 856 1924 ejusque
891 1850 1014 1907 veri
1048 1849 1471 1907 chlistianismi
1505 1866 1641 1906 con-

361 1944 586 1997 stanter
618 1956 810 2012 usque
832 1938 906 1995 ad
923 1939 1098 1995 tinem
1115 1939 1274 1996 vitae
1295 1955 1643 2012 permanen-

360 2027 529 2086 dum:
584 2046 692 2084 cur
725 2028 869 2084 item
901 2027 1194 2093 omnibuS‚
1230 2027 1334 2100 qui
1366 2044 1428 2083 se
1460 2045 1641 2084 evan-

359 2117 577 2192 gelicos
640 2122 871 2181 vocant,
934 2116 1154 2173 relictis
1205 2116 1507 2173 erroribus
1572 2114 1643 2172 ad

359 2205 626 2279 ejusdem
673 2204 1099 2262 christianismi
1154 2204 1514 2262 consortium
1549 2203 1647 2260 vel

360 2293 721 2368 postliminio
766 2293 1132 2351 redeundum
1181 2294 1291 2362 sit3
1345 2292 1452 2366 qui
1499 2290 1649 2349 liber

361 2382 532 2456 plane
565 2400 781 2439 aureus
804 2383 863 2439 et
885 2382 1112 2439 solidus
1135 2383 1312 2439 etiam
1334 2381 1647 2440 recentiori

363 2475 554 2528 aetate
600 2470 946 2546 Mogontiae
990 2481 1186 2537 15253
1244 2480 1438 2539 18:333
1481 2479 1644 2530 1840

364 2559 577 2618 iterum
610 2558 916 2640 prm-hist).
966 2560 1232 2618 Historia
1265 2560 1331 2617 cle
1367 2562 1497 2627 rita,
1535 2577 1647 2617 ηιθ-

436 2809 472 2866 1)
503 2801 704 2854 Varias
720 2801 892 2869 hujus
907 2799 1181 2853 versionis
1195 2799 1487 2864 editiones,
1502 2816 1647 2868 quae

256 2905 261 2910 -
363 2873 697 2926 auctoritate
746 2872 907 2924 Joan.
962 2871 1105 2926 Phil.
1157 2871 1513 2924 Schoenborn
1566 2887 1648 2923 ar-

363 2945 542 3015 chiep.
570 2945 642 2997 ab
668 2943 943 2996 idiomate
971 2941 1338 3011 westphalico
1365 2960 1467 3012 per
1495 2943 1647 2995 theo-

363 3015 517 3083 logos
544 3013 915 3082 moguntinos
939 3018 1096 3070 1662.
1138 3016 1382 3082 purgata,
1420 3013 1548 3076 fuit,
1576 3014 1647 3067 cf.

362 3087 420 3142 in
448 3087 583 3140 bibl.
610 3085 937 3145 coloniensi,
980 3084 1076 3137 ubi
1106 3085 1349 3152 reperies
1376 3085 1518 3138 alios
1548 3085 1647 3136 hu·

356 3158 451 3226 jus
476 3155 726 3210 auctoris
754 3156 943 3210 libros.
982 3155 1064 3210 Cf.
1092 3155 1165 3208 Le
1194 3155 1349 3225 Long
1375 3155 1646 3209 Biblioth.

364 3246 406 3281 a.
446 3246 490 3282 c.
535 3233 584 3284 ὃ.
632 3229 765 3281 sect.
802 3232 865 3294 2;
916 3226 1205 3281 Schneller
1249 3227 1431 3282 instit.
1474 3225 1646 3280 theol.

1797 1239 1932 1289 189.
1985 1228 2094 1285 His
2147 1228 2403 1286 addendi
2464 1234 2638 1286 sunt:
2699 1227 2987 1303 Georgius

1698 1322 1746 1379 G
1758 1342 1791 1378 a
1802 1337 1844 1374 u
1856 1337 1894 1392 g
1906 1318 1968 1375 le
1980 1336 2010 1374 r
2041 1316 2512 1393 Lagingensis—
2525 1316 2842 1392 Gregorius
2867 1317 2910 1373 P
2923 1335 2985 1374 o-

1697 1402 2050 1486 merius2)
2081 1440 2166 1447 —
2192 1406 2783 1481 GeorgiusLauter
2803 1405 2983 1462 Ehin-

1697 1516 1907 1574 genua,
1941 1497 2191 1553 Alberto
2224 1495 2361 1552 duci
2382 1495 2662 1552 Bavariae
2693 1516 2726 1550 a
2757 1494 2985 1552 concio-

1700 1588 1896 1649 nibus,
1944 1584 2318 1660 praepositus
2352 1584 2590 1640 demum
2625 1578 2854 1665 (1577)
2890 1601 2984 1640 ca-

1700 1676 1880 1752 pituli
1928 1673 2298 1731 monacensis
2348 1671 2408 1752 (†
2455 1668 2669 1751 1610),
2718 1672 2824 1745 qui
2867 1671 2986 1729 dis-

1700 1763 1939 1840 putavit
1983 1764 2053 1820 de
2082 1763 2369 1834 sacrificio
2413 1764 2641 1827 missae,
2692 1759 2987 1818 Monachii

1711 1863 1892 1916 1565.
1925 1885 2012 1896 ·-
2045 1851 2380 1909 Matthaeus
2413 1850 2688 1925 'l'ympe
2733 1846 2984 1927 (Timpe)

1702 1942 2099 2000 feracissimus
2124 1936 2458 2020 scriptor³)‚
2494 1938 2861 2014 aliquamdiu
2883 1940 2986 1996 Co-

1703 2031 1895 2089 loniae
1927 2029 2337 2104 philosophiae
2371 2034 2432 2085 et
2452 2028 2829 2101 eloquentiae
2849 2045 2985 2101 pro-

1702 2121 1907 2187 sessor,
1942 2120 2132 2175 rector
2165 2116 2305 2174 dein
2355 2117 2586 2176 scholae
2633 2116 2988 2174 cathedralis

1704 2208 2097 2271 Paderbonae‚
2132 2205 2371 2262 demum
2391 2210 2586 2263 rector
2605 2204 2841 2277 collegii
2863 2222 2987 2261 mo-

1703 2296 1962 2364 nasterii,
1996 2294 2089 2352 cui
2123 2312 2157 2351 a
2189 2294 2407 2351 Detten
2436 2312 2666 2361 nomen,
2692 2293 2794 2366 qui
2816 2293 2990 2366 plura

1704 2386 1956 2443 aliorum
2002 2382 2289 2457 opuscula
2334 2382 2664 2458 germanice
2712 2381 2987 2448 reddidit,

1704 2471 1994 2548 quaedam
2043 2470 2331 2546 polemica
2377 2470 2711 2545 composuit
2742 2473 2802 2527 et
2833 2472 2990 2527 cata-

1704 2564 1905 2639 logum
1970 2560 2381 2636 episcoporum
2433 2558 2992 2618 monasteriensium

1703 2651 2079 2711 concinnavit
2127 2648 2216 2730 (in
2262 2652 2400 2708 Ant.
2444 2649 2726 2707 Matthaei
2776 2648 2991 2706 veteris

1705 2742 1831 2799 aevi
1864 2739 2168 2797 Analectis
2189 2738 2294 2805 V2‚
2325 2734 2819 2817 167—191).——
2844 2738 2987 2794 Mel·

1704 2830 1869 2887 chior
1914 2829 1953 2886 Z
1974 2847 2057 2886 an
2078 2845 2209 2902 ger
2253 2827 2629 2903 praepositus
2667 2829 2727 2884 et
2758 2826 2988 2885 concio-

1704 2923 1876 2976 nator
1908 2917 2274 2991 echinganus
2313 2914 2372 2996 (†
2407 2926 2460 2977 4.
2484 2915 2521 2973 J
2528 2935 2618 2974 an.
2659 2913 2850 2994 1603)
2884 2933 2990 2972 no-

1702 3005 2021 3064 minandus
2055 3004 2410 3080 praeprimis
2443 3009 2537 3063 est
2567 3009 2812 3079 propter
2841 3021 2990 3078 opus

1704 3095 2064 3168 inscriptum
2115 3095 2378 3151 Examen
2425 3095 2703 3151 versionis
2749 3093 2992 3149 Lutheri

1704 3185 1767 3241 in
1863 3175 2061 3240 Biblia
2137 3183 2192 3240 d.
2272 3183 2309 3244 i.
2396 3181 2801 3256 Wahrbaftige
2867 3180 2990 3238 und

364 3301 528 3368 posit.
560 3316 613 3351 n.
642 3302 764 3356 331:
793 3298 1043 3352 Kleffner
1070 3297 1180 3351 KL.
1202 3298 1317 3362 XII,
1348 3302 1646 3356 185-188.
1707 3272 2273 3347 Augenscheinliche
2325 3271 2692 3345 Erweisung,
2740 3270 2993 3326 welcher

363 3374 418 3423 et
443 3370 626 3423 fusius
653 3370 715 3421 in
742 3370 876 3423 fasc.
915 3371 1016 3423 der
1039 3369 1198 3423 kath.
1228 3369 1542 3440 Seelsorger
1569 3343 1647 3421 X(
1702 3360 1922 3436 gestalt
1953 3361 2026 3416 M.
2062 3361 2287 3418 Luther
2318 3358 2413 3417 die
2446 3359 2499 3416 h.
2524 3358 2759 3415 Schrifft
2778 3357 2993 3416 beeder

363 3444 560 3513 (1899),
588 3445 904 3498 sla—223:
931 3437 1483 3512 257*2ss53Re1¹⁸<³h
1506 3440 1646 3510 ῐι118·
1705 3450 1839 3507 desa
1885 3452 1952 3505 A.
1999 3469 2057 3509 u.
2092 3450 2162 3505 N.
2197 3449 2281 3515 T„
2333 3449 2447 3504 den
2498 3447 2992 3521 Hauptsprachen

362 3513 411 3565 d.
440 3513 540 3565 Bio
613 3552 627 3564 .
655 3511 903 3577 XXXIX,
931 3515 1196 3568 181-83.

435 3588 475 3652 2)
506 3530 1647 3656 φ,51431101131101ῃ11011111ὲο1.1111011811,ῖ)5ἴ),

364 3654 437 3707 iat
452 3657 561 3707 mit
577 3654 733 3707 einer
746 3653 972 3707 solchen
984 3653 1160 3716 Ruhe,
1180 3653 1647 3716 Gelehrsamkeit,

364 3725 542 3795 Logik
583 3724 701 3778 und
746 3725 1336 3794 Uber-zeugungskraft
1373 3725 1648 3795 geschrie-

366 3798 487 3853 ben.
528 3796 635 3849 dan
681 3814 814 3849 man
854 3796 1030 3849 kaum
1057 3796 1317 3864 begreift,
1346 3796 1449 3850 wie
1477 3812 1536 3848 es
1562 3798 1648 3850 Je-

366 3867 607 3921 manden
635 3867 908 3921 einfallen
934 3867 1140 3929 kenne,
1170 3867 1457 3920 offentlich
1480 3867 1648 3937 dage-

362 3955 470 4007 gen
486 3939 847 3992 aufzutreten
867 3977 878 3990 .
898 3980 908 3991 .
928 3981 937 3991 .
958 3938 1119 3992 Seine
1138 3943 1204 3993 22
1223 3938 1647 4008 Beweggriinde

363 4011 484 4063 sind
525 4010 618 4063 ein
660 4009 1062 4063 vortret‘fliches
1102 4009 1219 4061 und
1256 4011 1648 4080 zeitgemasses

366 4080 772 4151 Compendium
814 4080 967 4134 eines
994 4080 1418 4148 dogmatischen
1452 4080 1649 4134 Unter·

364 4150 769 4215 richtsbuches‚
830 4151 1063 4219 bundig‚
1116 4152 1320 4204 faulieh
1366 4152 1481 4205 und
1535 4155 1651 4205 ein·

365 4222 918 4304 dringlichffgedacht
944 4222 1061 4275 und
1088 4222 1471 4291 geschrieben.
1500 4222 1650 4276 Huic

366 4296 515 4362 operi
542 4311 838 4364 geminum
868 4292 1075 4347 addere
1103 4292 1234 4348 licet
1250 4293 1390 4347 Sixti
1409 4293 1649 4348 Sartorii

365 4365 488 4418 Mil
508 4369 534 4420 t
548 4384 577 4418 e
596 4384 630 4416 n
651 4366 687 4418 b
703 4381 732 4418 e
749 4382 776 4416 r
791 4382 828 4432 g
844 4381 872 4417 e
885 4382 913 4417 r
936 4365 1487 4434 Anabacensia,juris
1515 4365 1652 4419 utri-

368 4453 542 4505 usque
571 4436 815 4490 doctoris
850 4435 974 4504 (qui
1000 4439 1130 4506 post
1153 4453 1312 4489 suam
1339 4437 1651 4490 conversio-

366 4524 486 4562 nem
515 4511 700 4562 factus
726 4512 812 4560 est
836 4508 1091 4560 sacerdos
1118 4510 1176 4561 et
1200 4508 1504 4561 canonicus
1524 4525 1651 4577 pae-

366 4579 656 4648 saviensia)
684 4580 1023 4646 inscriptum
1046 4600 1056 4631 :
1085 4585 1288 4634 Causae
1314 4585 1551 4642 motivae,
1581 4580 1653 4631 ol»

1704 3539 1828 3595 und
1861 3537 1967 3594 der
1998 3541 2250 3613 gant-zen
2269 3536 2431 3594 Cath.
2466 3535 2720 3593 Kirchen
2743 3534 2990 3591 Theolo-

1704 3723 2033 3778 orthodoxis
2061 3722 2165 3777 PP.
2206 3722 2474 3774 traditam
2516 3720 2620 3774 reli
2663 3721 2851 3774 ionem
2880 3737 2992 3772 am·

1704 3796 1902 3865 plexus
1930 3798 2016 3847 est
2040 3796 2098 3847 et
2122 3794 2437 3862 profitetur,
2484 3740 2826 3862 lngoffstadii
2854 3796 2991 3848 1602

1703 3868 1761 3919 in
1788 3871 1840 3922 4.
1869 3864 2078 3919 Eodem
2105 3866 2369 3934 spectant
2395 3865 2519 3932 ejus
2547 3868 2795 3932 epistolae
2835 3867 2888 3927 V,
2917 3863 2995 3915 ib.

1705 3941 1845 3993 1605
1883 3937 1945 3991 in
1986 3940 2054 4002 8.,
2097 3952 2242 4005 quae
2284 3937 2493 4005 scripta
2538 3935 2778 4004 logicam
2825 3934 2994 3987 disse·

1704 4007 1867 4062 rendi
1905 4009 2187 4061 rationem
2216 4012 2270 4060 et
2300 4008 2676 4060 eruditionem
2722 4005 2995 4076 praesefe-

1705 4083 1859 4132 runt.
1914 4079 1996 4132 cf.
2025 4079 2250 4132 Raess
2279 4079 2375 4142 111,
2401 4082 2668 4135 453—73.

1786 4158 1822 4214 ¹)
1853 4149 2023 4202 Plura
2061 4151 2127 4203 de
2155 4149 2442 4218 Ulenberg
2481 4151 2549 4202 cf.
2591 4150 2650 4201 in
2690 4150 2726 4203 l.
2755 4147 2996 4201 Arnoldi

1706 4222 1762 4273 M
1779 4239 1807 4275 e
1824 4239 1848 4273 s
1867 4222 1902 4274 h
1922 4239 1953 4274 0
1975 4222 2040 4274 vi
2059 4222 2076 4272 i
2105 4220 2404 4290 lippiensis
2446 4225 2492 4290 (†
2515 4225 2674 4291 1667)
2697 4242 2707 4272 :
2751 4223 2830 4272 De
2871 4223 2991 4284 vitu,

1707 4295 1945 4346 moribus
1962 4302 2006 4345 et
2021 4295 2162 4345 obitu
2182 4297 2235 4346 C.
2262 4294 2528 4361 Ulenhery,
2553 4290 2817 4345 Coloniae
2837 4292 2993 4349 1638,

1708 4365 1872 4433 cujus
1899 4363 2300 4431 compendium
2343 4361 2731 4432 praemittitur
2757 4359 2993 4412 editioni

1708 4453 1831 4558 {ipa
1895 4437 2384 4562 Ζὲρείιιίιὲἰξὲοατῒιεί]
2434 4434 2821 4501 Βεειόῃρνίὶηᾱε
2870 4433 2992 4494 etc„

1708 4545 1727 4558 .
1767 4523 1798 4558 o
1845 4522 2039 4559 uniae
2139 4516 2149 4559 ξ
2235 4523 2336 4559 ec.

1783 4524 1932 4647 ²7ng.
1961 4576 2308 4629 Rotermund
2332 4576 2423 4639 VI,
2445 4580 2566 4632 569.
2596 4575 2696 4642 qni
2722 4592 2851 4628 eum
2879 4588 2993 4626 non

368 4667 501 4716 quos
527 4651 580 4703 S.
611 4651 755 4704 Sart.
786 4648 841 4700 M
869 4690 882 4703 .
912 4691 923 4702 .
952 4691 963 4701 .
993 4649 1213 4703 deserta
1238 4648 1544 4704 lutherana
1571 4651 1652 4722 (in
1706 4652 1856 4701 recte
1881 4648 2158 4700 Jesuitam
2187 4647 2343 4700 dicit.

367 4737 477 4789 qua
503 4724 671 4774 natus
697 4725 756 4774 et
780 4720 1047 4773 educatus
1075 4721 1206 4790 fuit)
1253 4725 1417 4785 secta,
1459 4722 1651 4774 catho-

1782 4724 1824 4788 3)
1853 4719 1934 4772 Cf.
1966 4719 2021 4771 P.
2053 4720 2365 4772 Bahlmann
2395 4717 2540 4786 Aug.
2563 4717 2616 4770 d.
2639 4716 2722 4770 Bi.
2746 4715 2990 4776 XXXIX·

366 4790 527 4845 licam
556 4811 626 4847 ss.
649 4790 957 4860 Scripturis
977 4808 1105 4847 vere
1128 4791 1426 4846 fundatam
1448 4794 1508 4845 et
1527 4808 1560 4845 a
1582 4809 1653 4846 ss,
1708 4795 1936 4846 53—55.
