3625 5193
993 248 1211 317 Ajossa‚
1241 247 1471 312 Foresti,
1498 247 1794 314 Marchini‚
1824 249 2065 315 Centini,
2095 250 2343 319 Oregius.
2860 265 2983 320 650

365 267 491 319 649

361 435 662 504 fitebatur,
695 437 768 493 ut
799 452 931 491 cum
977 437 1134 492 esset
1177 433 1239 491 in
1270 434 1525 509 priorem
1559 434 1648 493 sui
1703 436 1885 504 liariS,
1919 457 1953 493 a
1986 455 2103 511 quo
2136 442 2195 494 et
2228 434 2502 494 visitator
2536 435 2895 512 apostolicus
2927 441 2988 495 et

359 524 587 582 ordinis
638 522 974 600 generalem
1030 533 1056 583 1
1075 532 1195 585 625
1246 523 1489 592 electus,
1540 542 1645 583 no·
1702 524 2052 583 reformator
2081 526 2309 583 electus
2324 525 2498 599 plura
2514 524 2628 582 alia
2644 523 2832 583 officia
2848 544 2986 583 con-

360 613 540 671 luerit
586 612 917 671 Christiana
961 610 1033 669 de
1063 611 1457 688 Lotharingia‚
1503 615 1649 670 tunc
1703 617 1946 673 secutus
1962 618 2114 672 esc<
2137 613 2584 672 Nititurinillis
2599 618 2833 689 praeter
2851 614 2984 672 dili-

357 701 576 760 ditioni
627 700 923 760 Mediceae
984 700 1273 776 regendae
1333 701 1644 776 praefecta,
1702 706 1940 778 gentem
1973 707 2174 761 textus
2219 707 2281 760 et
2320 701 2633 761 verborum
2666 703 2982 778 expositio-

357 791 423 848 in
484 791 612 866 eJus
662 789 1098 848 abdicationem
1150 790 1460 848 cathedrae
1511 809 1647 847 con-

357 880 597 948 sentire,
646 878 925 954 adjiciens
976 878 1145 947 illud,
1198 879 1525 937 academiae
1558 879 1648 936 illi

360 968 533 1044 longe
594 967 810 1026 melius
874 968 1214 1026 consultum
1276 986 1338 1026 se
1395 968 1644 1036 credere,

358 1057 412 1115 si
474 1057 566 1114 vel
617 1076 799 1115 unam
842 1055 1260 1115 tantummodo
1324 1057 1644 1131 quotannis

358 1146 668 1204 lectionem
700 1145 1097 1221 theologicam
1129 1145 1347 1203 ibidem
1384 1145 1643 1214 haberet,

359 1235 681 1293 dummodo
715 1238 883 1292 tanto
917 1234 1043 1292 viro
1074 1232 1350 1293 fraudata
1382 1235 1495 1292 dici
1527 1252 1647 1294 non

360 1323 560 1398 possit.
624 1325 695 1382 In
742 1342 1018 1398 supremo
1065 1323 1158 1380 sui
1200 1322 1423 1381 ordinis
1455 1323 1646 1399 magi-

359 1414 555 1470 stratu
586 1412 750 1470 illius
782 1411 979 1470 decori
1010 1416 1069 1469 et
1099 1412 1463 1471 incremento
1485 1430 1645 1470 sum-

357 1520 456 1558 ma
485 1500 799 1577 vigilantia
819 1501 1139 1571 consuluit,
1175 1501 1481 1559 literarum
1516 1504 1645 1558 stu·

353 1590 473 1658 dia,
507 1609 740 1649 morum
771 1589 1262 1658 reformationem,
1297 1589 1645 1665 disciplinae

358 1679 647 1754 regularis
682 1678 1054 1753 splendorem
1099 1683 1160 1737 et
1193 1678 1314 1736 alia
1345 1697 1644 1753 quaecun-

357 1786 476 1841 que
509 1767 582 1825 ad
613 1767 675 1825 id
706 1768 1138 1842 assequendum
1185 1772 1524 1842 opportuna
1555 1768 1643 1824 vi-

358 1857 553 1915 riliter
583 1852 959 1935 promovit1).
1023 1856 1451 1914 Mortalitatem
1483 1858 1646 1915 exuit

363 1954 462 2006 21.
496 1945 659 2003 Febr.
703 1955 889 2008 1630.
921 1945 1061 2002 Post
1089 1946 1218 2019 ejus
1236 1949 1486 2003 mortem
1509 1964 1643 2019 pro-

354 2034 604 2092 dierunt
666 2034 1044 2092 Axiomatum
1091 2034 1322 2107 aliquot
1352 2034 1642 2110 theologi-

356 2141 560 2180 corum
592 2141 659 2180 ex
691 2122 768 2180 1v
804 2123 866 2179 ll.
900 2123 1332 2181 sententiarum
1364 2123 1642 2181 totidem·

359 2230 474 2286 que
507 2211 930 2287 paradoxorum
963 2211 1032 2269 H.
1056 2211 1460 2270 Gandavensis
1493 2213 1642 2269 dilu-

354 2302 568 2358 cidatio
599 2303 873 2375 exposita,
910 2301 1209 2359 Bononiae
1251 2311 1433 2363 1652.

455 2487 597 2541 283.
629 2479 1061 2550 Disputationes
1104 2479 1171 2535 de
1219 2497 1294 2536 ss.
1338 2478 1644 2536 Trinitatis

359 2567 686 2647 mysterioss)
727 2566 960 2643 publica
992 2569 1123 2627 luce
1154 2567 1395 2627 donavit
1427 2567 1643 2626 Romae

369 2666 526 2719 1631
567 2658 629 2715 in
651 2658 688 2714 f.
721 2658 1021 2717 Antonius
1053 2659 1103 2714 A
1112 2658 1329 2732 jossa
1361 2657 1496 2714 cler.
1519 2675 1641 2733 reg.

357 2745 803 2820 Neapolitanus.
896 2746 1039 2820 Ejus
1115 2749 1422 2821 praeterea
1501 2747 1645 2804 sunt

367 2835 730 2905 Quaestiones
758 2836 823 2893 in
854 2835 1242 2893 universalem
1275 2834 1641 2910 philosophi-

357 2942 453 2980 am
486 2924 820 2982 naturalem
851 2924 923 2981 ad
940 2927 1198 2981 mentem
1220 2943 1262 2980 e.
1281 2922 1537 2981 Thomae
1552 2924 1640 2991 A„

357 3012 605 3087 Neapoli
644 3020 983 3076 1636-—42
1021 3015 1062 3070 t.
1100 3022 1132 3072 2
1172 3012 1233 3070 in
1265 3011 1322 3083 f.,
1372 3030 1520 3086 opus
1551 3031 1643 3069 ra-

358 3100 658 3159 rissimum
693 3096 1003 3182 (m.'110).
1050 3133 1132 3145 -—
1182 3101 1267 3159 De
1312 3100 1517 3159 eodem
1551 3119 1641 3159 ar·

1702 810 1839 849 nem
1888 791 2224 851 divinarum
2275 792 2583 849 literarum
2634 792 2775 850 locis
2808 812 2875 849 ac
2908 811 2984 851 ss.

1701 883 1945 956 patrum
1993 881 2231 938 assertis
2279 884 2568 956 perpetuo
2600 879 2721 939 fere
2765 899 2899 939 cum
2931 881 2985 938 d.

1702 969 1957 1027 Thomae
1990 987 2227 1027 assensu
2268 968 2630 1044 seraphicam
2664 969 2986 1028 doctrinam

1704 1058 2006 1117 illustrare
2036 1062 2097 1116 et
2128 1059 2453 1126 sustinere;
2487 1057 2587 1115 sed
2605 1057 2787 1116 editio
2809 1058 2986 1115 innu-

1703 1148 1878 1205 meris
1912 1151 2097 1206 scatet
2128 1147 2430 1205 erroribus
2463 1147 2905 1223 typographicis
2921 1143 2983 1226 ¹).

1701 1270 1789 1278 —
1821 1236 2186 1294 Philibertus
2234 1236 2614 1294 Marchini
2665 1236 2987 1294 Barnabita

1702 1343 1903 1401 congr.
1955 1343 1999 1382 s.
2048 1325 2220 1382 Pauli
2271 1324 2533 1399 scripsit:
2585 1324 2986 1399 Gynmastieae

1700 1415 1769 1471 de
1800 1415 1923 1472 Deo
1956 1415 2109 1472 trino
2141 1414 2554 1486 disputationes
2602 1413 2676 1471 ad
2725 1416 2986 1472 mentem

1703 1521 1746 1560 s.
1780 1502 2055 1573 Thomae,
2089 1503 2419 1561 Florentiae
2461 1511 2623 1565 1635
2659 1502 2723 1560 in
2756 1502 2794 1559 f.
2827 1505 2888 1559 et
2919 1504 2986 1560 de

1699 1598 2058 1649 sacramento
2108 1593 2333 1649 ordinis
2363 1597 2414 1647 et
2442 1592 2726 1664 sacrificio
2759 1593 2983 1658 missae,

1701 1678 1980 1756 Lugduni
2024 1690 2184 1744 1638
2237 1681 2300 1738 in
2332 1679 2402 1748 f.;
2457 1680 2602 1737 Belli
2651 1682 2834 1738 divini
2882 1699 2985 1738 seu

1700 1769 2036 1843 pestilentis
2065 1769 2353 1845 temporis
2387 1776 2661 1827 accurata
2679 1770 2986 1848 speculatio

1700 1859 2043 1934 theologica,
2109 1858 2401 1926 canonica,
2457 1857 2661 1926 civilis,
2725 1858 2981 1932 politica,

1701 1947 1994 2014 historica,
2022 1947 2442 2022 philosophica,
2461 1946 2792 2005 Florentiae
2816 1958 2839 2009 1
2858 1956 2982 2010 633

1699 2055 1795 2111 pp.
1834 2045 1867 2097 2
1906 2036 1968 2093 in
2012 2047 2032 2095 1
2075 2055 2127 2092 v.
2163 2035 2224 2093 in
2257 2035 2314 2104 f.‚
2348 2035 2411 2092 in
2443 2053 2560 2108 qua
2581 2035 2857 2110 expendit
2878 2036 2985 2093 ob-

1700 2125 2013 2200 ligationes
2045 2124 2453 2199 episcoporum
2487 2127 2547 2181 et
2578 2124 2981 2197 parochorum,

1700 2212 2394 2288 administrationemque
2485 2215 2981 2271 sacramentorum

1697 2305 1962 2377 tempore
1994 2302 2178 2376 pestis
2193 2304 2299 2359 etc.
2320 2333 2404 2343 -
2422 2300 2515 2357 Ad
2546 2304 2804 2358 mentem
2827 2300 2984 2360 Scoti

1700 2390 1963 2448 exaravit
2013 2389 2330 2447 Mauritius
2381 2388 2693 2447 Centini
2744 2388 2807 2446 O.
2841 2391 2982 2448 Min.

1698 2498 1866 2538 conv.
1917 2477 2248 2537 Asculanus
2301 2475 2361 2560 (†
2401 2475 2613 2555 1640),
2666 2477 2982 2552 episcopus

1699 2567 2189 2628 massalubrensis
2225 2561 2471 2648 (1626),
2506 2566 2644 2626 dein
2676 2566 2983 2625 miletinus

1698 2659 1763 2716 in
1796 2657 2062 2717 Calabria
2094 2653 2607 2737 (1631—1640),
2640 2657 2981 2730 disputatio·

1698 2766 1797 2806 nes
1828 2748 2162 2824 theoloyicas
2191 2747 2260 2804 de
2290 2748 2690 2804 incarnatione
2720 2752 2771 2803 et
2800 2746 2867 2803 de
2888 2764 2985 2803 sa·

1697 2838 2023 2905 oramentis,
2058 2835 2358 2893 Messanae
2399 2845 2559 2898 1637
2597 2838 2638 2893 t.
2677 2844 2710 2896 2
2748 2835 2812 2892 in
2842 2835 2979 2892 f.—

1699 2924 1794 2983 SS.
1829 2924 2134 2982 Trinitatis
2167 2924 2518 2999 mysterium
2564 2927 2624 2981 et
2670 2924 2788 2982 alia
2831 2927 2984 2982 trac·

1697 3013 1850 3071 tavit
1881 3012 2260 3088 Augustinus
2296 3012 2646 3088 OregiuS.
2709 3014 2904 3071 Natus
2935 3014 2984 3071 is

1698 3106 1790 3160 est
1841 3102 1905 3159 in
1955 3100 2172 3177 oppido
2224 3120 2268 3159 s,
2322 3101 2571 3177 Sophiae
2625 3103 2686 3159 in
2737 3102 2987 3160 Aemilia

356 3194 645 3265 gumento
695 3189 1118 3263 Paraphrases,
1151 3192 1562 3248 commentaria
1593 3196 1642 3247 et
1698 3210 1746 3253 a.
1789 3200 1975 3252 1577.
2011 3190 2319 3248 Humanae
2339 3190 2691 3264 divinaeque
2724 3190 2983 3264 philoso-

356 3278 773 3350 disputationes
821 3281 1000 3354 juncta
1049 3286 1288 3337 mentem
1336 3280 1393 3337 d.
1447 3279 1641 3336 Bona·
1697 3279 1870 3354 phiae
1908 3277 2125 3337 studiis
2157 3280 2374 3337 Romae
2396 3279 2459 3335 in
2478 3278 2725 3354 collegio
2745 3296 2986 3337 romano

361 3375 646 3441 venturae,
695 3368 912 3425 Romae
953 3378 1116 3430 1633
1153 3368 1216 3426 in
1248 3368 1304 3435 f.‚
1368 3367 1643 3443 vulgavit
1697 3368 1951 3442 peractis
2002 3367 2074 3426 ad
2123 3385 2457 3426 caesareum
2509 3370 2569 3424 et
2618 3366 2985 3441 pontificium

356 3455 696 3514 Theodorus
746 3456 1054 3515 Foresti
1106 3457 1170 3514 Ο.
1222 3456 1356 3530 Cap.
1420 3457 1640 3532 Bergo·
1695 3459 1790 3533 jus
1810 3456 2189 3515 ediscendum
2219 3459 2347 3514 toto
2364 3458 2592 3529 pectore
2612 3454 2985 3513 inacademia

357 3545 575 3602 mensis
611 3541 858 3627 (†1637
896 3565 946 3603 a.
980 3544 1193 3603 aetatis
1232 3555 1262 3606 7
1275 3541 1358 3624 2),
1392 3544 1643 3622 insignis
1696 3564 1942 3604 romana
1976 3544 2268 3613 incubuit,
2304 3544 2622 3617 eademque
2667 3543 2762 3601 die
2804 3544 2984 3601 simul

355 3632 617 3693 doctoris
651 3634 940 3709 seraphici
983 3635 1293 3708 interpres,
1340 3634 1443 3708 qui
1491 3636 1643 3691 teste
1698 3633 2120 3710 philosophiae,
2154 3631 2482 3709 theologiae
2499 3635 2559 3690 et
2572 3633 2728 3707 juris
2761 3632 2984 3690 utrius-

358 3723 487 3796 ejus
502 3722 1260 3798 epitaphio,quadraginta
1288 3740 1438 3797 pene
1471 3721 1642 3779 annis
1699 3742 1816 3798 que
1849 3722 2110 3780 omnium
2145 3723 2437 3797 applausu
2457 3722 2713 3779 lauream
2734 3721 2985 3796 adeptus

361 3812 698 3886 seraphicae
759 3812 1097 3888 theologiae
1159 3829 1399 3886 operam
1460 3810 1642 3880 dedit,
1700 3815 1793 3870 est
1824 3811 2196 3871 doctoralem.
2230 3810 2545 3869 Faventiae
2572 3811 2833 3885 primum
2850 3810 2983 3868 Bel-

360 3917 658 3975 supraque
684 3909 805 3963 306
841 3900 1272 3975 praedicatores
1292 3899 1567 3976 religioni
1586 3902 1645 3958 et
1701 3901 1942 3961 larmini
2004 3900 2222 3970 favore,
2287 3901 2383 3958 cui
2444 3903 2687 3975 propter
2746 3900 2985 3976 insigne

360 3988 655 4047 Ecclesiae
688 3990 987 4065 peperit..
1012 3989 1281 4047 ‚Urbano
1302 3988 1643 4047 VIII.fami-
1700 3990 1945 4048 virtutis
1978 3990 2273 4065 specimen
2288 3989 2603 4047 admodum
2624 3991 2752 4047 erat
2783 4006 2986 4064 accep-

1700 4082 1819 4149 tae,
1854 4079 2264 4137 canonicatum
2300 4081 2649 4136 consecutus
2684 4096 2729 4135 S.
2760 4078 2985 4136 theolo-

1701 4168 1835 4244 giae
1866 4168 2151 4243 mysteria
2180 4166 2401 4225 ibidem
2419 4185 2632 4242 magno
2646 4168 2985 4241 juventutis

357 4302 625 4357 scientiae
661 4319 759 4356 seu
782 4302 891 4355 viri
909 4302 1157 4356 illustres
1177 4301 1460 4357 O.Serv.b
1489 4301 1546 4354 M
1581 4305 1643 4356 V.
1701 4274 1950 4315 accursu
2000 4255 2237 4330 publice
2276 4255 2717 4355 ,interpretqtus
2767 4259 2871 4313 est'
2935 4258 2985 4313 A

359 4390 414 4442 p,
443 4377 576 4435 145;
604 4344 869 4444 Adelung
896 4374 933 4438 1²
964 4379 1121 4433 2075·
1465 4344 1477 4357 '
1550 4343 1563 4357 ⁹
1701 4345 1979 4420 pluribus
2013 4344 2410 4402 cardinalibus
2431 4347 2724 4419 expetitus
2745 4344 2985 4401 Maffaeo

435 4450 474 4514 ²)
504 4445 583 4498 De
608 4445 716 4498 hoc
743 4445 937 4500 eodem
982 4444 1266 4513 mysterio,
1301 4443 1452 4497 sicut
1494 4445 1552 4497 et
1580 4443 1645 4497 de
1701 4433 2021 4492 Barberino
2040 4433 2099 4491 id
2112 4433 2395 4509 temporis
2408 4432 2985 4508 Bononiaelegatose

358 4514 744 4569 incarnatione
785 4518 842 4569 et
882 4516 948 4569 cle
975 4516 1192 4585 angelis
1227 4516 1506 4569 tractatus
1533 4513 1644 4567 edi·

357 4586 447 4639 dit
506 4586 754 4641 Joannes
816 4588 863 4641 G
882 4587 994 4641 uis
1011 4604 1035 4639 s
1051 4604 1084 4640 a
1102 4605 1139 4640 n
1156 4605 1194 4640 u
1213 4604 1236 4640 s
1300 4585 1361 4640 O.
1409 4585 1644 4639 Carmel.

357 4660 407 4729 (t
436 4662 595 4727 1631)
640 4661 782 4712 teste
808 4659 965 4714 Alex.
994 4676 1027 4712 a
1054 4676 1093 4712 s.
1121 4658 1152 4711 J
1159 4675 1338 4712 oanne
1379 4658 1446 4712 de
1476 4656 1645 4711 Cruce
1777 4662 1817 4727 ¹)
1846 4656 1926 4709 Cf.
1955 4656 2169 4726 Proleg.
2211 4657 2283 4709 ad
2323 4673 2527 4710 novam
2562 4656 2645 4709 ed.
2690 4671 2917 4723 operum
2944 4675 2987 4710 s,

356 4729 418 4782 in
457 4729 771 4784 continuat.
817 4730 948 4784 hist.
989 4730 1177 4784 eccles.
1222 4730 1435 4785 Fleurii
1477 4728 1514 4780 l.
1544 4731 1646 4785 198
1703 4726 2150 4788 Bonaventurae.
2182 4728 2269 4780 Ad
2297 4728 2486 4781 Clarae
2513 4729 2703 4796 Aquas
2731 4725 2985 4796 (Quamc-

357 4808 385 4866 5
411 4804 498 4857 37.
528 4818 582 4855 n.
611 4806 696 4857 10.
1701 4798 1812 4863 chi)
1841 4802 1979 4856 1882
2005 4801 2045 4854 t.
2076 4800 2113 4852 Ι.
2141 4816 2271 4869 pag.
2300 4799 2486 4852 LXXI.

436 4236 474 4301 ¹)
512 4230 594 4285 Cf.
647 4230 878 4302 Merkel,
940 4231 1234 4300 Speculum
1298 4216 1526 4283 virtutis
1589 4232 1646 4283 et
