3625 5193
390 263 520 315 617
1190 246 1403 314 Vetter,
1431 247 1734 303 Lummius.
1764 248 2218 304 Conciouatores.
2884 268 2958 319 61
2974 266 3008 318 8

402 432 471 489 de
520 431 830 489 Camerino
882 431 945 491 Ο.
999 451 1112 492 sor.
1163 452 1341 510 paup.
1392 453 1434 493 s.
1486 428 1718 500 clarae!
1762 444 1958 504 15673
2014 444 2173 498 1595
2222 435 2285 492 in
2335 444 2406 504 43
2452 435 2718 494 venetiis
2756 445 2919 498 1569
2955 437 3020 495 in

394 517 464 600 (†
537 528 657 582 152
672 515 752 600 7),
821 540 855 578 a
914 521 1151 597 Scupoli
1224 519 1681 605 emendatum1).
1745 535 1779 586 4
1818 528 1928 582 etc.

404 608 706 667 Immerito
728 611 928 667 autem
948 610 1181 687 insigne
1201 612 1309 670 hoc
1329 613 1684 688 opusculum

398 696 701 755 tributum
718 697 838 755 fuit
859 698 1019 758 Hier.
1043 699 1246 758 comiti
1280 700 1352 758 de
1385 702 1431 759 P
1450 720 1482 760 o
1501 701 1681 766 reia,
1761 777 1763 782 y
1835 710 1982 763 270.
2015 701 2259 760 Praeter
2289 704 2381 762 tot
2412 704 2849 773 concionatores,
2868 721 3017 777 quo-

396 786 504 861 qui
535 787 653 844 fuit
682 790 917 845 tantum
951 789 1179 864 primus
1208 789 1417 860 editor,
1453 790 1545 849 vel
1577 790 1617 848 J
1619 809 1683 847 o-
1740 809 1872 848 rum
1899 791 2022 865 jam
2045 791 2439 860 meminimus,
2457 791 2687 851 occurit
2705 790 2897 848 adhuc
2926 792 3019 849 in-

401 876 543 934 anni
575 875 649 933 de
682 875 1104 948 Castaniza,
1140 878 1210 936 de
1236 898 1354 952 quo
1402 879 1470 937 cf.
1505 897 1684 956 supra
1740 879 1927 955 signis
1961 881 2335 938 concionator
2365 880 2619 939 Didacus
2650 880 2721 937 de
2741 879 2915 938 laVe
2928 900 3019 957 ga

398 984 454 1040 p.
492 974 615 1027 447
653 983 716 1034 ὃς
749 966 847 1023 vel
876 967 1096 1024 Achilli
1128 967 1507 1044 Gagliardi
1540 968 1593 1025 S.
1626 968 1681 1026 J.
1741 967 1804 1027 Ο.
1823 968 1965 1026 Min.
1981 968 2303 1028 Toletanus
2323 964 2665 1049 (fl.ineunte
2682 987 2788 1027 sec.
2807 964 3015 1048 XVII),

400 1049 469 1134 (†
508 1049 724 1132 1607),
759 1054 869 1112 sub
903 1055 1072 1130 cujus
1103 1057 1339 1115 nomine
1365 1056 1512 1115 salso
1545 1075 1681 1131 pro·
1740 1058 1912 1130 cujus
1945 1057 2235 1131 plurimas
2277 1058 2585 1117 conciones
2616 1058 2839 1133 partim
2871 1057 3016 1115 lati-

407 1141 522 1199 diit
560 1142 704 1200 Coni
745 1151 927 1206 1668.
960 1177 1048 1186 —
1081 1145 1369 1222 Georgius
1416 1145 1685 1203 Vetter
1740 1164 1864 1216 naa,
1892 1146 2105 1220 partim
2127 1147 2403 1223 hispanus
2422 1150 2730 1205 recensent
2748 1146 2876 1209 Nic.
2896 1147 3018 1205 An-

399 1230 467 1289 Ο.
486 1230 1089 1304 Praed.Trevirensis,
1111 1252 1154 1292 s.
1172 1234 1528 1310 Theologiae
1547 1234 1681 1293 doc·
1741 1236 1943 1294 tonius
1993 1235 2144 1292 Bibl.
2178 1237 2250 1295 Η.
2292 1257 2348 1294 n.
2393 1249 2441 1306 1,
2493 1244 2650 1304 32ος
2697 1235 2954 1294 «Ioannes
2986 1256 3022 1294 a

401 1323 500 1376 tor
518 1320 898 1378 concinnavit
917 1324 1268 1397 opusculum
1291 1323 1681 1398 inscriptum:
1741 1342 1784 1382 s.
1818 1326 1957 1382 Ant.
1991 1323 2036 1394 Ι,
2075 1334 2218 1387 308.
2251 1325 2461 1383 Plures
2495 1325 2557 1382 in
2595 1325 2848 1382 latinum
2883 1342 3020 1383 con-

403 1408 659 1467 Libellus
687 1410 932 1482 supplex
962 1411 1207 1470 Davidis
1250 1413 1336 1470 rei
1381 1412 1684 1470 humiliter
1738 1430 1940 1471 versas
1973 1411 2166 1471 edidit
2196 1414 2486 1472 Henricus
2534 1414 2579 1470 P
2600 1413 2737 1472 alu
2756 1413 2793 1470 d
2816 1432 2851 1471 a
2869 1431 2910 1471 n
2930 1433 2971 1471 u
2993 1432 3020 1472 s

395 1497 687 1555 delictum
729 1499 1103 1574 agnoscentis
1154 1501 1399 1575 ejusque
1450 1501 1683 1560 veniam
1738 1496 1882 1584 (van
1913 1501 2026 1559 den
2060 1502 2217 1571 Poel,
2242 1522 2353 1561 van
2374 1501 2446 1560 de
2464 1501 2712 1577 Broeck)
2732 1501 3018 1561 Leodien·

402 1606 433 1643 a
481 1586 600 1644 Deo
652 1586 1022 1663 deprecantis
1079 1588 1203 1647 sive
1262 1590 1557 1649 enarratio
1620 1591 1683 1647 in
1742 1591 1823 1648 sis
1860 1590 1923 1648 O.
1956 1590 2096 1649 Min.
2130 1591 2403 1650 Coloniae
2443 1602 2608 1654 1610
2643 1594 2688 1649 t.
2725 1599 2791 1658 23
2833 1600 3019 1653 1612.

407 1675 500 1735 Ps.
538 1684 593 1735 4.
629 1675 833 1746 David,
869 1677 934 1734 in
967 1696 1084 1752 quo
1114 1678 1235 1736 fere
1256 1679 1510 1756 singula,
1533 1697 1682 1753 quae
1747 1712 1819 1721 —
1859 1678 2075 1737 Eodem
2111 1680 2231 1737 fere
2262 1684 2531 1754 tempore
2573 1680 2778 1739 floruit
2810 1680 3021 1738 Petrus

399 1763 471 1821 ad
490 1783 691 1822 veram
707 1767 1030 1839 peccatoris
1054 1768 1493 1826 conversionem
1516 1786 1682 1843 spec·
1739 1767 1810 1826 de
1844 1767 2044 1844 Vega
2075 1764 2308 1850 (Veiga)
2342 1770 2406 1828 Ο.
2440 1769 2493 1831 S.
2526 1771 2678 1845 Aug.
2701 1769 3021 1826 conimbri-

400 1855 531 1910 tant
550 1853 945 1924 elucidantur,
975 1856 1541 1932 Moguntiae16183
1576 1856 1681 1914 Di·
1740 1857 1951 1929 censis,
2002 1858 2107 1931 qui
2159 1858 2555 1932 prolixissime
2615 1856 2899 1915 disseruit
2956 1858 3021 1916 in

401 1944 664 1999 vinorum
727 1944 1135 2020 colloquiorum
1186 1946 1244 2003 ll.
1299 1945 1402 2003 IV
1442 1949 1680 2003 auctore
1739 1945 1997 2020 psalmos
2029 1946 2483 2020 poenitentiales
2515 1947 2580 2004 in
2611 1965 2703 2022 op.
2737 1946 3018 2005 Declara-

401 2031 702 2088 Benoni
754 2031 826 2090 de
877 2033 1095 2091 Rachel
1144 2034 1567 2093 introducente
1618 2034 1682 2096 G.
1739 2036 1867 2091 cion
1916 2035 1983 2091 de
2042 2035 2127 2092 los
2175 2037 2311 2093 ciete
2356 2036 2583 2092 Salmos
2613 2036 3021 2093 Penitenciales

401 2118 624 2189 Vetter,
646 2119 919 2180 Coloniae
949 2131 1133 2184 1608.
1169 2123 1344 2181 Hisce
1366 2122 1681 2196 colloquiis
1740 2143 1837 2198 pp.
1876 2131 1929 2186 3.
1965 2123 2186 2196 quibus
2220 2127 2281 2181 et
2316 2133 2374 2183 4.
2405 2122 2648 2192 addidit,
2690 2124 2753 2180 in
2786 2141 2901 2196 qua
2934 2142 3016 2194 ea,

401 2208 817 2267 continentur:
899 2210 1172 2269 Manuale
1233 2230 1498 2270 rosarum
1568 2219 1680 2278 524
1739 2229 1891 2286 quae
1924 2211 1984 2268 in
2022 2212 2216 2270 tribus
2250 2212 2460 2286 primis
2494 2211 3016 2287 continentur‚ap-

401 2296 739 2355 Passionale
805 2299 1098 2358 violarum
1165 2310 1277 2370 523
1356 2300 1679 2359 Confessio·
1739 2300 1924 2375 plicat
1947 2300 2294 2376 ›Evangeliis
2327 2300 2615 2373 festisque
2645 2318 2750 2374 per
2773 2318 3012 2369 annum,

402 2386 533 2443 nale
580 2386 797 2444 florum
832 2397 945 2457 253
998 2388 1239 2447 Mariale
1279 2389 1543 2447 liliorum
1582 2397 1680 2450 10.
1742 2388 2040 2462 compluti
2080 2399 2280 2460 15993
2314 2387 2543 2446 Matriti
2575 2396 2778 2458 -16023
2813 2388 3019 2446 Caesa-

402 2474 672 2533 Bennoni
740 2475 811 2533 de
881 2477 1095 2535 Rachel
1174 2477 1410 2536 videtur
1500 2477 1684 2535 fuisse
1739 2480 2063 2553 raugustae
2090 2488 2273 2540 1606.
2295 2477 2366 2534 In
2383 2495 2870 2551 unumquemque
2887 2496 3017 2535 ver-

398 2562 666 2622 Judaeus
700 2563 773 2622 ad
805 2565 979 2624 fidem
1025 2583 1358 2637 conversus,
1399 2567 1503 2641 qui
1535 2584 1683 2643 opus
1740 2584 1869 2626 sum
1905 2566 2083 2625 habet
2126 2569 2419 2645 tractatus
2466 2566 2730 2642 quinque
2770 2567 2866 2624 vel
2898 2584 3017 2637 sex,

399 2670 577 2710 suum
630 2654 911 2730 Philippo
956 2654 1030 2711 ΙΙ.
1076 2655 1312 2718 dicavit.
1362 2690 1448 2699 —
1498 2656 1538 2714 J
1541 2674 1682 2713 oau-
1739 2656 2098 2731 quandoque
2164 2658 2406 2732 septem.
2455 2690 2543 2699 --
2590 2656 2736 2731 Ejus
2797 2655 3018 2713 sodalis

395 2760 504 2800 nes
534 2742 866 2801 Fridericus
907 2745 1295 2803 Lummius
1332 2740 1474 2823 (van
1508 2746 1683 2802 Lum-
1740 2744 3021 2820 ChristophomsFonsecaToletanuserat

400 2825 581 2912 men),
635 2832 794 2905 quod
846 2836 940 2890 est
988 2831 1273 2908 oppidum
1319 2833 1577 2909 patrium
1621 2834 1680 2891 in
1740 2834 1968 2909 pariter
2013 2834 2262 2909 insignis
2311 2834 2686 2892 concionator
2723 2836 2784 2891 et
2827 2839 3022 2892 rector

401 2919 633 2977 ditione
666 2920 1025 2997 limburgica
1044 2921 1271 2980 Nicolai
1288 2922 1486 2980 Eschii
1516 2939 1684 2997 prae·
1741 2922 2076 2996 provinciae
2109 2923 2397 2981 Castellae
2431 2918 2490 3004 (†
2525 2931 2624 2983 27.
2646 2923 2781 2981 Dec.
2803 2917 3020 3004 1612).

398 3009 653 3083 ceptoris
687 3009 895 3085 optimi
928 3009 1146 3085 dignus
1179 3010 1530 3086 discipulus,
1577 3030 1683 3085 pa·
1741 3010 1985 3068 Praeter
2016 3011 2161 3069 alias
2194 3013 2505 3070 conciones
2535 3012 2781 3085 reliquit
2824 3011 3021 3087 hispa-

399 3097 616 3155 rochus
693 3099 1140 3173 antwerpiensis
1218 3094 1300 3180 (n.
1386 3108 1585 3167 1533;
1650 3096 1685 3164 †
1741 3100 1873 3158 nice
1918 3099 2107 3157 Vitam
2147 3100 2362 3158 Christi
2380 3121 2475 3176 pp.
2502 3110 2556 3169 3,
2593 3100 2654 3157 in
2694 3120 2941 3175 quarum
2969 3111 3020 3161 1.

400 3193 503 3246 27.
537 3187 688 3261 Aug.
729 3182 944 3268 1602),
994 3188 1164 3262 cujus
1213 3190 1355 3246 sunt
1399 3188 1687 3263 opuscula
1742 3206 1874 3247 eam
1907 3189 2035 3246 fuse
2085 3192 2290 3248 narrat
2325 3189 2516 3247 Toleti
2558 3198 2750 3258 15913
2798 3189 3024 3247 Matriti

401 3274 609 3350 lingua
639 3276 839 3349 patria
869 3273 1276 3356 conscripta2),
1319 3280 1378 3334 et
1435 3277 1685 3335 Thesau·
1751 3288 1906 3341 1601
1932 3298 1945 3347 ;
1977 3279 2040 3335 in
2060 3287 2115 3338 2.
2135 3279 2261 3354 agit
2278 3279 2349 3336 de
2366 3277 2579 3335 Christi
2602 3277 2925 3346 miraculis,
2942 3277 3020 3335 ib.

403 3364 827 3422 ruschristiani
846 3365 1110 3441 hominis,
1135 3366 1497 3441 Antverpiae
1518 3373 1682 3428 1588
1749 3377 1951 3434 1603;
1986 3367 2072 3424 ita
2102 3371 2163 3424 et
2196 3368 2259 3424 in
2296 3376 2352 3427 3·
2381 3366 2459 3423 ib·
2488 3373 2689 3437 1603?
2732 3374 3022 3428 1605·-

400 3455 444 3508 t.
509 3462 543 3514 6
608 3452 670 3509 in
734 3462 803 3523 83
875 3455 941 3511 de
1010 3461 1257 3512 extremo
1325 3456 1417 3512 die
1467 3451 1689 3531 judicii
1743 3456 1958 3513 Petrus
2005 3454 2076 3513 de
2122 3455 2571 3513 Valderram
2592 3475 2625 3513 a
2670 3454 2733 3512 Ο.
2782 3454 2834 3511 S.
2867 3455 3020 3530 Aug.

400 3542 464 3597 et
516 3540 874 3615 judaeorum
938 3542 1261 3613 vocatione,
1326 3543 1687 3618 Antverpiae
1743 3543 2108 3619 Hispalensis
2141 3543 2358 3601 dicitur
2385 3544 2457 3600 ab
2478 3543 2615 3604 Ant.
2633 3542 2848 3600 Miraeo
2884 3560 3021 3600 con·

1744 3632 2115 3691 cionatorum
2162 3650 2267 3689 suo
2315 3631 2511 3689 seculo
2557 3631 2856 3706 princeps:
2898 3633 3023 3688 erat

476 3753 512 3809 ¹)
542 3747 623 3801 Cf.
673 3746 1021 3800 Savonarola
1062 3746 1124 3799 in
1169 3746 1300 3800 diss,
1345 3747 1474 3801 hist.
1503 3748 1689 3816 apolo-
1744 3720 2097 3778 eniminfflo
2116 3723 2351 3797 Praeter
2365 3719 2657 3794 inflignem
2679 3720 2797 3778 oris
2817 3719 3021 3778 facun‘

397 3818 730 3888 getico·crit.
758 3818 825 3872 de
853 3835 1025 3872 aureo
1063 3818 1100 3872 l.
1139 3817 1229 3871 cui
1258 3818 1489 3872 titulus:
1533 3820 1690 3872 Com·
1745 3808 3021 3885 diam,excellensingeniumsingularisdein-

398 3890 737 3943 battimento
788 3889 1082 3960 spirituale
1150 3890 1367 3942 adnexa
1417 3906 1551 3943 suae
1603 3889 1687 3950 ed.
1746 3899 1817 3956 de
1837 3897 2159 3973 prudentia
2174 3900 2366 3956 multo
2384 3916 2580 3956 rerum
2599 3917 2716 3955 usu
2730 3897 3022 3956 constitu·

399 3960 708 4093 ggggjffiffi,
717 3965 896 4089 ἒζὲὶ
904 3960 1530 4090 Βὲξῗξέἐρὲᾖδὲἓξζοὲ
1543 4001 1689 4085 0313·
1747 3990 1825 4057 ta,
1843 4006 1995 4062 quae
2007 3987 2200 4045 omnia
2212 3987 2401 4045 adhuc
2414 3988 2645 4062 spirant
2654 4004 2804 4060 quos
2818 4005 3025 4045 verna-

401 4102 561 4156 Stud,
593 4120 650 4156 u·
676 4101 871 4156 Mitth·
897 4102 1056 4155 XVII
1083 4106 1260 4170 Κ1896)
1288 4107 1556 4159 444-62·
1747 4077 1880 4134 cula
1901 4076 2107 4152 lingua
2127 4076 2471 4151 conscripsit
2490 4080 2680 4134 tomos
2701 4075 2850 4134 duos
2875 4075 3021 4133 Con·

475 4177 514 4241 2)
545 4174 630 4227 υἱ.
658 4172 845 4243 Biogr.
874 4175 990 4227 nat.
1019 4174 1086 4226 de
1114 4173 1267 4243 Belg.
1295 4173 1413 4239 X11,
1442 4179 1562 4230 572.
1751 4167 1976 4222 cinnum
1993 4165 2055 4222 in
2072 4164 2222 4222 festa
2243 4165 2431 4222 totius
2451 4165 2710 4223 anniete.
2728 4161 2787 4245 (†
2809 4174 2922 4226 161
2944 4157 3024 4244 1).
