3625 5193
524 165 647 217 923
1021 150 1392 203 1641—1663.
1417 146 1612 200 Theol.
1638 145 1807 199 schol.
1834 146 1896 198 in
1924 145 2083 215 Hisp.
2110 146 2403 211 Meriner0‚
2432 145 2667 209 Lezana,
3017 162 3148 215 924

531 342 692 394 1662
729 333 792 390 in
827 342 898 402 43
940 334 1009 389 de
1039 332 1398 402 beatitudine,
1446 332 1666 390 actibus
1695 333 1801 388 hu·
1859 329 2009 410 bun)
2043 332 2310 407 inscripti
2366 332 2663 407 Theoloqia
2709 330 3039 389 abbreviata
3060 375 3072 386 .
3095 375 3108 385 .
3133 374 3148 385 .

522 424 727 492 manis,
753 421 1014 478 bonitate
1035 425 1095 478 et
1110 422 1353 490 malitia,
1373 421 1674 480 habitibus
1697 420 1804 478 vir·
1859 438 1928 478 ex
1969 421 2252 479 diversis.
2277 469 2289 484 .
2312 466 2324 477 .
2348 419 2795 495 sapientissimis
2841 419 3152 496 magistris

521 511 756 569 tutibus
790 513 851 567 et
871 510 1142 584 peccatis,
1177 510 1402 568 Matriti
1437 518 1599 572 1632
1634 509 1698 567 in
1733 519 1802 577 43
1859 528 1965 585 per
1996 510 2055 566 F.
2090 511 2162 568 M.
2199 510 2549 586 Dionysium
2589 510 2864 568 Blasco
2888 552 2903 567 .
2924 558 2938 572 .
2960 554 2973 567 .
2994 527 3149 567 com-

521 602 588 657 de
617 600 745 672 fide,
767 618 867 673 spe
887 606 937 657 et
955 601 1214 668 caritate,
1250 599 1328 656 ib.
1361 608 1521 660 1632
1545 599 1610 656 in
1634 608 1703 666 43
1736 598 1806 654 de
1858 598 2043 675 pilata
2119 603 2181 657 et
2240 603 2571 674 resumpta,
2650 598 3147 674 Caesaraugustae

510 684 746 765 justitia
767 695 818 746 et
837 689 996 763 jure,
1032 688 1109 745 ib.
1142 697 1299 750 1637
1337 688 1401 745 in
1425 697 1488 754 4;
1522 687 1591 744 de
1609 689 1802 745 incar·
1869 696 1941 747 16
1956 698 1984 747 7
1999 700 2051 748 0.
2085 721 2173 730 -
2204 687 2487 762 Ejusdem
2508 687 2735 745 ordinis
2754 686 2872 745 fuit
2885 688 2924 745 J
2927 703 3146 746 oannes

521 780 754 836 natione
803 777 983 852 Verbi,
1019 776 1317 853 compluti
1348 785 1510 839 1628
1544 778 1608 834 in
1643 786 1705 844 83
1739 776 1807 833 de
1862 776 2131 852 Baptista
2160 777 2199 834 d
2215 796 2246 834 e
2267 777 2311 834 1,
2325 795 2357 834 e
2372 797 2400 833 z
2416 796 2449 834 a
2464 796 2505 833 n
2519 797 2552 833 a
2569 776 2943 845 MatritensiS,
2966 795 3147 850 quem

522 868 907 925 sacramentis
956 867 1018 923 in
1062 884 1264 942 qenere
1312 873 1362 922 et
1400 867 1464 922 in
1511 867 1691 940 speeie
1734 864 1806 922 de
1861 867 2135 939 aequales
2180 867 2396 941 passim
2428 865 2656 941 magnis
2704 864 3007 924 celebrant
3039 883 3153 923 en-

524 956 839 1030 baptisnm,
874 954 1331 1025 confirmatione,
1365 954 1729 1031 poenitentia
1748 959 1809 1012 et
1862 951 2142 1034 comiis1).
2177 955 2369 1012 Natus
2400 958 2491 1012 est
2524 963 2624 1016 23.
2648 955 2798 1012 Nov.
2830 963 3016 1021 1586,
3052 972 3149 1012 or-

525 1049 787 1103 extrema
832 1043 1131 1112 unctione,
1179 1043 1257 1101 ib.
1311 1051 1475 1105 1628
1525 1043 1589 1101 in
1624 1053 1694 1111 83
1741 1043 1810 1100 de
1863 1044 2063 1102 dinem
2114 1043 2557 1102 carmelitarum
2616 1043 2925 1119 ingressus
2982 1052 3141 1105 1601

525 1135 892 1208 eucharistia,
928 1133 1211 1204 saera’ficio
1251 1134 1460 1190 missae
1506 1140 1556 1190 et
1586 1134 1804 1206 ordine,

524 1223 605 1283 ib.
645 1232 809 1284 1620
859 1223 923 1279 in
959 1232 1027 1291 83
1073 1222 1142 1278 de
1172 1223 1542 1280 matrimonio
1588 1229 1638 1278 et
1680 1239 1806 1278 cen·

525 1313 704 1384 suris,
728 1311 804 1367 ib.
837 1319 1035 1381 16273
1069 1310 1346 1386 Lugduni
1376 1320 1557 1372 1629.
1592 1309 1810 1384 Dispu-

527 1400 784 1457 tationes
817 1401 887 1457 de
916 1400 1298 1457 sacramentis
1318 1405 1368 1456 et
1398 1400 1658 1457 censuris
1675 1416 1811 1474 pro-

530 1489 772 1546 dierunt
803 1488 1020 1545 iterum
1044 1488 1225 1545 simul
1243 1488 1616 1563 Antwerpiae
1646 1496 1808 1549 1633

528 1578 593 1634 in
625 1576 662 1633 f.
695 1609 783 1618 ——
814 1576 1256 1634 Ludovicus
1297 1577 1713 1650 caspensis
1747 1576 1811 1633 O.

529 1667 661 1740 Cap.
698 1662 757 1744 (†
797 1661 987 1744 1647)
1039 1665 1340 1741 integrum
1383 1665 1631 1740 reliquit
1679 1684 1812 1722 eur-

528 1773 658 1812 sum
688 1755 1048 1831 theologicum
1081 1755 1566 1828 complectentem
1592 1753 1811 1829 praeci-

531 1862 679 1917 puas
723 1844 1027 1910 materias,
1080 1861 1231 1917 quae
1281 1843 1344 1900 in
1395 1844 1608 1902 scholis
1659 1841 1814 1901 tradi

532 1932 746 1999 solent,
795 1932 1121 1990 secundum
1155 1931 1420 1990 ordinem
1453 1933 1507 1990 d.
1541 1932 1811 1998 Thomas,

530 2020 807 2097 Lugduni
846 2029 1032 2083 1642.
1072 2031 1238 2083 1643
1273 2041 1327 2079 v.
1364 2031 1398 2084 2
1431 2022 1494 2079 in
1525 2022 1592 2084 f.;
1627 2020 1812 2079 Vene-

530 2111 631 2168 tiis
673 2120 836 2172 1666
887 2110 1067 2168 editio
1114 2110 1485 2185 locupletior,
1520 2110 1622 2168 sed
1668 2129 1815 2167 rara.

533 2198 788 2273 Scripsit
838 2216 1076 2274 quoque
1124 2201 1449 2276 apoloyiam
1499 2200 1559 2256 in
1607 2197 1814 2256 defen·

532 2289 750 2346 sionem
781 2287 1083 2347 annalium
1103 2287 1270 2346 Zach.
1304 2288 1558 2346 Boverii.
1592 2289 1818 2345 Auctor

532 2380 622 2434 est
652 2377 714 2434 in
746 2376 1046 2452 theologia
1078 2377 1286 2435 morali
1318 2378 1538 2453 gravis.
1570 2409 1657 2419 -—
1689 2374 1816 2433 Ali-

531 2485 636 2523 um
695 2465 1099 2540 theologicum
1176 2483 1416 2523 cursum
1491 2465 1816 2522 secundum

531 2557 791 2613 mentem
838 2554 1093 2612 doctoris
1142 2554 1383 2612 subtilis
1429 2554 1666 2629 incepit,
1715 2553 1815 2611 sed

533 2662 652 2701 non
684 2643 936 2700 absolvit
966 2642 1226 2700 Joannes
1261 2642 1643 2701 Merinero
1677 2642 1739 2700 Ο.
1763 2642 1815 2699 S.

535 2733 756 2799 Franc,
805 2730 1184 2800 MatritensiS,
1233 2750 1338 2806 per
1370 2750 1552 2790 annos
1598 2732 1818 2789 multos

534 2819 868 2895 theologiae
918 2819 1229 2894 professor,
1280 2820 1419 2879 dein
1474 2820 1818 2896 designatus

534 2908 850 2983 episcopus
884 2908 1262 2978 civitatensis,
1306 2909 1544 2968 demum
1576 2909 1815 2968 valliso-

535 2998 769 3056 letanus
787 2993 1030 3077 (1663),
1054 2997 1148 3056 vir
1166 3003 1534 3067 mansuetuS,
1556 2999 1818 3074 prudens

533 3090 595 3145 et
626 3086 781 3162 pius,
829 3106 863 3144 a
894 3087 1196 3162 plerisque
1245 3088 1559 3163 episcopus
1609 3105 1817 3156 ,sanc-

532 3180 677 3234 tus‘
711 3177 1062 3252 appellatus.
1098 3177 1525 3252 complectitur
1553 3176 1657 3234 ille
1683 3194 1816 3234 cur-

534 3282 636 3323 sus
667 3268 965 3324 tractatus
1013 3267 1083 3323 de
1112 3263 1348 3324 scientia
1381 3266 1490 3324 Dei
1521 3273 1572 3322 et
1620 3266 1816 3323 volun·

531 3361 663 3428 tate,
709 3356 777 3412 de
813 3356 1342 3430 praedestinatione
1388 3361 1437 3412 et
1494 3354 1776 3411 Trinitate
1790 3374 1819 3426 ,-

531 3444 599 3500 de
617 3444 982 3514 beatitudine,
1018 3446 1087 3501 de
1105 3445 1326 3502 actibus
1345 3445 1634 3519 humanis,
1659 3444 1817 3501 boni-

531 3539 644 3589 tate
663 3540 712 3590 et
742 3535 967 3591 malitia
989 3534 1199 3590 morali
1219 3540 1562 3610 peccatoque
1580 3533 1814 3607 actuali,

531 3622 754 3679 Matriti
787 3632 949 3684 1668
975 3641 1029 3678 v.
1050 3631 1083 3680 2
1108 3621 1227 3683 inf.
1262 3623 1618 3680 Exaraverat
1637 3621 1819 3679 etiam

530 3728 765 3767 cursum
789 3711 1188 3781 philosophiae
1201 3712 1371 3783 juxta
1391 3710 1649 3768 doctoris
1672 3711 1816 3768 sub·

531 3796 657 3853 tilis
680 3801 956 3863 mentem,
985 3798 1208 3854 Matriti
1239 3808 1400 3860 1659
1423 3802 1464 3855 t.
1493 3809 1546 3867 5,
1581 3812 1642 3856 et
1661 3801 1816 3855 trac-

533 3888 726 3941 tatum
773 3886 840 3942 de
888 3888 1238 3959 conceptione
1287 3888 1585 3962 Deiparae
1631 3887 1691 3945 V.
1738 3886 1816 3950 Μ.

534 3991 639 4029 seu
672 3972 743 4030 de
775 3973 952 4047 hujus
974 3974 1208 4033 articuli
1231 3975 1650 4034 definibilitate
1670 3972 1815 4057 (his-

532 4058 786 4141 panice),
824 4062 1150 4121 vallisoleti
1196 4075 1353 4128 1652
1401 4066 1461 4123 in
1499 4076 1553 4126 4.
1587 4097 1672 4106 —
1708 4065 1817 4123 Mi-

534 4150 694 4208 chael
726 4151 950 4227 Ripol
985 4153 1056 4212 de
1092 4154 1332 4213 Atienza
1366 4154 1428 4211 O.
1462 4155 1645 4213 carm.
1679 4155 1817 4212 Cae·

529 4248 1000 4317 saraugustanus
1019 4286 1031 4312 ,

1865 1132 2057 1191 Toleti
2105 1132 2530 1208 philosophiae,
2594 1132 2932 1208 theologiae
2981 1132 3146 1190 com-

1866 1222 2024 1295 pluti
2058 1221 2169 1279 sub
2219 1221 2563 1280 doctissimo
2595 1221 2892 1279 Ludovico
2926 1221 3149 1279 Monte·

1866 1310 1995 1368 sino
2029 1305 2126 1390 (cf.
2162 1331 2216 1385 p.
2241 1307 2394 1391 666)
2430 1309 2675 1372 vacavit.
2711 1310 2952 1368 Romam
2983 1310 3150 1368 venit

1866 1399 1939 1456 ad
1971 1400 2209 1457 comitia
2226 1399 2524 1475 generalia
2544 1399 2639 1457 sui
2659 1398 2882 1457 ordinis
2901 1394 2960 1478 (1
2975 1407 3052 1461 62
3065 1395 3149 1478 5),

1867 1507 1973 1546 nec
2034 1488 2174 1546 inde
2223 1506 2485 1562 unquam
2547 1488 2800 1564 amplius
2863 1486 3153 1548 discessit.

1869 1577 2236 1635 Praefectum
2300 1577 2634 1635 studiorum
2696 1579 2758 1634 et
2820 1576 3151 1653 theologiae

1868 1670 2304 1741 praeceptorem
2350 1666 2475 1743 egit
2518 1666 2582 1723 in
2627 1665 2907 1724 coenobio
2941 1666 2996 1723 S.
3030 1665 3150 1722 Ma-

1867 1755 1989 1813 riae
2008 1754 2475 1829 transpontinae,
2511 1755 2733 1813 socium
2766 1753 3031 1828 quinque
3049 1756 3156 1813 aut

1868 1863 1965 1902 sex
2018 1843 2426 1901 ministrorum
2480 1843 2707 1901 ordinis
2770 1843 3153 1920 generalium,

1869 1932 2352 2007 ascendissetque
2368 1932 2441 1990 ad
2459 1950 2792 2008 supremam
2809 1931 2974 1989 illius
2988 1950 3155 2007 prae-

1870 2021 2157 2080 fecturam
2197 2022 2324 2095 jam
2373 2021 2446 2079 ab
2478 2041 2526 2078 a.
2570 2031 2755 2090 1645,
2814 2023 3053 2079 tantum
3105 2021 3157 2078 si

1869 2111 2096 2168 exorari
2121 2111 2431 2185 potuisset,
2453 2113 2526 2169 ut
2544 2129 2668 2168 rem
2691 2109 3156 2168 sollicitantibus

1870 2217 2176 2257 assensum
2238 2199 2672 2258 commodasset.
2737 2200 3047 2257 Praeterea
3092 2200 3156 2256 in

1870 2287 2175 2365 gymnasio
2226 2288 2560 2363 Sapientiae
2621 2290 2783 2347 totos
2842 2299 2917 2349 16
2970 2305 3156 2346 annos

1871 2376 2162 2435 docendae
2192 2377 2629 2453 metaphysicae
2676 2377 2833 2435 inter
2863 2380 2956 2435 tot
2987 2394 3156 2434 occu·

1872 2466 2137 2540 pationes
2199 2465 2503 2524 incubuit:
2569 2465 2870 2524 adhibitus
2920 2483 3157 2540 quoque

1871 2554 1991 2613 fuit
2041 2576 2075 2613 a
2126 2555 2371 2613 summis
2422 2554 2804 2632 pontificibus
2856 2555 3159 2614 consultor

1872 2644 2121 2702 diversis
2183 2644 2247 2702 in
2307 2644 2882 2721 congregationibus.
2962 2644 3159 2704 Vitam

1872 2734 2196 2808 piissimam
2242 2733 2498 2791 absolvit
2547 2743 2647 2797 2ο.
2692 2734 2858 2791 Mart.
2905 2743 3072 2796 1659
3108 2754 3157 2791 a.

1871 2822 2084 2880 aetatis
2123 2831 2219 2883 74.
2275 2822 2360 2879 Ex
2391 2822 2664 2897 plurimis
2711 2840 2865 2896 quae
2909 2822 3162 2896 reliquit

1872 2911 2150 2985 operibus
2182 2909 2494 2979 historicis,
2545 2911 2886 2980 moralibus,
2930 2911 3158 2969 schola-

1873 3000 2057 3068 sticiS,
2081 3000 2220 3057 haec
2238 3018 2381 3074 prae
2402 3000 2614 3059 ceteris
2636 3000 2938 3059 mentione
2959 2999 3160 3077 digna:

1874 3090 2117 3146 Summa
2166 3089 2468 3164 theoloyiae
2514 3107 2717 3147 sacrae
2764 3108 2833 3147 ex
2894 3089 3159 3163 angelico

1872 3177 2110 3235 doctore
2155 3182 2217 3234 et
2263 3177 2515 3236 aliorum
2560 3178 2811 3235 maxime
2857 3177 2921 3234 Ο.
2971 3178 3156 3236 carm.

1874 3266 2231 3341 scriptorum
2309 3266 2605 3333 doctrina,
2689 3266 2902 3325 Romae
2973 3275 3157 3329 1651.

1881 3364 2066 3417 1654.
2120 3363 2284 3417 1658
2319 3358 2362 3412 t.
2399 3364 2455 3425 3,
2507 3374 2760 3430 quorum
2806 3355 3034 3430 primus
3066 3374 3157 3413 re-

1873 3444 2125 3518 spondet
2164 3454 2212 3503 1.
2246 3463 2302 3517 p.
2351 3443 2621 3501 Summae
2654 3463 2698 3502 s.
2732 3444 3017 3514 Thomae3
3066 3462 3158 3502 se-

1872 3532 2101 3591 cundus
2144 3543 2192 3600 1,
2232 3540 2301 3601 23
2347 3534 2564 3590 tertius
2603 3543 2658 3603 2,
2696 3542 2751 3594 2.
2800 3528 2895 3613 (ex
2940 3529 3154 3611 parte),

1872 3639 2023 3694 opus
2049 3639 2281 3689 rarum;
2318 3621 2466 3679 liber
2486 3621 2890 3698 apologeticus
2915 3639 3033 3694 pro
3053 3624 3158 3679 im·

1872 3711 2161 3768 maculata
2211 3710 2505 3784 Deiparae
2554 3710 2608 3768 V.
2656 3711 2883 3768 Mariae
2927 3730 3158 3785 concep-

1872 3801 2035 3861 tione.
2083 3798 2188 3856 ubi
2235 3817 2352 3856 non
2399 3799 2573 3857 modo
2620 3800 2872 3858 caruisse
2919 3805 3159 3875 peccato

1873 3884 2168 3963 originali.
2218 3887 2320 3945 sed
2353 3905 2461 3946 nec
2505 3889 2568 3946 in
2603 3889 2825 3947 Adamo
2866 3906 3156 3963 peccasse,

1872 3995 1978 4034 nec
2055 3976 2222 4034 illius
2300 3976 2572 4035 debitum
2652 3977 2986 4052 proximum
3057 3978 3158 4034 ha-

1873 4065 2071 4124 buisse
2103 4065 2459 4135 defenditur,
2510 4066 2737 4125 Matriti
2784 4075 2941 4128 1616
2990 4065 3050 4124 in
3087 4074 3157 4133 4;

1874 4154 2119 4214 Summa
2151 4156 2539 4229 quaestionum
2570 4156 2926 4231 reqularium
2960 4173 3064 4213 seu
3087 4155 3158 4211 de

1119 4262 1257 4301 suae
1320 4243 1659 4318 provinciae
1721 4243 1816 4300 bis
1872 4244 2110 4302 casibus
2144 4243 2534 4302 conscientiae
2567 4245 2642 4302 ad
2666 4262 2946 4319 personas
2979 4262 3157 4320 regu-

533 4332 907 4405 praepositus
943 4329 1003 4411 (†
1033 4341 1193 4396 1648
1219 4353 1265 4388 a.
1294 4332 1503 4389 aetatis
1530 4328 1638 4413 84)
1672 4332 1818 4389 scri·
1872 4333 2023 4390 lares
2042 4332 2355 4406 utriusque
2374 4349 2546 4390 sexus
2563 4333 2974 4407 spectantibus
2988 4334 3161 4408 juxta

532 4418 652 4489 psit
685 4421 886 4493 plures
920 4424 1228 4487 tractatu&
1264 4439 1518 4494 quorum
1538 4421 1817 4478 nonnulli
1872 4439 2022 4479 nova
2053 4421 2286 4478 decreta
2322 4466 2333 4477 .
2370 4465 2380 4476 .
2420 4464 2433 4477 .
2472 4440 2544 4479 ss.
2594 4421 2944 4496 pontificum
2985 4427 3046 4479 et
3079 4440 3156 4481 ss,

532 4505 594 4561 in
629 4509 1038 4582 compendium
1071 4508 1296 4566 redacti
1316 4508 1669 4583 prodierunt
1698 4529 1819 4566 una
1860 4528 1863 4529 ⁷

533 4612 668 4650 cum
718 4598 1072 4655 tractatibus
1124 4597 1418 4655 sodalium
1469 4593 1646 4677 (Aug.
1695 4599 1817 4655 Pa·

1953 4633 1987 4691 ¹)
2015 4625 2097 4680 Cf.
2140 4624 2281 4680 Bibl.
2324 4624 2467 4695 hisp.
2509 4645 2563 4682 n.
2602 4628 2641 4695 Ι,
2682 4632 2816 4689 650:
2865 4625 3091 4680 villiers
3117 4626 3157 4690 l,

542 4681 745 4739 lacio
791 4687 854 4741 et
898 4685 1134 4743 Martini
1180 4685 1532 4744 Ximenez
1576 4686 1648 4744 de
1681 4686 1817 4743 Em·
1875 4701 2103 4751 772—9.
