3625 5193
389 255 418 309 5
428 255 505 310 39
897 237 1083 293 Theol.
1112 239 1356 294 moralis.
1385 237 1466 292 De
1491 239 1548 293 la
1574 239 1758 303 Torre,
1787 239 1963 307 Salas,
1990 241 2174 306 Salon,
2203 242 2349 296 Azor
2375 244 2480 296 etc.
2876 262 2999 316 590

383 441 446 482 ac
473 424 678 499 potius
710 424 774 483 in
806 425 935 500 ejus
957 424 1346 484 fundamenta
1378 425 1662 500 inquisie-
1717 427 1993 485 humanis
2043 427 2388 502 explicatur.
2452 428 2796 486 Extremum
2847 428 3005 488 diem

382 517 540 584 runt,
575 531 855 588 suplema
886 513 1177 589 principia
1219 518 1399 589 atque
1430 532 1665 573 normas
1719 515 1870 574 vidit
1891 516 2195 574 Valentiae
2223 526 2387 578 1620
2412 536 2460 577 a.
2482 517 2693 575 aetatis
2717 526 2815 580 82.
2849 518 2918 575 In
2940 538 3003 576 re

385 602 588 660 subtili
622 603 1009 677 subjecerunt
1027 603 1296 672 examini,
1332 603 1663 678 cujusmodi
1718 605 3002 680 moraliauctoribusgravibuS.quiprobabi-

384 694 524 749 sunt
552 690 662 760 illi,
698 691 799 766 qui
832 691 897 749 in
937 702 989 761 1,
1013 696 1144 755 2.et
1162 701 1217 762 2,
1241 701 1296 754 2.
1328 693 1602 751 Summae
1617 709 1663 750 s.
1719 694 1961 753 lismum
1997 696 2320 762 sectantur,
2352 695 2643 753 accenseri
2676 698 2895 770 potest.
2915 729 2999 740 —-·

381 780 631 839 Thomae
644 780 1664 857 commentariaseripserum.Quare
1721 782 1951 852 Quibus
1983 783 2237 842 addatur
2277 782 2318 840 J
2321 801 2536 842 oannes
2567 782 2863 853 Valere,
2899 783 3001 842 Se-

381 870 583 944 plures
646 869 741 927 hic
802 869 1007 928 referri
1076 873 1342 946 possunt,
1410 888 1662 945 quorum
1718 872 2350 948 grobicensisinregno
2364 871 2683 943 valentino,
2694 873 2849 947 juris
2863 892 3001 948 pon·

381 958 534 1016 inter
563 958 872 1034 theologos
920 959 1222 1017 scholas
1242 960 1400 1018 tico
1424 977 1450 1016 s
1500 978 1664 1018 men·
1718 961 1887 1020 tificii
1918 979 2236 1035 sacraeque
2282 961 2615 1037 theologiae
2663 960 2869 1020 doctor
2899 983 3000 1021 va-

378 1047 599 1106 tionem
631 1046 893 1106 fecimus.
929 1047 1057 1106 Huc
1071 1051 1378 1123 praeterea
1397 1051 1666 1124 spectant
1718 1051 2002 1120 lentinus,
2037 1051 2142 1125 qui
2172 1051 2370 1109 seculo
2391 1051 2742 1109 renuncians
2770 1051 2844 1108 ad
2866 1052 3000 1110 Care

379 1136 639 1211 Raphael
670 1135 755 1194 de
789 1133 1156 1216 la'rorro1)
1177 1137 1241 1196 Ο.
1264 1137 1663 1196 PraedinEx-
1718 1140 2030 1199 thusianos
2090 1140 2333 1197 transiit
2396 1134 2638 1221 (1596).
2715 1140 3003 1215 Exposuit

381 1225 719 1284 tremadura
766 1229 943 1284 natus
995 1223 1055 1306 (†
1099 1223 1306 1304 1612),
1353 1227 1458 1302 qui
1505 1243 1661 1285 com·
1720 1229 2095 1302 Differentiae
2143 1231 2293 1286 inter
2325 1235 2629 1304 utrumque
2655 1228 2871 1300 forum,
2899 1230 2999 1303 ju-

379 1317 685 1373 mentatus
717 1320 810 1373 est
841 1316 910 1373 de
949 1316 1220 1390 partibus
1254 1316 1665 1388 potentialibus
1720 1318 1930 1377 diciale
1962 1317 2237 1376 videlicet
2281 1322 2342 1375 et
2386 1317 2798 1387 conscientiae,
2842 1318 3000 1391 quod

376 1405 634 1476 iustitiae
681 1399 778 1485 (de
822 1405 1111 1480 religione
1156 1408 1218 1463 et
1248 1406 1376 1480 ejus
1411 1405 1660 1472 actibuS,
1719 1425 1871 1482 opus
1915 1407 2137 1482 prodiit
2185 1406 2248 1465 in
2280 1405 2587 1465 Carthusia
2630 1406 3001 1481 majoricensi

379 1492 448 1550 de
497 1492 669 1550 vitiis
718 1493 997 1569 religioni
1042 1489 1360 1575 oppositis)
1398 1494 1460 1551 in
1513 1502 1568 1563 2,
1607 1502 1662 1555 2.
1727 1505 1892 1558 1616
1928 1496 1992 1554 in
2023 1495 2090 1565 f.;
2124 1495 2388 1554 Venetiis
2430 1504 2586 1558 1645
2622 1495 2688 1553 in
2717 1495 2787 1567 f.;
2820 1496 3001 1553 Fran-

379 1580 430 1639 d.
467 1581 725 1640 'rhomae
759 1583 868 1656 Aq.
903 1579 1022 1663 (qq.
1061 1578 1661 1664 80—100)t.2inf.,
1718 1584 1939 1643 cofurti
1978 1594 2141 1647 1678
2178 1584 2241 1642 in
2276 1594 2332 1646 4.

381 1669 770 1729 Salmanticae
827 1680 1014 1740 1611,
1057 1681 1257 1741 1612;
1307 1673 1527 1730 iterum
1561 1672 1663 1730 Co-

380 1760 566 1818 loniae
625 1768 807 1822 1630.
857 1793 944 1803 —-
994 1760 1258 1819 Joannes
1309 1761 1396 1819 de
1447 1760 1661 1818 Salas
1811 1772 1955 1824 253.
2008 1762 2302 1840 Inteyram
2352 1763 2682 1840 theoloqiam
2729 1764 3003 1820 moralem

381 1848 433 1906 S.
464 1849 520 1907 J.
554 1848 750 1924 patria
780 1848 1176 1907 Gumielensis
1209 1850 1280 1908 de
1312 1851 1467 1908 Yzan
1502 1849 1660 1908 dioe-
1719 1852 1814 1910 vel
1865 1852 2076 1909 saltem
2138 1871 2410 1927 magnam
2458 1851 2723 1927 ejusdem
2776 1855 3003 1926 partem

379 1937 519 1996 cesis
551 1938 883 1996 oxomensis
917 1934 999 2018 (n.
1038 1947 1094 2002 3.
1127 1940 1258 1999 Dec.
1289 1948 1472 2008 1553,
1497 1935 1531 2004 †
1555 1948 1655 2000 20.
1717 1940 2103 1998 illustrarunt
2122 1940 2234 1997 viri
2249 1941 2310 1998 in
2333 1940 2634 2013 Hispania
2650 1941 3000 2016 gravissimi,

381 2026 534 2101 Sept.
577 2022 792 2106 1612),
827 2026 932 2102 qui
962 2028 1129 2102 prius
1153 2027 1435 2104 Segoviae
1467 2027 1659 2102 philo·
1716 2047 1970 2102 quorum
1992 2029 2292 2103 praecipui
2322 2029 2618 2087 societatis
2645 2029 2793 2086 Jesu
2825 2030 3002 2088 suere.

379 2115 615 2191 sophiae
632 2134 810 2174 cursu
823 2115 1109 2189 explicato
1121 2116 1476 2192 theologiam
1494 2116 1659 2175 Com·
1716 2118 1754 2175 J
1758 2135 1973 2175 oannes
2035 2118 2180 2174 Azo
2199 2136 2243 2178 r.
2298 2118 2491 2191 patria
2540 2117 2884 2175 Murcianus
2933 2136 3001 2174 ex

379 2204 674 2280 postellae,
705 2204 1053 2274 Barcinone‚
1085 2205 1487 2275 Salmanticae,
1517 2205 1661 2262 Pin·
1716 2206 1936 2281 oppido
1967 2206 2164 2274 Lorca,
2199 2225 2233 2263 a
2263 2206 2483 2263 teneris
2504 2205 2847 2280 unguiculis
2870 2209 3000 2263 stu-

378 2293 514 2362 ciae,
566 2293 780 2351 Romae
830 2293 1120 2368 plurimos
1167 2313 1350 2352 annos
1401 2293 1662 2352 tradidit.
1716 2295 1830 2353 diis
1863 2294 2121 2363 deditus,
2172 2296 2361 2351 totam
2408 2293 2613 2352 iisdem
2648 2292 2830 2350 vitam
2864 2311 2999 2350 con·

380 2381 480 2440 Vir
510 2381 630 2440 fuit
652 2381 877 2456 judicio
894 2381 1120 2441 Claudii
1150 2384 1312 2457 Aqu
1330 2378 1658 2462 avivaess)
1717 2384 1984 2442 secrevit.
2018 2383 2334 2458 Compluti,
2354 2382 2682 2440 Placentiae
2711 2384 2772 2439 et
2786 2382 3000 2440 Romae

378 2470 532 2530 inter
563 2470 936 2530 doctissimos
976 2472 1270 2530 societatis
1305 2471 1454 2531 Jesu
1487 2472 1658 2541 viros,
1716 2473 1945 2531 divinas
1991 2472 2212 2542 literas,
2258 2471 2312 2529 d.
2347 2471 2599 2529 Thomae
2640 2470 3000 2546 theologiam

379 2560 644 2620 assiduae
675 2559 948 2619 lectionis
997 2564 1060 2620 et
1111 2560 1486 2620 fidelissimae
1535 2579 1657 2620 me·
1717 2565 1778 2622 et
1808 2561 2088 2621 moralem
2106 2560 2326 2620 multos
2345 2559 2648 2636 professus
2677 2561 2770 2618 est
2799 2577 2997 2618 annos.

378 2650 607 2719 moriae,
642 2649 728 2707 ita
758 2652 830 2707 ut
860 2650 1119 2708 omnium
1171 2669 1318 2726 pene
1351 2656 1661 2711 auctorum
1716 2652 1982 2728 Insignis
2031 2653 2158 2710 erat
2202 2650 2444 2726 ingenii,
2498 2650 2842 2708 excellentis
2873 2669 2997 2708 me-

377 2741 438 2796 et
494 2738 852 2798 facultatum
906 2739 1031 2813 ipse
1084 2740 1248 2797 solus
1299 2740 1661 2797 bibliotheca
1715 2741 1953 2810 moriae,
1988 2741 2094 2815 qui
2126 2739 2367 2798 assidua
2397 2739 2652 2798 lectione
2684 2738 2877 2796 omnis
2896 2758 2998 2814 ge-

379 2845 504 2886 esse
537 2827 856 2897 videretur,
895 2832 955 2885 et
987 2830 1289 2903 tamquam
1336 2829 1661 2903 sapientiae
1716 2830 1876 2888 neris
1906 2830 2289 2887 historiarum
2308 2829 2519 2888 habuit
2537 2828 2811 2888 notitiam
2843 2829 2905 2885 et
2935 2828 2998 2885 in

281 2927 285 2931 ⁴
378 2916 683 2974 oraculum
722 2916 787 2973 in
820 2916 1022 2974 dubiis
1073 2917 1290 2991 passim
1324 2937 1359 2976 a
1388 2917 1662 2991 pluribus
1717 2918 1792 2976 iis
1837 2918 1961 2976 suis
2012 2918 2156 2977 locis
2204 2935 2269 2975 ac
2315 2920 2580 2991 tempore
2624 2916 2998 2975 recensendis

377 3005 801 3064 consuleretur.
863 3004 1065 3063 Edidit
1095 3006 1567 3081 Disputationum
1599 3008 1661 3063 in
1716 3007 1927 3064 miram
1961 3007 2323 3069 felicitatem.
2356 3006 2496 3064 Fuit
2514 3010 2814 3080 praeterea
2833 3009 3001 3064 tanta

385 3097 442 3168 1,
476 3096 532 3157 2.
565 3094 619 3154 d.
660 3093 907 3152 'I'homae
940 3097 982 3153 t.
1021 3102 1054 3155 2
1090 3094 1154 3152 in
1184 3094 1222 3152 f.
1259 3090 1349 3173 (in
1369 3104 1658 3169 qq.1-48-
1715 3095 1898 3153 animi
1929 3094 2301 3164 demissione,
2351 3096 2521 3153 tanta
2552 3110 2781 3153 morum
2813 3093 2998 3153 facili-

384 3180 508 3264 89),
542 3182 869 3241 Barcinone
908 3191 1093 3251 1607,
1140 3192 1333 3252 16093
1380 3182 1661 3260 Lugduni
1715 3187 1844 3243 tate
1875 3186 1936 3242 et
1965 3183 2314 3242 affabilitate
2354 3184 2419 3241 in
2451 3202 2684 3241 summa
2716 3183 2872 3241 vitae
2905 3184 2998 3240 in·

385 3281 496 3334 161
523 3284 539 3334 1
568 3293 581 3341 ;
616 3271 1027 3330 Commentarii
1061 3271 1124 3329 in
1149 3281 1204 3343 2,
1231 3280 1285 3332 2.
1319 3271 1373 3329 d.
1407 3272 1662 3331 Thomae
1716 3274 1999 3350 tegritate
2030 3277 2091 3330 et
2122 3272 2411 3331 severiore
2461 3272 2792 3347 disciplina,
2828 3274 2997 3331 tanto

379 3360 446 3417 de
495 3361 896 3430 contractibus,
947 3361 1228 3436 Lugduni
1286 3372 1447 3424 1617
1486 3361 1548 3419 in
1584 3371 1658 3431 4.,
1716 3362 1900 3420 animi
1934 3360 2184 3420 candore
2215 3364 2393 3435 atque
2439 3361 2502 3417 in
2544 3360 2722 3418 rebus
2756 3359 2998 3435 agendis

379 3467 529 3524 opus
560 3450 965 3523 posthumum.
1015 3449 1085 3506 In
1117 3469 1181 3508 re
1214 3450 1423 3509 morali
1458 3453 1662 3508 auctor
1717 3450 2103 3526 ingenuitate,
2140 3453 2209 3507 ut
2240 3448 2395 3506 idem
2430 3467 2659 3522 semper
2678 3447 2814 3517 oria,
2838 3448 2996 3506 sron-

380 3541 468 3596 est
498 3539 712 3615 gravis.
764 3572 850 3581 —
897 3538 1140 3597 Michael
1175 3538 1661 3597 Bartholomaeus
1714 3540 1816 3609 tis,
1850 3539 2158 3596 oculorum
2208 3542 2385 3611 atque
2435 3537 2616 3594 animi
2648 3554 2857 3596 sensus
2891 3555 2997 3610 ap-

378 3626 599 3686 Salon
631 3627 695 3684 O.
728 3628 918 3686 Erem.
959 3645 1004 3689 s,
1035 3630 1188 3703 Aug.
1220 3627 1524 3687 Valentiae
1556 3647 1660 3685 na·
1716 3631 1969 3703 pareret.
2000 3628 2072 3684 In
2091 3629 2183 3684 tot
2203 3626 2573 3701 gravissimis
2596 3625 2996 3701 occupationi·

377 3718 494 3786 tus,
558 3716 714 3774 inter
774 3716 983 3775 decora
1043 3715 1220 3774 istius
1263 3717 1660 3792 amplissimae
1717 3718 1829 3774 bus
1860 3718 1921 3774 et
1952 3715 2164 3773 studiis
2197 3715 2312 3774 suit
2342 3714 2611 3789 piissimo
2641 3733 2781 3791 erga
2813 3715 2998 3773 Deum

377 3804 633 3863 familiae
646 3804 1144 3876 annumeranduS,
1158 3805 1659 3882 Maqisterdictus,
1715 3805 1929 3873 anim0,
1948 3823 2081 3863 cum
2098 3821 2284 3879 eoque
2303 3803 2579 3878 frequens
2601 3803 2691 3860 illi
2712 3807 2841 3862 erat
2860 3822 2996 3862 con·

377 3894 480 3969 qui
512 3893 739 3969 publici
764 3894 919 3969 juris
953 3893 1122 3951 fecit:
1158 3895 1245 3952 De
1261 3894 1499 3968 justitia
1520 3895 1582 3952 in
1602 3903 1658 3964 2,
1718 3893 1987 3953 suetud0.
2039 3888 2352 3974 Demum1)
2386 3910 2601 3967 magno
2632 3891 2820 3951 doctis
2850 3892 2998 3951 viris

381 3990 434 4044 2.
469 4001 512 4041 s.
547 3983 799 4041 Thomae
832 3983 942 4057 Aq.
977 3982 1285 4040 Valentiae
1329 3992 1482 4046 1581
1543 3985 1584 4039 t.
1624 3992 1656 4044 2
1715 3987 1775 4041 et
1805 3984 1977 4041 bonis
2008 3982 2283 4040 omnibus
2315 3983 2521 4040 relicto
2571 3981 2663 4039 sui
2708 3980 2997 4040 desiderio

379 4070 442 4130 in
474 4070 544 4140 f.;
597 4071 862 4129 Venetiis
920 4080 1105 4141 1608,
1148 4071 1212 4129 in
1264 4071 1482 4145 quibus
1515 4071 1657 4146 quid
1716 4072 1886 4130 annis
1917 4071 2133 4148 gravia,
2184 4071 2489 4130 laboribus
2540 4070 2765 4128 fractus
2813 4070 2998 4127 vitam

378 4178 652 4235 aequum.
685 4160 833 4235 quid
865 4159 1141 4234 iniquum
1176 4160 1256 4217 sit
1288 4161 1351 4218 in
1383 4160 1659 4219 omnibus
1716 4180 1851 4219 cum
1868 4164 2058 4219 morte
2076 4160 2287 4218 Romae
2304 4160 2691 4217 commutavit
2713 4169 2809 4220 19.
2828 4158 2995 4216 Febr.

376 4248 733 4319 actionibus,
768 4248 1133 4307 commerciis
1164 4253 1225 4307 et
1256 4250 1659 4307 contractibus
1726 4259 1907 4312 1603.
1946 4249 2184 4318 ,Azorii
2202 4250 2579 4306 institutiones
2594 4249 2840 4305 morales
2857 4243 2933 4326 (v.
2960 4255 2994 4307 3

1716 4339 1780 4394 in
1814 4337 2579 4406 f.Romae1600;1⁶306;
2639 4330 2830 4414 1611)
2865 4334 2997 4409 phi-

451 4440 490 4501 1)
516 4437 679 4490 Alius
706 4438 778 4490 ab
803 4452 868 4489 eo
888 4438 974 4490 est
986 4437 1231 4490 Joannes
1256 4435 1353 4489 Th
1370 4453 1402 4489 o
1418 4454 1473 4489 m
1490 4454 1523 4489 a
1539 4453 1564 4489 s
1591 4436 1661 4490 de
1717 4426 1977 4500 losophis
2062 4430 2123 4485 et
2197 4426 2487 4501 theologis
2564 4416 2995 4503 placuerunt2),

375 4505 433 4561 la
458 4507 556 4562 Tm
569 4525 629 4562 re
657 4508 870 4577 pariter
898 4509 961 4562 O.
979 4506 1065 4561 Pr.
1083 4507 1273 4576 Ligur,
1302 4507 1399 4575 qui
1426 4507 1519 4560 vix
1548 4523 1660 4560 ma-

417 4579 550 4633 'ster
592 4578 911 4647 theologiae
957 4582 1180 4632 creatus
1224 4578 1464 4632 decessit
1502 4582 1658 4635 1656.

426 4649 653 4705 isseruit
675 4654 737 4706 de
761 4656 1091 4719 aunem-itate,
1120 4650 1302 4719 gradu
1324 4667 1384 4703 ac
1403 4649 1661 4703 terminis
1793 4654 1828 4713 ι)
1859 4647 1939 4702 Cf.
1969 4649 2252 4703 Sotvellus
2278 4648 2337 4701 in
2365 4647 2506 4701 Bibl.
2536 4648 2628 4700 SS.
2657 4647 2710 4701 S.
2734 4648 2783 4700 J.

373 4720 704 4792 legatorum
731 4721 801 4775 de
828 4721 1021 4785 latere,
1049 4722 1258 4775 Romae
1286 4726 1426 4779 1656
1451 4721 1511 4774 in
1537 4727 1588 4777 4.
1791 4723 1831 4788 ²)
1860 4720 2141 4789 Haringer
2187 4720 2249 4773 in
2295 4719 2429 4772 edit.
2472 4718 2643 4773 theol.
2688 4717 2915 4771 moralis
2956 4735 2995 4770 s.

450 4799 488 4855 ²)
515 4794 581 4846 In
608 4792 864 4848 biblioth.
894 4792 1097 4862 Script.
1125 4793 1175 4845 S.
1204 4792 1255 4847 J.
1717 4791 1887 4861 Alph.
1914 4791 2125 4857 Ligorii
2152 4791 2431 4844 introduc.
2460 4796 2509 4846 2.
