3625 5193
629 233 750 287 307
972 218 1343 274 1581—1600.
1371 214 1512 268 Hist.
1541 231 1647 276 ecc,
1674 217 1816 268 Acta
1841 216 2158 285 legatorum
2188 218 2345 286 pont.
2373 215 2608 282 Delfin0,
2636 215 2888 281 Bonomi,

3110 233 3236 288 308

625 421 742 476 qua
772 401 900 478 agit
933 402 1004 459 de
1034 401 1205 460 bellis
1237 401 1312 460 ob
1360 403 1633 460 haereses
1685 402 1909 461 excita·
1932 396 1941 464 Ι
1963 401 2237 461 interfuit
2269 401 2507 478 synodis
2538 401 3017 478 provincialibus.
3056 402 3241 461 Semi-

623 491 722 561 tis,
755 490 826 549 de
859 490 1158 549 catholicis
1190 490 1266 549 ob
1286 490 1460 549 fidem
1480 490 1707 549 occisis.
1729 492 1909 549 Prae·
1963 492 2197 550 narium
2247 491 2655 550 dioecesanum
2698 491 2877 549 nimis
2918 494 3240 567 angustum

623 584 718 639 ter
749 579 1008 638 carmina
1039 597 1204 637 sacra
1235 582 1296 638 et
1329 598 1630 638 sermones
1662 579 1910 655 reliquit
1964 579 2275 656 ampliavit
2305 584 2366 639 et
2385 600 2455 639 ex
2475 581 2601 639 suis
2620 579 2954 638 redditibus
2974 580 3240 655 alioquin

625 670 697 726 tr.
749 670 818 727 de
868 670 1112 727 adventu
1163 669 1427 739 Messene,
1474 669 1552 731 ib.
1597 677 1792 739 15853
1840 670 1909 727 de
1961 687 2083 729 non
2114 669 2439 745 pinguibus
2480 668 2709 728 ditavit.
2744 670 2794 727 A
2827 687 2872 731 s.
2907 669 3108 728 Carolo
3141 668 3240 728 de·

623 760 980 816 conversione
1022 765 1387 833 peecatorum
1435 758 1494 816 ll.
1547 767 1581 820 3
1637 752 1905 839 (italice),
1961 758 2194 835 legatus
2247 765 2338 817 est
2389 758 2465 817 ad
2513 758 2874 817 visitandam
2924 758 3240 817 dioecesim

625 848 702 906 ib.
745 856 927 917 1578,
980 865 1130 921 opus
1181 846 1504 924 egregium,
1557 848 1728 923 cujus
1772 849 1810 905 l.
1848 856 1903 907 2.

624 936 888 1011 adjectus
937 938 1030 994 est
1068 940 1143 994 tr.
1176 936 1245 994 de
1273 938 1509 994 veritate
1529 938 1907 1011 purqatorii;

625 1027 662 1083 l.
700 1035 755 1087 3.
804 1029 878 1083 tr.
926 1026 995 1083 de
1040 1026 1384 1101 eleemosyna
1429 1033 1478 1082 et
1529 1026 1598 1083 de
1648 1027 1906 1084 oratione

625 1116 873 1173 mentali.

720 1304 745 1354 1
764 1301 861 1355 33.
896 1292 1007 1350 Pro
1039 1291 1294 1350 historia
1314 1291 1662 1367 pontificum
1676 1291 1907 1366 juverit

627 1382 835 1439 audire
851 1384 912 1439 et
922 1381 1745 1458 actalegationisnunciorum
1765 1399 1904 1455 apo-

625 1470 976 1528 stolicorum.
1011 1471 1142 1528 Huc
1164 1472 1389 1545 spectat
1414 1469 1718 1529 Zacharias
1748 1470 1905 1527 Del-

626 1558 777 1616 fino
809 1559 1000 1634 pat-ria
1030 1559 1292 1618 Venetus
1327 1578 1383 1617 n.
1420 1567 1520 1620 29.
1554 1560 1686 1633 Maj.
1719 1567 1903 1621 1527.

627 1647 855 1706 Patavii
900 1648 1114 1706 eximio
1161 1647 1430 1723 profectu
1477 1648 1694 1706 studiis
1740 1665 1906 1705 vaca-

626 1736 730 1794 vit.
765 1736 1004 1794 Romam
1037 1737 1373 1795 venientem
1405 1735 1606 1795 Julius
1625 1736 1729 1800 111,
1750 1736 1910 1795 inter

626 1825 946 1883 familiares
977 1826 1199 1901 recepit
1243 1828 1422 1899 atque
1466 1835 1624 1887 1553
1677 1825 1905 1901 episco-

626 1934 770 1990 pum
803 1913 952 1971 dixit
970 1914 1286 1972 fariensem
1309 1910 1589 1996 (Lesina)‚
1621 1915 1906 1972 nuncium

628 2003 949 2061 destinavit
985 2003 1058 2061 ad
1096 2003 1529 2061 Ferdinandurn
1577 2004 1905 2062 Caesarem:

629 2092 723 2149 cui
757 2091 899 2149 adeo
932 2095 1139 2168 gratus
1172 2092 1420 2161 exstitit,
1467 2096 1537 2150 ut
1569 2095 1905 2151 revocatum

627 2200 661 2237 a
693 2180 875 2238 Paulo
905 2181 1002 2240 IV.
1035 2181 1296 2251 Romam,
1327 2200 1465 2239 eum
1496 2181 1728 2239 iteratis
1761 2181 1909 2240 vici-

626 2268 738 2327 bus
769 2272 840 2327 ut
869 2270 1156 2327 nuncium
1200 2270 1570 2345 pontificium
1615 2273 1909 2345 repeteret-

628 2354 869 2437 (1555).
923 2358 1075 2417 Hinc
1105 2359 1280 2417 etiam
1331 2359 1471 2417 Pius
1505 2359 1600 2418 lV.
1633 2359 1706 2417 ab
1740 2378 1904 2417 exor-

629 2446 727 2505 dio
779 2450 871 2505 sui
921 2447 1298 2522 pontificatus
1346 2448 1643 2506 Delfinum
1688 2447 1906 2506 iterum

627 2536 796 2594 misit
844 2536 918 2594 ad
967 2536 1407 2595 Ferdinandum
1464 2536 1607 2611 imp.
1662 2530 1907 2617 (1560)-

628 2629 779 2684 Acta
810 2627 989 2698 hujus
1022 2625 1333 2700 legationis
1380 2625 1700 2701 diligenter
1733 2625 1907 2684 colle-

628 2715 719 2788 git
739 2714 1046 2788 ediditque
1068 2715 1121 2770 S.
1141 2713 1447 2772 Steinherz
1466 2713 1531 2771 in
1551 2714 1909 2772 Nuntiatur·

629 2802 891 2861 berichte
922 2820 1029 2859 aus
1052 2801 1455 2859 Deutschland
1477 2805 1519 2860 t.
1542 2802 1588 2864 Ι.
1608 2802 1720 2859 Die
1740 2802 1907 2860 Nun·

628 2893 737 2947 tien
762 2889 978 2948 Hosius
1009 2892 1131 2948 und
1153 2891 1372 2964 Delfino
1395 2885 1448 2971 (l
1471 2887 1907 2972 560-1561),

630 2979 797 3036 Wien
837 2988 1035 3047 1897;
1068 2982 1110 3036 t.
1142 2979 1216 3036 ΙΙ.
1250 2979 1584 3038 destinatus
1630 2981 1778 3038 actis
1825 2981 1907 3037 le-

630 3066 890 3142 gationis
922 3066 1344 3126 Commendoni
1363 3069 1628 3127 nondum
1660 3069 1908 3144 prediit3

628 3157 671 3213 t.
705 3156 787 3213 111
825 3152 1335 3237 (1562—1563),
1369 3158 1447 3216 ib.
1488 3157 1760 3226 1903‚in
1791 3177 1909 3233 quo

631 3249 829 3303 tamen
846 3244 1044 3303 minus
1059 3264 1243 3320 aeque
1263 3245 1499 3304 videtur
1525 3247 1738 3322 agendi
1755 3247 1911 3305 ratio

630 3333 833 3392 nuncii
852 3333 1166 3409 dijudican‘
1185 3330 1247 3414 ι).
1277 3335 1518 3394 Munere
1537 3336 1686 3393 bene
1707 3336 1910 3393 functo

633 3426 867 3481 creatus
899 3425 992 3481 est
1031 3432 1124 3485 12.
1159 3425 1329 3481 Mart.
1375 3434 1534 3486 1565
1573 3424 1909 3482 cardinalis.

630 3512 901 3570 Decessit
946 3533 993 3569 a.
1051 3522 1238 3574 1583.
1294 3512 1593 3581 Quaedam
1644 3513 1908 3587 ejusdem

630 3601 851 3676 scripta
882 3602 1140 3675 reperies
1173 3601 1331 3676 apud
1354 3601 1678 3678 Dollinger‚
1712 3602 1906 3678 Unge-

634 3689 886 3747 druckte
919 3691 1192 3748 Berichte
1224 3693 1352 3756 etc„
1382 3690 1484 3748 sed
1505 3695 1595 3748 sat
1614 3690 1907 3749 mendose.

640 3810 716 3818 —
755 3778 928 3835 Alius
958 3779 1215 3836 nuncius
1263 3779 1377 3835 suit
1423 3779 1680 3837 Joannes
1727 3780 1907 3836 Fran-

631 3865 827 3924 ciscus
888 3866 1205 3924 Bonomi
1256 3867 1451 3941 patria
1501 3868 1908 3926 Cremonensis

631 3974 686 4012 n.
713 3965 767 4014 6.
788 3956 919 4012 Dec.
951 3965 1135 4022 1536,
1158 3954 1437 4012 familiari
1460 3955 1908 4030 amicitiajunc-

629 4045 732 4099 tus
751 4061 794 4100 s.
812 4042 1015 4100 Carolo
1032 4044 1370 4112 Borromeo,
1405 4044 1575 4118 cujus
1607 4047 1763 4102 nutu
1787 4045 1907 4103 fac-

631 4131 732 4187 tus
784 4133 877 4188 est
929 4130 1109 4188 abbas
1160 4132 1604 4190 nonantulanus
1655 4133 1718 4190 Ο.
1771 4133 1908 4196 cist.

633 4215 879 4299 (1566),
914 4220 1138 4278 electus
1170 4220 1308 4278 dein
1341 4218 1564 4301 (1572)
1597 4222 1908 4298 episcopus

630 4309 1021 4367 vercellensis.
1054 4309 1343 4386 Egregius
1376 4309 1492 4367 fuit
1521 4329 1659 4368 suae
1680 4310 1909 4369 dioece-

630 4398 708 4454 sis
740 4401 942 4471 pastor
974 4400 1034 4455 et
1076 4398 1451 4469 reformator3
1497 4399 1771 4457 undecim
1805 4400 1909 4457 ha-

630 4485 764 4542 buit
796 4486 1050 4561 synodos
1082 4486 1456 4546 dioecesanas
1479 4490 1657 4562 atque
1680 4488 1912 4562 aliquot

626 4693 745 4817 ωιέ)
773 4691 856 4750 cf,
884 4689 1042 4750 Rem,
1085 4690 1324 4756 Qtlsehr.
1365 4690 1909 4760 XV111(1904)394-

1961 865 2307 918 comensem,
2347 848 2518 922 cujus
2557 846 2815 906 conditio
2844 846 3122 923 religiosa
3151 851 3245 906 sat

1961 939 2089 995 erat
2135 936 2324 995 tristis
2374 932 2622 1018 (1578).
2672 935 3044 994 Visitationis
3082 936 3240 995 fruc-

1960 1029 2060 1084 tus
2080 1029 2225 1084 sunt
2242 1026 2697 1098 Refer-motionis
2727 1026 3129 1084 ecclesiastieae
3147 1026 3243 1084 de-

1959 1122 2117 1172 creta
2159 1116 2473 1191 qeneralia,
2519 1113 2799 1173 Vercellis
2857 1124 3040 1182 1579,
3090 1133 3242 1187 quae

1960 1207 2206 1279 propter
2221 1222 2389 1262 suam
2406 1202 2831 1279 praestantiam
2846 1204 2907 1262 et
2922 1202 3242 1261 utililatem

1960 1310 2169 1351 recusa
2217 1293 2380 1352 fuere
2426 1314 2459 1350 a
2505 1292 2710 1351 Meleh.
2757 1291 3039 1367 Hittorp„
3072 1291 3243 1350 Colo-

1960 1382 2093 1441 niae
2135 1390 2296 1444 1585
2333 1399 2466 1439 cum
2502 1380 2774 1456 apposito
2796 1380 3117 1448 ,omnibus
3150 1399 3245 1438 ec-

1962 1470 2271 1529 clesiarum
2302 1471 2513 1529 usibus
2554 1467 3047 1529 accommodata.‘
3095 1469 3242 1527 Cum

1962 1578 2022 1618 se
2034 1559 2119 1617 ita
2138 1560 2358 1633 optime
2372 1560 2669 1634 probaret,
2684 1577 2751 1616 ex
2773 1558 3038 1632 ejusdem
3054 1558 3243 1616 sancti

1963 1648 2252 1724 praesulis
2285 1648 2526 1707 consilio
2559 1647 2779 1706 missus
2800 1650 2889 1705 est
2908 1666 2941 1704 a
2963 1647 3246 1724 Gregorio

1960 1737 2116 1795 XIII.
2147 1738 2405 1796 nuncius
2436 1736 2509 1794 ad
2542 1754 2722 1813 pagos
2752 1735 3069 1795 catholicos
3100 1735 3244 1794 Hel-

1965 1826 2153 1886 vetiae
2188 1821 2415 1907 (1579)
2449 1829 2511 1884 et
2551 1835 2705 1888 1581
2749 1823 2823 1882 ad
2867 1825 3065 1883 aulam
3110 1842 3242 1882 cae-

1963 1934 2188 1974 saream
2220 1917 2282 1974 et
2312 1915 2639 1975 Coloniam:
2680 1932 2798 1989 qua
2842 1914 2903 1972 in
2948 1914 3245 1990 legatione

1964 2003 2267 2063 laboribus
2330 2004 2650 2062 exhaustus
2711 2002 2805 2077 pie
2865 2002 2928 2059 in
2994 2002 3246 2061 Domino

1962 2094 2112 2152 obiit
2148 2102 2247 2157 25.
2279 2093 2445 2151 Febr.
2490 2101 2673 2162 1587,
2707 2090 2927 2167 dignus
2960 2110 3243 2166 purpura,

1963 2202 2143 2257 quam
2193 2182 2247 2240 ei
2289 2182 2415 2256 jam
2465 2180 2865 2239 destinaverat
2910 2178 3111 2239 Sixtus
3155 2179 3244 2249 V„

1963 2272 2231 2329 aemulus
2309 2271 2374 2328 in
2440 2268 2874 2328 reformationis
2924 2269 3145 2344 spiritu
3198 2287 3245 2329 s,

1963 2360 2154 2418 Caroli
2201 2359 2553 2427 Borromaei,
2604 2357 3077 2433 protestantibus
3139 2358 3245 2417 ob-

1964 2449 2200 2507 stinatis
2247 2448 2495 2517 invisus,
2541 2452 2612 2505 ut
2657 2447 2732 2505 ab
2765 2465 2881 2505 uno
2915 2465 3117 2505 eorum
3150 2446 3242 2504 di-

1964 2542 2198 2596 ceretur
2219 2576 2247 2606 ,
2260 2536 2415 2595 inter
2434 2536 2550 2594 alia
2570 2535 2825 2594 Satanae
2844 2536 3248 2594 instrumenta

1966 2626 2112 2685 tuba
2142 2626 2243 2684 illa
2273 2626 2519 2684 furialis.
2537 2633 2565 2664 ‘
2598 2627 2746 2684 Acta
2777 2626 2905 2700 ejus
2925 2625 3246 2701 legationis

1966 2715 2323 2773 coloniensis
2388 2709 2573 2795 (169)
2637 2733 2854 2790 magna
2930 2714 3246 2791 diligentia

1966 2804 2206 2878 collegit
2238 2806 2626 2879 accurateque
2671 2803 2873 2872 edidit,
2921 2803 3247 2879 praemissa

1964 2893 2229 2965 ejusdem
2280 2892 2630 2969 biographia
2692 2892 2892 2966 Steph.
2939 2891 3119 2950 Ehses
3181 2892 3246 2950 in

1967 2983 2018 3039 Ν
2022 2981 2558 3039 untiaturberichte
2651 2998 2759 3038 aus
2840 2979 3246 3039 Deutschland

1964 3071 2137 3128 Erste
2174 3070 2352 3128 Abth.
2385 3071 2476 3127 die
2507 3069 2725 3127 Ko'lner
2757 3069 3100 3136 Nuntiatur,
3134 3070 3245 3127 Pa-

1965 3159 2216 3217 derborn
2259 3166 2443 3220 1895.
2508 3158 2746 3216 Praeter
2790 3157 2935 3215 alias
2975 3159 3247 3231 epistolas

1968 3243 2275 3329 (ineditas)
2294 3248 2451 3305 inter
2466 3248 2593 3321 ejus
2604 3247 2993 3322 operareferri
3006 3247 3243 3305 debent:

1967 3337 2368 3410 Antiquorum
2400 3339 2638 3410 patrum
2670 3354 2966 3395 sermones
3013 3339 3077 3394 et
3120 3335 3243 3410 epi·

1965 3425 2152 3483 stolae
2197 3425 2264 3482 de
2294 3444 2339 3486 3.
2371 3424 2619 3483 Eusebio
2665 3444 2755 3499 ep.
2807 3425 3153 3483 vercellensi
3185 3427 3246 3483 et

1966 3515 2038 3571 M.
2062 3517 2122 3571 et
2141 3516 2256 3571 vita
2277 3519 2576 3588 praeterea
2607 3513 2890 3587 ejusdem,
2926 3513 3245 3572 Mediolani

1973 3612 2129 3667 1581
2157 3624 2171 3672 ;
2208 3603 2541 3660 Borromeis
2562 3601 2684 3659 scil.
2717 3619 2950 3660 carmen
2982 3621 3244 3679 panegy-

1965 3691 2153 3749 ricum
2187 3691 2247 3748 ll.
2282 3690 2361 3748 IV
2393 3695 2669 3749 constans
2719 3690 2791 3748 de
2843 3709 2885 3749 s.
2922 3691 3127 3750 Carolo
3160 3693 3242 3758 B.‚

1966 3781 2122 3853 quod
2174 3782 2311 3854 post
2360 3780 2488 3854 ejus
2539 3782 2789 3837 mortem
2834 3779 3024 3839 edidit
3054 3780 3242 3838 Lucas

1965 3870 2156 3943 Borgo
2189 3887 2323 3927 cum
2340 3868 2609 3943 ejusdem
2623 3868 3099 3927 Eucharistirion
3119 3869 3244 3931 scil.

1963 3957 2036 4015 de
2068 3958 2318 4016 victoria
2336 3957 2531 4016 navali
2552 3976 2586 4014 a
2604 3957 2939 4015 christianis
2960 3958 3244 4016 adversus

1964 4046 2182 4104 Turcas
2217 4046 2374 4121 apud
2398 4046 2661 4121 Lepanto
2694 4046 2894 4114 relata,
2929 4045 3243 4105 Mediolani

1975 4143 2137 4196 1589
2192 4135 2456 4209 subjecta
2505 4154 2559 4209 p.
2596 4143 2899 4196 95—122
2954 4135 3245 4210 praesulis

1964 4224 2156 4281 nostri
2186 4223 2310 4282 vita
2326 4218 2388 4303 ¹).
2422 4256 2499 4266 -
2541 4223 2713 4281 Alius
2759 4224 3015 4282 nuncius
3046 4223 3246 4300 ponti·

1966 4311 2134 4369 ficius
2157 4312 2277 4370 suit
2297 4314 2555 4371 Joannes
2575 4312 2846 4387 Baptista
2867 4313 2902 4370 S
2923 4333 2958 4371 a
2973 4332 3013 4371 n
3029 4318 3055 4369 t
3071 4331 3104 4371 o
3121 4312 3244 4371 nio

1966 4397 2363 4480 (SanctoniuS,
2397 4401 2545 4458 falso
2580 4397 2942 4483 Sanctorius)
2975 4402 3240 4461 Tarenti-

1964 4508 2079 4547 nus
2111 4509 2167 4547 n.
2193 4501 2214 4551 1
2235 4499 2377 4559 529,
2396 4489 2712 4564 episcopus
2729 4489 2981 4549 alifanus
2999 4487 3055 4572 (1
3075 4484 3241 4571 568),

2044 4697 2080 4764 ¹)
2108 4694 2191 4748 Cf.
2236 4695 2497 4764 Adelung
2542 4693 2807 4756 Fortset2‚
2850 4697 2969 4750 und
3009 4696 3251 4766 Ergfinz.

1964 4782 2033 4817 zu
2059 4766 2289 4819 Jocbers
2316 4766 2723 4821 Gelehrtenlex.
2749 4768 2787 4831 Ι,
2816 4771 2973 4824 2047.
