3625 5193
398 276 520 329 769
543 251 554 261 '
845 322 850 327 ι
918 256 1141 323 Ribera,
1169 256 1385 328 Maciel,
1411 256 1787 327 Magalianus,
1815 258 1885 311 de
1912 256 2075 323 Vera,
2105 259 2377 313 Mendoza
2403 263 2508 314 etc.
2895 278 3018 335 770

392 463 544 521 opus
576 444 892 503 admodum
925 463 1141 506 rarum.
1163 477 1250 488 —-
1268 444 1353 502 Ex
1387 444 1598 503 Genesi
1630 463 1675 503 c.
1734 445 2048 505 nobilitate
2076 447 2331 521 generis,
2353 446 2669 523 omnigena
2688 447 3020 519 literatura,

391 546 498 597 49.
532 532 805 609 exposuit
823 533 1580 608 BernardusdeRibnera
1612 533 1676 596 O.
1730 553 1965 593 morum
2033 536 2310 610 vitaeque
2383 536 2723 595 innocentia
2771 539 3021 604 summis

390 625 533 685 Cist.
581 624 645 681 in
690 641 798 682 suo
842 622 1048 682 Jacobi
1097 624 1468 699 Testamenta,
1518 623 1678 699 quod
1734 642 1841 699 par
1871 623 2044 683 viris:
2078 624 2361 700 pietatem
2386 644 2520 684 cum
2540 626 2708 694 lacte,
2730 643 2865 683 cum
2884 626 3020 686 doc,-

390 714 660 772 oontinet
689 730 873 770 novas
905 716 968 771 et
997 712 1265 783 eruditas
1284 712 1679 788 expositiones
1731 712 1894 783 trina
1934 713 2220 772 virtutem
2265 712 2523 780 imbibit.
2568 713 2800 773 Floruit
2844 715 2906 774 in
2951 734 3021 774 eo

401 812 475 865 12
513 800 974 878 prophetiarum,
1018 820 1168 876 quas
1208 801 1464 877 protulit
1492 801 1677 859 Jacob
1733 801 1893 867 inde,
1919 820 2111 877 usque
2157 823 2191 861 a
2236 802 2443 878 primis
2490 803 2660 862 annis
2709 803 3018 874 modestia,

391 892 740 967 patriarcha,
773 889 913 951 dum
948 891 1207 950 moriens
1233 890 1519 949 ultimum
1547 890 1678 948 vale
1729 885 1862 966 pax‘,
1894 891 2147 967 purita3‚
2181 891 2615 966 tranquillitaS,
2663 910 2863 950 rerum
2908 892 3020 951 hu-

393 981 531 1040 filiis
561 980 804 1050 diceret,
836 979 1071 1055 Hispali
1116 988 1295 1042 1624.
1317 1014 1394 1023 -
1418 980 1676 1059 Immen-
1732 998 2042 1038 manarum
2061 980 2467 1056 despicientia.
2498 980 2815 1057 Ingenium
2835 982 2889 1039 ei
2907 981 3023 1040 fuit

394 1090 527 1129 sum
578 1088 728 1147 opus
776 1069 840 1135 iu
892 1088 935 1127 s.
983 1069 1359 1147 ⁴Scripturam
1419 1069 1681 1144 suscepit
1733 1087 1882 1138 acre,
1927 1073 2124 1128 motus
2169 1069 2549 1147 cogitationis
2579 1071 2817 1139 celeres,
2851 1088 3020 1146 expe-

391 1158 742 1233 Franciscus
783 1158 884 1231 da,
919 1158 1253 1216 Piedade
1299 1158 1570 1217 Maciel
1612 1157 1678 1217 O.
1733 1157 1860 1226 diti,
1914 1159 2126 1234 judicii
2176 1158 2507 1228 maturitas,
2567 1158 2881 1218 memoriae
2931 1160 3021 1219 vis

394 1248 613 1307 Praeda
649 1248 934 1324 colligens
999 1248 1249 1306 selectas
1312 1265 1387 1306 ss.
1439 1250 1678 1323 patrum
1733 1248 1973 1324 ingens:
2007 1248 2080 1306 ad
2112 1248 2252 1306 haec
2282 1248 2443 1312 omni
2473 1266 2687 1324 genere
2711 1247 3021 1319 literarum

392 1336 825 1411 doctorumque
857 1337 1231 1411 classicorum
1265 1337 1327 1394 in
1360 1340 1556 1405 totum
1588 1334 1676 1394 hi·
1734 1337 1961 1396 affatim
1993 1337 2334 1396 abundavit.
2383 1336 2786 1396 conimbricae
2818 1337 3027 1399 docuit

394 1426 696 1499 storialem
727 1425 1046 1500 utriusque
1065 1444 1260 1484 sacrae
1280 1425 1531 1502 paginae
1549 1427 1676 1483 tex·
1733 1426 2188 1502 philosophiam,
2241 1445 2284 1484 S.
2331 1425 2542 1485 literas
2594 1426 3023 1502 interpretatus

393 1522 526 1574 tum
570 1515 984 1590 expositioneS,
1031 1514 1133 1573 sed
1180 1514 1403 1591 prodiit
1442 1517 1679 1572 tantum
1735 1518 1826 1573 est
1868 1515 2111 1573 Eborae.
2169 1514 2406 1594 Coelum
2454 1514 2734 1592 migravit
2784 1524 2837 1578 3.
2881 1515 3023 1575 Jun.

394 1604 542 1664 tomi
588 1603 767 1680 primi
813 1607 875 1662 in
917 1621 1096 1677 opera
1140 1622 1241 1662 sex
1284 1604 1510 1677 dierum
1540 1622 1596 1677 p.
1631 1602 1679 1662 Ι.
1739 1613 1909 1672 1626
1934 1624 1981 1662 a.
1999 1603 2215 1663 aetatis
2236 1614 2334 1666 54.
2368 1604 2723 1665 Prodierunt
2742 1622 3022 1665 commen·

394 1693 703 1752 continens
736 1712 912 1769 opera
941 1693 1122 1751 unius
1154 1692 1272 1750 diei
1302 1710 1369 1751 ac
1399 1692 1517 1750 tria
1543 1691 1678 1749 mil·
1736 1695 2026 1760 tar-iorum
2074 1712 2141 1751 ac
2189 1694 2557 1752 discursuum
2607 1694 2919 1752 moralium
2966 1696 3027 1752 in

395 1783 479 1841 lia
528 1783 883 1840 selectarum
933 1782 1382 1856 expositionum,
1434 1780 1681 1856 Neapoli
1737 1783 1958 1859 Reyum
2003 1782 2059 1842 ll.
2105 1785 2149 1844 t.
2194 1793 2229 1845 3
2264 1783 2427 1841 varia
2471 1802 2536 1840 ac
2574 1782 2843 1857 jucunda
2885 1801 3023 1843 eru-

408 1880 568 1934 1636
619 1871 683 1930 in
729 1871 887 1932 1.-
928 1871 1163 1943 Cosmas
1196 1869 1680 1947 Magalianus
1736 1870 1962 1929 ditione
2011 1888 2237 1929 necnon
2288 1871 2656 1935 discursibus
2703 1872 3030 1931 moralibus

398 1956 828 2041 (Magalhaens)
882 1959 939 2023 S.
985 1959 1059 2027 J„
1095 1956 1543 2031 Bracharensiffi
1577 1958 1681 2032 qui
1736 1960 1810 2017 ad
1843 1978 2074 2018 omnem
2107 1960 2454 2018 concionum
2485 1960 2800 2019 materiam
2828 1961 3025 2020 utilis·

396 2049 775 2123 quaestiones
819 2048 892 2107 de
936 2047 1202 2107 moribus
1243 2058 1317 2109 10
1366 2048 1536 2106 annis
1582 2065 1677 2104 ex·
1729 2049 1903 2113 ,simis
1934 2049 2217 2106 instructi
2238 2044 2300 2128 ¹),
2334 2051 2534 2107 tomus
2566 2048 3029 2108 LConimbricae

396 2138 656 2214 plicavit,
691 2142 752 2195 et
783 2136 1186 2196 Conimbricae
1232 2156 1277 2195 S.
1313 2136 1679 2213 Scripturam
1749 2147 1907 2203 1621
1936 2158 1949 2208 ;
1984 2136 2288 2212 Olisipone
2318 2139 2518 2195 tomus
2539 2136 2614 2196 ΙΙ.
2660 2146 2857 2209 1624;
2892 2137 3028 2196 dein

397 2231 491 2285 est
520 2227 949 2301 interpretatus
984 2223 1045 2306 (†
1070 2236 1122 2288 9.
1149 2226 1272 2285 Oct.
1301 2234 1466 2287 1624
1501 2244 1551 2283 a.
1587 2243 1682 2284 ae·
1737 2226 2018 2304 Lugduni
2041 2234 2735 2289 1622—1625—1631
2764 2229 2806 2285 t.
2828 2236 2863 2290 3
2886 2226 3025 2296 inf.;

396 2316 541 2374 tatis
593 2311 720 2398 73).
770 2315 1014 2391 scripsit
1058 2315 1506 2373 commentarios
1523 2312 1568 2393 ¹)
1619 2316 1682 2372 in
1740 2315 2013 2374 Coloniae
2040 2324 2226 2378 1633.
2257 2324 2421 2377 1634
2444 2335 2498 2373 v.
2524 2324 2557 2376 3
2580 2315 2645 2374 in
2664 2314 2704 2376 f.
2724 2318 2852 2385 eto„
2873 2334 3025 2390 quae

399 2406 686 2479 canticum
695 2406 963 2478 primum
985 2404 1181 2479 Mosis,
1204 2402 1485 2479 Lugduni
1515 2412 1679 2473 1609
1741 2404 1958 2479 Caspar
1989 2403 2431 2463 Fernandez
2477 2403 2531 2461 S.
2563 2403 2619 2462 J.
2655 2400 2715 2484 (†
2750 2413 2850 2466 22.
2882 2404 3027 2463 Jun.

400 2494 462 2552 in
498 2505 567 2564 43
601 2495 662 2551 in
695 2492 877 2553 Masis
906 2494 1131 2563 cantica
1163 2500 1213 2550 et
1246 2492 1683 2561 benedictionem
1748 2489 1944 2574 1640)
1977 2493 2321 2562 Lusitanus,
2339 2493 2618 2569 prosequi
2651 2493 3027 2562 moliebatur,

389 2583 878 2657 patriarcharum
923 2581 1482 2641 commentariorum
1527 2581 1589 2639 ll.
1625 2589 1681 2650 4,
1740 2582 1843 2642 sed
1875 2583 2153 2659 perficere
2196 2599 2319 2641 non
2356 2582 2575 2658 potuit.
2624 2583 2863 2642 Prostat
2893 2584 3028 2642 tan-

400 2673 479 2731 ib.
522 2681 685 2735 1619
736 2673 798 2731 in
844 2672 913 2742 f.;
960 2674 1020 2728 in
1066 2689 1114 2733 s.
1158 2671 1337 2729 Josue
1380 2672 1685 2730 historiam
1740 2676 1872 2731 lum
1905 2673 2208 2747 Sceptrum
2254 2673 2580 2730 davidicum
2627 2690 2736 2730 seu
2779 2672 2843 2730 in
2885 2683 2933 2733 l.
2965 2674 3033 2729 et

399 2761 955 2820 commentariorum
972 2763 1013 2821 t.
1039 2769 1096 2832 2,
1117 2760 1404 2819 Turnonii
1434 2768 1596 2823 1612
1620 2759 1683 2817 in
1745 2770 1797 2823 2.
1834 2767 2014 2837 caput
2044 2763 2081 2819 l.
2120 2770 2173 2823 2.
2206 2761 2433 2837 Regum
2473 2761 2535 2819 in
2567 2761 2761 2834 varios
2793 2760 3026 2822 discut-e

398 2850 471 2920 f.;
511 2852 574 2907 in
604 2868 649 2908 s.
682 2850 956 2908 Judicum
988 2847 1290 2908 historiam
1321 2849 1683 2924 explanatio·
1742 2868 1845 2909 sus
1878 2851 2232 2926 explanatio,
2266 2850 2490 2910 Eborae
2518 2859 2679 2914 1685
2716 2849 2856 2911 in4.
2904 2850 3031 2909 Ali·

399 2957 503 2997 nes
547 2942 609 2997 et
655 2938 1069 3009 annotationes
1109 2936 1373 3008 morales,
1405 2936 1686 3014 Lugduni
1741 2940 1825 2998 ud
1856 2940 2167 2998 Mendozae
2213 2957 2362 3014 opus
2408 2942 2502 2998 est
2537 2938 2901 2997 Viridarium
2929 2959 3029 2997 sa·-

413 3037 571 3091 1625
607 3028 671 3088 in
703 3027 743 3085 f.
774 3045 922 3103 opus
955 3046 1186 3097 rarum3
1234 3026 1428 3102 operis
1460 3028 1684 3085 hierar·
1735 3047 1875 3086 >crae
1919 3036 1969 3085 et
2013 3030 2303 3107 profanae
2347 3029 2712 3102 eruditionis,
2752 3027 3033 3104 Lugduni

401 3116 547 3175 chici
595 3116 718 3175 sive
759 3117 827 3174 de
858 3117 1223 3175 ecclesiastico
1245 3118 1592 3191 principatu
1623 3116 1685 3177 ll.
1756 3126 1909 3179 1631
1936 3139 1951 3188 ;
1994 3125 2157 3180 1632
2192 3117 2257 3174 111
2289 3117 2360 3186 f.;
2393 3117 2664 3176 Coloniae
2693 3126 2860 3181 1633
2895 3117 2959 3175 111
2990 3116 3030 3182 f.

404 3215 461 3274 3,
494 3206 559 3263 in
590 3205 812 3280 quibus
843 3204 1130 3280 epistolae
1160 3210 1283 3264 tres
1304 3204 1362 3268 b.
1381 3205 1552 3264 Pauli
1573 3224 1684 3281 ap„

400 3313 552 3368 quae
583 3294 919 3370 pontificiae
951 3294 1147 3352 vocari
1164 3295 1374 3364 solent,
1398 3312 1685 3353 commen-

398 3382 569 3441 tariis
601 3383 999 3452 illustrantur,
1032 3382 1110 3441 ib.
1154 3393 1316 3447 1609
1351 3383 1414 3441 in
1451 3394 1506 3445 4.

495 3571 642 3640 2323.
695 3578 906 3636 Libros
966 3579 1190 3654 Regum
1250 3579 1686 3638 commentariis

402 3667 787 3725 illustrarunt
805 3666 1142 3726 Ludovicus
1175 3668 1213 3725 d
1228 3687 1259 3726 e
1278 3669 1371 3726 Ve
1388 3688 1418 3726 r
1432 3689 1465 3726 a
1488 3669 1686 3727 Limae

402 3757 597 3827 natus,
646 3756 867 3814 ibidem
906 3756 961 3814 S.
1000 3756 1255 3814 Thomae
1294 3758 1588 3833 interpres
1628 3760 1688 3815 et

402 3844 654 3902 vicarius
675 3845 984 3920 generalis,
1008 3845 1235 3903 ordinis
1267 3864 1310 3908 s.
1334 3847 1407 3904 M.
1429 3847 1501 3904 de
1516 3849 1684 3904 Mero.

401 3932 540 3994 Red.
563 3937 730 4008 capt„
765 3934 963 3992 Limae
995 3943 1152 3996 1635
1177 3934 1242 3992 in
1262 3935 1318 4004 f.‚
1341 3940 1400 3993 et
1421 3935 1685 3994 Francis-

1836 3268 1980 3321 324.
2043 3259 2220 3317 Libro
2270 3257 2386 3317 Job
2445 3259 2639 3316 lucem
2672 3253 3032 3316 ‘attulerunt

1745 3348 2141 3423 Hieronymus
2187 3347 2273 3404 de
2318 3347 2552 3405 Cruce
2585 3346 2647 3404 Ο.
2684 3345 2739 3403 S.
2772 3346 2932 3403 Hier.
2965 3345 3030 3403 in

1744 3454 1852 3495 suo
1898 3436 2009 3494 Job
2055 3436 2364 3511 evanyelico
2410 3454 2513 3494 seu
2557 3434 2947 3493 elucidatione
2992 3433 3029 3491 1.

1743 3525 1859 3584 Job
1906 3544 1973 3583 ex
2022 3524 2259 3598 placitis
2306 3523 2839 3592 stoicochristianiS,
2888 3522 3029 3580 Cae-

1744 3617 2132 3689 saraugustae
2173 3621 2355 3682 1638,
2390 3615 2450 3671 et
2482 3612 2827 3688 praesertim
2846 3610 3032 3669 Joan-

1742 3721 1847 3761 nes
1900 3703 1985 3761 de
2036 3698 2379 3782 Pineda2)
2435 3702 2489 3759 S.
2534 3700 2589 3758 J.
2636 3700 3031 3777 Hispalensis.

1744 3890 1811 3926 ex
1856 3872 2252 3928 controversiis
2301 3872 2474 3941 hujus
2518 3871 2830 3926 sententiae
2879 3886 3033 3925 oeca—

1744 3945 1899 3999 sione
1940 3945 2125 4012 motis,
2166 3945 2235 3998 de
2263 3943 2470 4013 quibus
2509 3943 2577 3996 cf.
2606 3943 2866 4012 Vasquez
2891 3942 2952 3995 in
2979 3946 3034 3998 3.

402 4040 504 4081 cus
519 4022 590 4080 de
619 4023 880 4081 Mendo
900 4043 929 4081 z
947 4019 1043 4103 32)
1067 4024 1122 4081 S,
1142 4022 1216 4094 J„
1241 4023 1684 4100 Olisiponensis‚
1742 4034 1796 4086 p.
1828 4017 1880 4071 d.
1908 4021 2029 4073 204.
2057 4034 2100 4069 o.
2131 4019 2158 4070 1
2182 4037 2193 4075 ;
2234 4015 2304 4069 de
2331 4014 2489 4084 Lugo
2517 4014 2586 4068 de
2613 4015 2835 4068 euchar.
2864 4016 2914 4068 d.
2945 4019 3030 4070 12.

481 4232 520 4298 ¹)
548 4228 629 4284 Cf.
670 4229 957 4283 Sotvellus
997 4247 1050 4298 p.
1079 4233 1216 4289 161;
1256 4228 1687 4298 Sommervogel.

477 4305 516 4372 ²)
541 4300 703 4353 Alius
745 4301 816 4354 ab
857 4307 960 4353 hoc
999 4304 1084 4353 est
1124 4299 1579 4353 Franciscus
1620 4292 1688 4353 de*
1743 4317 1885 4370 gans
1912 4319 1977 4354 ao
2002 4301 2253 4368 undique

401 4371 674 4426 Mendoza
700 4376 758 4426 et
777 4371 1076 4425 Bovadilla
1102 4370 1405 4424 cardinalis
1431 4373 1487 4424 et
1514 4371 1688 4424 archi-

402 4442 700 4516 episcopus
746 4443 1071 4496 valentinus
1116 4445 1535 4509 (1508—1566),
1588 4442 1688 4509 qui

1744 4103 1784 4141 s.
1814 4093 1877 4147 ὃς
1907 4087 2112 4141 Suarez
2142 4087 2202 4139 in
2227 4091 2277 4143 3.
2308 4105 2362 4156 p.
2390 4089 2428 4146 t,
2446 4090 2496 4143 3.
2525 4087 2669 4154 disp.
2697 4089 2784 4144 64.
2812 4103 2852 4139 s.
2881 4090 2946 4144 3:
2974 4087 3037 4138 et

1745 4160 1812 4212 de
1841 4175 1906 4212 eo
1933 4159 2016 4211 ait
2034 4157 2155 4211 Nic.
2174 4157 2456 4211 Antonius
2482 4159 2521 4222 1,
2546 4161 2683 4214 448:
2714 4157 2869 4221 „Quo
2891 4155 3037 4224 quid

1745 4230 1926 4300 magis
1941 4229 2244 4292 eruditum,
2266 4229 2514 4293 doctum,
2534 4229 2908 4298 ingeniosum,
2925 4227 3035 4280 ele·

2339 4300 2610 4354 erfectum
2637 4299 2904 4352 conficere
2932 4299 3033 4350 hu·

1744 4388 1914 4425 mana
1925 4371 2211 4425 industria
2223 4389 2294 4424 va
2321 4375 2430 4436 eat,
2442 4389 2554 4424 non
2567 4369 2732 4424 facile
2745 4369 2831 4421 dix
2840 4369 3029 4425 erin1.“

1747 4442 2027 4496 Francisci
2074 4443 2495 4496 Sarmiento
2548 4441 2629 4493 de
2680 4440 3039 4494 Mendoza.

402 4514 626 4583 scripsit
665 4518 726 4568 de
765 4523 889 4569 ver'a
927 4523 975 4569 et
1012 4518 1260 4569 naturali
1298 4518 1530 4583 Quadam
1571 4532 1688 4567 cum
1745 4531 1914 4583 supra
1942 4531 1994 4581 p.
2023 4518 2199 4571 34821.
2228 4513 2601 4568 meminimus

401 4588 612 4639 Christo
638 4589 855 4643 unitate.
883 4603 1057 4654 quam
1085 4603 1184 4654 per
1217 4586 1448 4655 dignam
1479 4584 1688 4637 Eucha-

1826 4588 1860 4656 ¹)
1889 4584 1971 4640 Cf.
2014 4586 2295 4641 Sotvellus
2335 4603 2390 4654 p.
2435 4588 2569 4655 237;
2610 4582 3034 4652 Sommervogel

401 4657 593 4710 ristiae
610 4656 1024 4725 susceptionem
1045 4655 1232 4711 fideles
1249 4658 1688 4727 consequuntur,
1749 4655 1812 4719 V,
1840 4660 1961 4716 899,

401 4727 503 4795 qui
545 4730 815 4781 tractatus
856 4727 1121 4795 quamvis
1163 4744 1458 4795 nunquam
1503 4726 1688 4780 editus

1821 4733 1858 4792 2)
1888 4728 2050 4783 Alius
2070 4729 2162 4782 hic
2182 4731 2267 4782 est
2292 4728 2364 4781 ab
2383 4743 2465 4791 c0,
2487 4727 2576 4795 cuj
2587 4744 2652 4779 us
2671 4723 3035 4780 meminimus

399 4798 681 4882 videatur,
723 4799 857 4852 satis
897 4803 1091 4852 tamen
1130 4799 1400 4863 innotuit,
1440 4801 1505 4851 ut
1530 4799 1691 4866 patet
1745 4817 1797 4868 p.
1826 4803 1930 4856 303
1947 4819 1996 4856 a.

620 4897 813 4951 Hurter,
851 4897 1195 4944 Nomenclator
1234 4897 1318 4942 111.
1358 4897 1434 4943 ed.
1475 4897 1523 4942 3.

2597 4891 2666 4942 25
