3625 5193
1214 233 1493 287 Martinus
1526 232 1577 285 N
1582 249 1812 287 avarrus
1840 233 2238 304 (Azpilcueta).

411 248 529 302 345
2904 250 3028 306 346

406 436 677 492 mamque
693 418 1040 495 augendam.
1074 419 1591 479 Bartholomaeum
1612 418 1683 477 de
1740 419 2036 494 oppressit
2066 437 2223 477 mors
2257 414 2383 499 (21.
2407 414 2597 500 Jun.)‚
2633 418 2775 477 dum
2798 439 3021 478 aunum

406 507 682 565 Carranza
712 508 1213 584 archiepiscopum
1233 509 1565 567 tolosanum
1586 508 1681 586 (cf.
1739 511 1942 583 ageret
2007 517 2105 569 94.
2183 507 2433 565 Navarri
2504 508 2781 566 laudibus
2853 509 3031 583 plena

406 616 584 672 supra
598 615 654 671 p.
682 595 850 677 122),
872 616 1086 673 magna
1105 597 1399 656 industria
1420 597 1684 656 defendit
1740 599 1885 654 sunt
1917 596 2254 671 aequalium
2299 599 2361 654 et
2392 615 2459 655 eo
2492 597 2836 655 inferiorum
2870 614 3028 655 com-

404 688 567 762 prius
599 686 857 756 Pinciae,
905 686 1041 744 dein
1087 686 1318 756 Romae,
1373 706 1490 760 quo
1523 690 1681 744 octo·

403 776 682 852 genarius
715 776 1066 851 properavit.
1100 775 1170 833 In
1192 776 1298 833 hac
1319 775 1465 833 urbe
1486 775 1681 833 tribus

403 863 781 942 pontificibus
833 864 950 922 fuit
998 865 1208 922 eximie
1256 883 1425 923 carus
1459 864 1562 922 Pio
1593 863 1679 932 V.‚

400 954 682 1032 Gregorio
701 952 861 1010 XIII.
893 956 953 1011 et
971 953 1134 1012 Sixto
1155 953 1240 1024 V.‚
1274 956 1343 1011 ut
1375 972 1442 1012 eo
1474 954 1538 1011 in
1560 954 1679 1029 pri-

400 1044 512 1102 mis
546 1043 885 1101 consultore
917 1046 1233 1101 uterentur
1264 1042 1323 1100 in
1359 1042 1432 1101 iis
1465 1041 1679 1117 dijudi-

397 1132 614 1193 candis.
681 1131 902 1207 quibus
966 1132 1328 1190 conscientia
1377 1130 1682 1190 constricti

395 1227 686 1280 tenemur.
750 1223 835 1278 Ac
881 1221 1198 1296 Gregorius
1243 1221 1398 1279 XIII.
1445 1224 1680 1278 tantum

397 1310 623 1369 homini
673 1310 955 1368 honorem
1004 1310 1229 1378 habuit,
1280 1315 1350 1367 ut
1396 1327 1531 1366 cum
1576 1328 1681 1384 per

397 1400 608 1458 urbem
640 1398 756 1456 iter
785 1399 1007 1457 habens
1028 1402 1165 1457 ante
1186 1399 1313 1474 ejus
1347 1398 1519 1457 aedes
1541 1399 1674 1456 obe-

396 1490 681 1564 quitaret,
716 1488 996 1546 continuo
1008 1488 1250 1562 juberet
1281 1506 1414 1545 eum
1449 1487 1680 1545 evocari

395 1579 552 1636 foras
583 1580 645 1634 et
675 1577 972 1652 integram
1002 1577 1123 1634 fere
1157 1577 1359 1635 horam
1380 1575 1444 1633 in
1466 1576 1561 1633 via
1581 1576 1680 1633 de-

394 1668 614 1725 tineret
629 1661 692 1747 ¹).
724 1664 1025 1724 Indefesso
1059 1666 1257 1724 labore
1290 1684 1480 1739 usque
1500 1665 1564 1722 in
1583 1684 1678 1723 ex-

393 1763 650 1813 tremam
682 1757 1045 1813 senectutem
1078 1754 1275 1813 studio
1297 1754 1587 1824 incubuit,
1609 1753 1679 1810 il-

395 1844 619 1919 ludque
653 1842 777 1902 dies
799 1848 936 1902 ante
957 1861 1129 1901 suum
1155 1863 1185 1902 e
1204 1844 1331 1901 vita
1349 1843 1677 1901 discessum

396 1953 515 1992 non
550 1932 809 2008 amplius
832 1932 1096 2007 quinque
1118 1931 1461 2001 intermisit,
1495 1932 1677 1989 tanti-

396 2042 512 2098 que
546 2022 620 2080 ab
654 2021 930 2080 omnibus
961 2021 1384 2080 aestimabatur
1399 2022 1526 2096 ejus
1543 2040 1678 2078 eru·

395 2111 546 2169 ditio
578 2115 638 2169 et
669 2110 1004 2186 prudentia,
1053 2115 1123 2168 ut
1167 2128 1447 2185 responsa
1491 2110 1681 2185 ipsius

397 2200 774 2259 oraculorum
817 2200 1011 2257 instar
1043 2200 1420 2268 haberentur,
1454 2203 1514 2256 et
1547 2198 1675 2273 qui-

398 2290 566 2358 libet,
601 2289 706 2363 qui
739 2289 804 2346 in
833 2289 1032 2363 aliqua
1052 2287 1334 2346 facultate
1356 2287 1678 2356 excelleret,

396 2380 549 2436 alter
609 2377 663 2435 N
683 2395 1006 2436 avarrus
1053 2377 1471 2453 appellaretur.
1536 2378 1679 2435 Cum

396 2471 568 2525 tanta
627 2466 953 2524 eruditione
1014 2466 1333 2524 solidarum
1383 2465 1680 2523 virtutum

398 2556 711 2632 conjunxit
755 2555 1070 2614 culturam.
1134 2554 1480 2614 Cathedram
1523 2573 1676 2612 nuu-

399 2665 576 2720 quam
609 2644 967 2713 conscendit,
1002 2644 1150 2719 quin
1167 2644 1224 2705 b.
1250 2643 1508 2719 Virginis
1529 2643 1675 2702 reci·

398 2737 590 2793 tasset
620 2730 1004 2807 rosarium²);
1038 2733 1278 2791 Tolosae
1299 2751 1364 2791 ac
1380 2733 1679 2790 Salaman-

397 2824 547 2881 ticae
597 2824 700 2899 qui
750 2842 920 2880 mane
968 2826 1315 2897 conspectus
1378 2823 1569 2879 fuerat
1616 2820 1681 2877 in

398 2931 614 2990 magna
644 2912 986 2969 auditorum
1020 2929 1230 2969 corona
1253 2911 1355 2985 jus
1389 2909 1679 2985 pontifici-

402 3022 500 3059 um
546 2998 948 3075 interpretari,
993 3018 1236 3074 vespere
1280 2998 1677 3074 deprehende-

402 3090 577 3148 batur
607 3089 670 3146 in
701 3088 1053 3147 nosocomiis
1085 3087 1318 3146 infimae
1363 3088 1540 3146 sortis
1588 3106 1680 3144 ae-

402 3177 585 3254 grotis
618 3178 992 3253 praecinctus
1038 3176 1283 3235 linteolo
1317 3177 1498 3235 lectos
1531 3180 1679 3234 ster-

402 3286 554 3338 nere,
590 3267 788 3324 sordes
819 3266 1142 3342 detergere,
1178 3266 1375 3324 cibum
1408 3267 1471 3323 in
1504 3285 1567 3324 os
1589 3265 1678 3323 in-

404 3374 608 3426 serere,
631 3357 866 3413 nullum
888 3355 1064 3413 officii
1081 3354 1142 3412 in
1160 3373 1257 3413 eos
1275 3373 1464 3430 genus
1488 3373 1679 3429 quan-

401 3445 623 3503 tumvis
687 3444 975 3502 illiberale
1037 3445 1133 3501 vel
1181 3444 1484 3503 sordidum
1535 3464 1569 3502 a
1618 3462 1679 3501 se

401 3535 659 3591 alienum
689 3533 929 3591 ducere:
968 3532 1203 3607 jejunia
1246 3533 1681 3607 nonagenarius

403 3640 570 3681 senex
625 3621 928 3691 servabat3
963 3621 1126 3679 ‘mire
1174 3640 1404 3695 semper
1445 3621 1676 3680 miseri-

402 3711 629 3769 cordiae
645 3711 930 3771 virtutem
940 3709 1213 3780 excoluit,
1233 3709 1374 3769 adeo
1387 3713 1456 3768 ut
1469 3729 1676 3786 equuS,

401 3819 514 3875 quo
547 3798 893 3869 vehebatur,
928 3800 1136 3875 sponte
1170 3817 1276 3856 sua
1307 3798 1380 3856 ad
1415 3799 1677 3873 cujusvis

400 3889 674 3964 pauperis
705 3906 1014 3947 occursum
1046 3887 1421 3947 consisteret:
1475 3888 1545 3944 ad
1579 3906 1677 3945 ex-

400 3977 667 4053 cipienda
716 3977 959 4052 quaevis
1008 3975 1368 4051 reipublicae
1417 3981 1538 4033 tam
1584 3994 1671 4033 ec·

400 4066 760 4125 clesiasticae
805 4085 985 4140 quam
1031 4066 1214 4124 seculi
1264 4084 1512 4124 munera
1543 4064 1676 4123 ubi-

402 4174 514 4230 que
544 4158 674 4213 erat
705 4154 881 4230 plane
926 4154 1315 4215 inexorabilis
1362 4153 1509 4211 Eum
1542 4158 1674 4214 tan-

399 4244 530 4301 dem
578 4245 812 4301 meritis
861 4243 1188 4319 repudiatis
1251 4262 1427 4317 quam
1491 4243 1678 4317 gestis

398 4331 723 4391 honoribus
756 4334 1045 4407 potiorem
1078 4338 1259 4406 atque
1293 4331 1675 4389 illustriorem

475 4507 513 4574 1)
538 4500 591 4556 J.
621 4501 819 4561 Nicius
857 4499 1205 4570 Erythraeus
1243 4500 1302 4555 in
1344 4499 1534 4555 Pinac.
1560 4501 1601 4567 Ι,
1629 4506 1679 4557 1.

472 4581 491 4612 ²
544 4572 616 4627 Er
655 4573 758 4627 hat
782 4576 853 4630 60
876 4568 1048 4627 Jahre
1085 4573 1220 4642 lang
1259 4570 1366 4626 den
1389 4570 1680 4629 Katheder

400 4644 488 4699 nic
533 4648 560 4698 t
587 4644 895 4715 bestiegen,
924 4643 1072 4701 ohne
1112 4645 1315 4698 vorher
1341 4644 1451 4697 den
1475 4642 1680 4696 Roseu-

400 4716 568 4770 kranz
595 4734 664 4770 zu
691 4717 877 4771 beten.
929 4713 1425 4783 Historisoh·polit.
1467 4712 1681 4770 matter

401 4787 573 4841 mv
599 4790 800 4859 (1869),
824 4791 948 4844 443.

627 4990 662 5009 V

1738 685 2044 756 mentaria,
2096 685 2331 760 quoties
2382 686 2603 743 mentio
2635 688 2764 761 ejus
2800 685 3026 757 incidit,

1740 775 2075 850 passimque
2108 774 2415 832 doctorum
2440 774 2598 850 juris
2633 775 2899 833 canonici
2920 793 3031 833 sua

1738 865 1931 922 aetate
1980 863 2151 922 facile
2205 862 2477 938 princeps
2528 863 2826 921 salutatur
2840 861 2906 942 ¹),
2967 867 3029 922 et

1738 952 1916 1010 etiam
1978 951 2260 1010 Buddeus
2312 955 2644 1027 protestans
2710 948 3024 1032 fatetur²):

1749 1040 1949 1113 „Inter
1980 1040 2337 1115 interpretes
2378 1041 2536 1115 juris
2584 1041 2867 1108 canonici,
2921 1041 3028 1117 qui

1739 1147 1850 1188 sec.
1871 1128 2018 1187 XVI.
2037 1129 2384 1197 floruerunt,
2422 1129 2735 1187 maximam
2770 1148 2911 1205 prae
2933 1149 3025 1188 re-

1737 1218 1922 1294 liquis
1954 1218 2358 1276 celebritatem
2411 1218 2712 1276 consecuti
2746 1223 2889 1277 sunt
2922 1220 3025 1276 Di-

1736 1307 2449 1366 dacusCovarruvias
2484 1303 2579 1388 (cf.
2598 1325 2848 1383 suprap.
2875 1306 3026 1388 120)

1736 1402 1796 1453 et
1830 1396 2121 1454 Martinus
2155 1396 2666 1471 Azpilcueta.‘
2723 1396 2913 1454 Etiam
2950 1397 3017 1453 in

1736 1485 2031 1562 theologia
2050 1485 2257 1542 morali
2280 1485 2490 1543 merito
2509 1485 2852 1543 auctoribus
2872 1486 3022 1543 clas-

1738 1574 1875 1632 sicis
1925 1579 2283 1642 accensetur,
2332 1577 2392 1632 et
2429 1573 2632 1648 judice
2667 1573 2827 1650 Gury
2860 1574 3022 1631 inter

1736 1663 2104 1737 antiquiores
2135 1663 2423 1721 casuistas
2457 1666 2548 1721 est
2580 1663 2709 1737 ipse
2742 1662 3022 1721 eminens.

1836 1850 1976 1904 151.
2010 1840 2259 1898 Navarri
2307 1857 2505 1914 opera,
2557 1858 2706 1915 quae
2759 1841 3027 1897 omnium

1739 1930 2010 1987 munibus
2020 1933 2356 2000 versantur,
2370 1948 2492 1987 non
2502 1929 2624 1987 sine
2639 1929 2830 2004 ipsius
2850 1929 3022 1987 laude

1735 2021 1797 2076 et
1842 2018 2166 2094 legentium
2213 2014 2476 2098 fructuss)
2524 2017 2873 2100 prodierunt
2905 2019 3022 2075 Ro-

1942 2158 2057 2165 ,-

1817 2227 1851 2292 ¹)
1881 2221 1963 2276 Cf.
1991 2223 2249 2276 encomia
2286 2223 2345 2274 in
2386 2222 2525 2277 bibl.
2560 2223 2708 2291 hisp.
2737 2223 2888 2275 n'ova
2914 2221 2950 2274 l.
2977 2240 3022 2275 c.

1737 2293 1819 2348 Cf.
1838 2294 1906 2346 de
1925 2292 2101 2361 ipsius
2122 2292 2242 2345 vita
2261 2294 2433 2346 etiam
2455 2293 2625 2362 plura
2640 2292 2697 2344 in
2718 2293 2839 2361 ejus
2857 2308 2905 2360 el
2930 2293 3023 2347 ist.

1734 2364 2095 2435 apologetica
2134 2364 2206 2418 ad
2235 2364 2299 2419 D.
2328 2365 2496 2419 Gabr.
2538 2365 2606 2418 de
2636 2361 2821 2418 Cueva
2846 2362 2906 2415 in
2935 2363 3020 2418 ed.

1736 2453 1874 2490 rom.
1905 2438 1945 2490 t.
1974 2440 2023 2491 2.

1812 2515 1851 2572 ²)
1880 2509 2022 2577 Isag.
2050 2506 2180 2560 hist„
2210 2506 2381 2560 theol.
2409 2506 2446 2559 l.
2473 2510 2506 2561 2
2534 2522 2580 2563 c.
2607 2510 2640 2561 ὃ
2668 2515 2695 2571 5
2723 2510 2769 2561 7.

1809 2585 1851 2643 ³)
1881 2578 1962 2634 Cf.
2011 2579 2181 2633 verba
2225 2576 2427 2646 synodi
2478 2576 3023 2631 mechlinensis

1736 2667 1786 2704 a.
1817 2655 1971 2715 1607,
2000 2650 2210 2718 quibus
2236 2650 2358 2719 ejus
2379 2649 2645 2730 manuale
2665 2648 3025 2729 commendat

1738 2722 2424 2846 {gssfissrssifffississffiffi
2438 2738 2511 2844 1²1¹?
2515 2719 3025 2870 321211'333‘333253

1737 2863 1972 2927 classici,
2020 2867 2087 2917 ut
2125 2867 2287 2933 patet
2330 2881 2394 2917 ex
2433 2863 2522 2916 his
2563 2881 2607 2916 s.
2632 2862 2915 2930 Alphonsi
2939 2862 3023 2914 L1-

1779 2935 1885 2989 orii
1929 2935 2115 2988 verbis
2160 2933 2397 3001 (dissert.
2440 2934 2779 2988 scholastica
2820 2932 3022 2986 morali

1737 2954 1921 3074 {Jeep
1949 3011 2139 3075 1755):
2195 3005 2437 3069 „Sedulo
2480 3021 2701 3075 semper
2726 3005 3022 3058 adverten-

1739 3077 1894 3140 dum,
1931 3077 2084 3144 quod
2109 3076 2420 3130 auctoritas
2446 3075 2787 3144 scriptorum
2815 3092 2927 3130 non
2955 3091 3024 3127 ex

1739 3147 2131 3213 multitudine,
2150 3148 2246 3201 sed
2263 3163 2328 3200 ex
2344 3163 2537 3201 eorum
2559 3146 2842 3216 gravitate
2860 3146 3022 3198 aesti-

1737 3220 1884 3272 mari
1909 3219 2110 3272 debet:
2154 3218 2237 3272 ita
2276 3223 2343 3272 ut
2369 3235 2681 3287 paucorum
2725 3217 2815 3270 vel
2851 3217 3021 3270 etiam

1737 3290 1913 3344 unius
1928 3289 2172 3344 doctoris
2200 3288 2432 3358 speciali
2460 3288 2697 3341 scientia
2717 3305 2781 3340 ac
2803 3288 3020 3357 pietate

1737 3360 1984 3432 praediti
2047 3361 2354 3414 auctorit-as
2417 3359 2546 3412 aliis
2594 3357 2858 3428 pluribus
2921 3358 3019 3410 ali·

1737 3433 1966 3502 quando
1996 3431 2362 3500 praeferenda.
2383 3430 2475 3486 sit.
2505 3429 2555 3482 N
2560 3446 2632 3482 on
2652 3430 2801 3482 enim
2823 3428 3020 3481 eodem
3106 3431 3118 3443 ⁶

1741 3504 1904 3558 modo
1930 3501 2101 3554 inniti
2125 3518 2426 3571 possumus
2451 3500 2787 3554 auctoritate
2803 3498 3023 3564 aliquo-

1735 3592 1864 3628 rum
1879 3575 2191 3635 auctorum,
2216 3576 2362 3641 puta
2383 3569 2748 3634 CaramueliS,
2763 3569 3023 3634 Zanardi,

1733 3644 1969 3700 Joannis
2009 3642 2209 3707 Sancii,
2246 3643 2504 3708 Leandri,
2530 3641 2762 3696 Martini
2806 3658 2840 3694 a
2864 3658 2905 3695 s.
2933 3639 3020 3694 J0.

1735 3717 1892 3786 seph,
1921 3715 2154 3779 Dianae,
2180 3714 2416 3769 Antonii
2443 3732 2476 3767 a
2504 3713 2724 3784 Spiritu
2751 3731 2812 3777 s.‚
2859 3712 3021 3766 Tam-

1736 3787 1944 3852 burini,
1991 3786 2265 3854 Pasquali
2306 3786 2324 3839 i
2364 3788 2424 3840 et
2458 3784 2719 3850 aliorum,
2763 3784 2864 3853 qui
2890 3783 3024 3838 licet

1734 3858 1890 3911 docti
1916 3861 1975 3912 et
1999 3857 2165 3927 probi
2190 3874 2254 3911 ac
2318 3875 2426 3911 ono
2468 3858 2579 3910 fine
2618 3857 2775 3910 ducti
2802 3855 3021 3909 fuerint

1735 3939 1873 3996 (non
1898 3928 2050 3984 enim
2091 3929 2243 3983 mala.
2282 3930 2390 3983 fide
2418 3927 2715 3983 tradidisse
2743 3945 2824 3991 ea,
2871 3942 3018 3994 quae

1734 4002 2098 4070 scripserunt,
2144 4000 2230 4054 fas
2274 4002 2361 4054 est
2384 3999 2695 4071 suspicari),
2721 4002 2912 4052 tamen
2936 3998 3018 4050 in-

1733 4073 1887 4126 cauti
1927 4073 1987 4124 in
2026 4071 2287 4140 pluribus
2332 4070 2696 4140 opinionibus
2734 4068 2905 4122 nimis
2934 4069 3017 4122 be-

1735 4142 2007 4213 nignitati
2023 4142 2385 4198 indulserunt
2403 4165 2415 4196 :
2440 4142 2592 4196 sicut
2606 4141 2908 4195 innitimur
2923 4156 3018 4193 au-

1734 4214 1995 4268 ctoritati
2012 4213 2218 4279 Suarii,
2247 4214 2385 4277 Soti,
2414 4213 2621 4275 Azorii,
2648 4213 2806 4275 Cani,
2833 4209 3020 4274 silvii,

1735 4286 2012 4355 Cajetani,
2038 4284 2281 4349 Banna,
2310 4287 2565 4350 Navarrs',
2588 4283 2890 4346 Paludaui,
2926 4283 3020 4335 To·

1733 4362 1838 4422 leti,
1885 4356 2177 4425 Sylvestri,
2220 4354 2413 4419 Lessii,
2465 4355 2687 4425 Angeli,
2742 4354 3018 4423 Vasquez,

1735 4428 2025 4493 Armillae,
2057 4427 2366 4491 Valentiam,
2395 4426 2728 4495 Laymanni,
2766 4426 3018 4485 Molinae,

1736 4497 2397 4580 debLugo,.Castropalai,
2416 4497 2752 4560 Bonacinae‚
2777 4496 2897 4550 Em.
2926 4496 3019 4557 Sa,

1735 4568 1941 4635 Pontii,
1957 4568 2290 4635 Cabassutii,
2307 4568 2715 4625 continuatoris
2731 4567 2810 4622 To
2818 4563 3019 4631 urnely

1736 4641 2099 4712 Roncagliae‚
2162 4638 2710 4703 Salmanticensium‚
2762 4637 3015 4691 Petroco-

1735 4714 1928 4779 rensis,
1956 4712 2178 4780 Abelly,
2205 4710 2503 4776 Cardenae,
2528 4708 2795 4773 Coninck,
2819 4709 3016 4785 Gama-

1738 4784 1913 4849 chaei,
1942 4783 2239 4837 Isamberti
2266 4794 2324 4835 et.
2347 4781 2606 4847 aliorum,
2635 4797 2877 4848 quorum
2917 4792 3016 4828 sci-
