3625 5193
1437 254 1547 314 Leo
1577 255 1645 309 de
1672 256 1885 309 Castro·
2842 269 2968 323 234

355 272 480 325 233

354 449 406 499 et
437 460 580 499 nova
614 458 684 498 ex
713 441 977 498 hebraico
1007 442 1189 499 versio
1209 460 1332 499 cum
1355 460 1635 500 commen-
1691 441 1857 499 tiatis
1889 450 1949 498 et
1982 459 2099 498 una
2131 458 2266 498 cum
2315 438 2752 498 introductione
2784 459 2970 515 punc·

355 532 528 604 tario,
563 530 627 586 in
661 548 779 603 quo
813 529 1127 604 utriusque
1160 530 1310 589 ratio
1341 531 1633 601 redditur,
1691 534 1891 588 torum
1921 529 2213 604 corruptis
2245 546 2365 586 non
2402 546 2528 585 eam
2549 527 2720 586 fidem
2753 529 2971 588 haben-

353 619 636 694 vulgatus
649 617 1388 693 interpresaplurimorum
1408 620 1632 678 calum·
1691 619 1843 687 dam,
1880 638 2057 692 quam
2089 616 2465 675 existimabat
2498 616 2802 676 doctorum
2836 618 2967 677 vul-

353 708 471 765 niis
504 706 858 776 vindicatur,
910 711 970 765 et
1015 707 1127 766 loci
1160 726 1382 777 omneS,
1418 709 1636 783 quibus
1691 726 1825 784 gus,
1861 725 2178 781 veramque
2210 705 2411 781 potius
2461 708 2522 762 et
2569 705 2969 765 indubitatam

355 814 498 854 sana
514 795 787 853 doctrina
819 796 1097 855 adversus
1119 797 1437 856 haereticos
1456 801 1635 872 atque
1691 814 1897 855 eorum
1930 796 2218 854 librorum
2243 794 2598 853 sententiam
2630 795 2695 852 in
2727 796 2973 871 vulgata

352 884 616 943 «Iudaeos
630 884 1635 958 confirmaripotest,summostudi0
1691 903 1733 943 a.
1767 885 2115 960 Hieronymi
2132 880 2178 963 1)
2231 888 2412 958 atque
2463 883 2607 941 item
2654 884 2717 942 in
2761 903 2972 960 graeca

353 992 421 1031 ac
435 973 748 1049 diligentia
772 973 1160 1049 explicantur,
1179 974 1440 1033 Venetiis
1470 984 1633 1038 1563
1690 973 1841 1031 LXX
1874 974 2176 1033 seniorum
2206 971 2702 1031 translationibus
2733 973 2968 1047 perqui-

355 1062 424 1120 in
450 1063 506 1130 f.,
540 1061 916 1136 Antwerpiae
957 1071 1141 1125 1565.
1183 1063 1442 1140 Dignum
1483 1064 1633 1122 illud
1690 1062 1960 1127 rendam.
1992 1063 2181 1137 Super
2200 1079 2318 1137 quo
2340 1078 2473 1118 cum
2493 1060 2812 1119 Benedicto
2834 1063 2974 1120 Aria

350 1153 719 1209 censuerunt
760 1150 1161 1220 londinenses,
1202 1152 1365 1227 quod
1414 1152 1477 1211 in
1511 1153 1634 1211 suis
1691 1152 1974 1210 Montano
2008 1146 2105 1233 (cf.
2138 1168 2317 1227 supra
2330 1170 2385 1226 p.
2405 1148 2556 1228 219)
2589 1193 2602 1205 .
2636 1195 2648 1206 .
2684 1195 2698 1208 .
2731 1155 2969 1208 conten-

356 1239 588 1297 Criticis
623 1240 801 1297 sacris
833 1242 875 1297 t.
915 1249 970 1301 5.
1018 1240 1082 1296 in
1113 1241 1429 1316 prophetas
1470 1251 1632 1304 1660
1689 1240 1873 1298 tionis
1905 1241 2012 1298 diu
2040 1240 2242 1298 funem
2290 1239 2471 1295 traxit
2515 1239 2683 1313 quasi
2715 1239 2970 1298 nimium

351 1329 572 1386 iterum
603 1328 847 1386 ederent
879 1331 941 1386 et
972 1328 1168 1404 Migne
1199 1331 1261 1388 in
1292 1348 1469 1389 suum
1501 1348 1634 1389 cur·
1690 1329 1929 1387 credulo
1979 1327 2239 1400 veritati,
2291 1329 2362 1385 ut
2407 1327 2537 1402 ipse
2597 1327 2969 1402 loquebatur,

355 1436 490 1474 sum
523 1435 566 1475 s.
603 1417 943 1491 Scriptura-e
963 1418 1266 1493 reciperet.
1301 1420 1384 1477 De
1404 1437 1470 1477 eo
1491 1420 1635 1478 scri·
1691 1418 2028 1476 hebraicae:
2092 1417 2187 1475 cui
2236 1419 2538 1491 tamquam
2586 1416 2862 1492 originali
2912 1421 2973 1475 et

353 1506 442 1564 bit
494 1506 698 1565 Sixtus
753 1506 1017 1564 senensis
1034 1503 1112 1585 ¹):
1183 1507 1474 1574 ‚Nullum
1524 1527 1634 1566 un-

352 1613 534 1669 quam
596 1613 745 1668 opus
795 1595 859 1653 in
907 1595 1016 1654 hoc
1065 1595 1360 1654 scribendi
1423 1615 1636 1672 genere

353 1683 576 1758 prodiit
607 1684 670 1740 in
703 1683 911 1750 lucem,
959 1684 1120 1758 quod
1167 1685 1415 1760 aequius
1446 1685 1637 1761 possit

351 1773 740 1846 cornucopiae
774 1772 1116 1848 appellari<
1164 1774 1309 1849 Ejus
1341 1790 1632 1832 commen-

351 1860 502 1918 taria
549 1861 612 1943 ip
646 1861 685 1918 J
689 1861 784 1930 ob,
818 1862 1156 1936 ProphetaS,
1210 1862 1270 1921 ll.
1306 1862 1636 1921 Salomonis

349 1953 416 2007 et
448 1949 770 2025 Evangelia
802 1955 1153 2009 manserunt
1185 1951 1426 2010 inedita.

451 2118 593 2170 1⁰2.
627 2108 834 2166 Eidem
853 2109 1046 2168 Isaiae
1065 2109 1417 2170 illustrando
1438 2112 1637 2170 studia

354 2216 459 2254 sua
511 2199 874 2257 consecravit
922 2199 1035 2257 Leo
1079 2199 1150 2257 de
1201 2199 1483 2268 CastrO,
1531 2200 1634 2275 qui

354 2286 739 2345 Salmanticae
790 2286 1096 2362 ingenium
1159 2307 1289 2346 acre
1350 2291 1410 2347 et
1460 2307 1637 2364 capax

357 2375 767 2451 insignemque
813 2377 1156 2434 memoriam
1201 2377 1460 2436 excoluit
1500 2378 1636 2437 lite-

357 2465 453 2533 ris,
489 2469 548 2521 et
582 2464 858 2539 pervigili
892 2464 1187 2523 industria
1222 2470 1401 2542 atque
1439 2467 1637 2525 labore

360 2553 626 2629 improbo
659 2557 832 2612 nocte
866 2553 1077 2630 dieque
1108 2554 1182 2613 ad
1201 2555 1637 2632 procudendam

357 2643 468 2701 sibi
498 2663 529 2702 e
563 2643 750 2702 sacris
783 2643 970 2702 literis
1004 2663 1123 2702 non
1156 2646 1467 2722 vulgarem
1502 2665 1636 2704 eru·

356 2732 601 2792 ditionis
632 2732 864 2790 laudem
896 2732 1013 2791 fuit
1046 2734 1273 2797 enixus.
1335 2734 1636 2810 Quinqua-

357 2822 523 2897 ginta
540 2824 602 2879 et
617 2822 778 2878 ultra
807 2840 990 2880 annos
1020 2823 1422 2898 eloquentiam
1437 2823 1638 2882 docuit

350 2911 730 2984 juventutem
756 2910 1064 2985 hispanam
1095 2931 1126 2970 e
1158 2912 1441 2988 primaria
1460 2912 1638 2987 hujus

357 2999 738 3074 professionis
787 3000 1079 3058 cathedra.
1144 3001 1195 3059 N
1202 3001 1448 3060 ominari
1499 3020 1637 3059 vero

1689 1506 1956 1565 illibatae
1987 1524 2107 1564 una
2126 1523 2259 1563 cum
2279 1504 2775 1563 translationibus
2804 1525 2969 1581 grae-

1691 1614 1775 1665 ca,
1811 1595 2000 1653 latina
2049 1597 2110 1652 et
2140 1593 2269 1652 aliis
2301 1595 2631 1667 compertae
2676 1593 2812 1653 fidei
2845 1594 2973 1654 dari

1690 1684 1905 1742 debere
1935 1683 2129 1741 locum
2161 1683 2224 1741 in
2254 1683 2512 1741 editione
2561 1681 2663 1740 illa
2709 1684 2970 1758 pervica-

1691 1773 1837 1830 citer
1884 1773 2001 1831 Leo
2051 1771 2429 1848 pernegabat.
2491 1769 2563 1828 In
2614 1771 2721 1830 hoc
2770 1775 2972 1830 tamen

1689 1862 1915 1919 frustra
1944 1880 2080 1919 eum
2112 1860 2427 1930 laborasse,
2459 1877 2565 1918 nec
2585 1859 2972 1919 hebraeorum

1690 1950 1982 2008 librorum
2034 1949 2451 2008 auctoritatem
2497 1949 2580 2006 sic
2620 1949 2790 2008 facile
2835 1967 2972 2008 con·

1692 2039 1834 2097 velli
1865 2057 2055 2113 posse,
2079 2038 2344 2096 virorum
2365 2036 2789 2106 excellentium,
2826 2056 2973 2112 quos

1692 2127 1872 2202 hujus
1933 2127 2165 2202 liuguae
2216 2145 2330 2185 usu
2376 2131 2554 2201 atque
2604 2127 2731 2201 ejus
2775 2126 2971 2202 gentis

1692 2216 1974 2274 historiae
2006 2215 2341 2290 cognitione
2372 2216 2742 2290 praestantes
2765 2215 2971 2273 habuit

1693 2306 1799 2363 hoc
1835 2300 2067 2383 (XVII.)
2102 2308 2163 2362 et
2193 2303 2467 2379 superius
2499 2304 2781 2374 seculum,
2817 2322 2971 2362 com-

1691 2394 1890 2452 munis
1924 2393 2040 2451 fuit
2070 2392 2444 2451 existimatio.
2507 2393 2590 2449 At
2637 2392 2740 2450 ille
2790 2411 2857 2450 eo
2908 2393 2971 2449 in

1692 2482 1990 2552 omnibuS,
2043 2501 2193 2556 quae
2227 2482 2289 2539 in
2322 2481 2513 2539 lucem
2546 2481 2816 2556 protulit,
2850 2481 2968 2539 col-

1690 2572 1943 2641 limavit,
1977 2571 2290 2647 praecipue
2322 2569 2386 2629 in
2417 2589 2589 2645 opere
2607 2570 2731 2639 illo,
2766 2570 2971 2629 cuiin-

1694 2661 1963 2736 scripsit:
1998 2662 2399 2736 Apoloyeticus
2432 2678 2539 2726 pro
2571 2661 2801 2718 lectione
2833 2676 2971 2733 apo-

1692 2752 1892 2808 stolica
1923 2758 1973 2808 et
2006 2751 2338 2826 et’anyelica,
2370 2767 2475 2824 pro
2496 2750 2741 2825 vulgata
2762 2749 2816 2811 d.
2835 2749 2972 2807 Hie-

1691 2835 2008 2919 ronymi2),
2058 2857 2164 2913 pro
2215 2838 2605 2895 translatione
2636 2838 2785 2896 Lxx
2817 2840 2973 2895 viro-

1691 2948 1844 2997 rum,
1878 2946 2101 3003 proque
2122 2928 2282 2987 omni
2303 2927 2698 2985 ecclesiastica
2719 2926 2973 2985 lectione

1693 3020 1897 3076 contra
1928 3035 2130 3075 earum
2163 3016 2606 3085 obtrectatores,
2660 3015 2972 3074 Salmanti-

359 3088 607 3146 maxime
640 3089 834 3162 coepit
878 3092 1123 3164 propter
1171 3109 1277 3148 sua
1307 3109 1442 3149 cum
1475 3109 1635 3148 sum-

358 3177 465 3234 mis
498 3177 630 3251 ejus
668 3177 881 3235 aetatis
902 3176 1047 3236 viris
1069 3179 1409 3238 certamina.
1446 3180 1634 3247 ,Con-

359 3266 548 3323 tendit
593 3265 882 3323 nimirum
926 3267 1059 3336 Leo.
1106 3268 1313 3325 scribit
1353 3268 1480 3325 Nic.
1516 3269 1636 3325 An-

357 3352 637 3433 tonius2),
692 3354 978 3412 hebraicis
1039 3355 1242 3414 bibliis
1287 3361 1499 3431 utpote
1550 3356 1637 3415 vi-

1692 3124 1791 3164 cae
1830 3115 1996 3168 1585
2029 3106 2092 3163 in
2126 3102 2247 3185 f.³).
2279 3104 2325 3162 E
2359 3104 2593 3163 biblicis
2625 3104 2793 3162 libris
2825 3103 2973 3162 Isai-

1773 3318 1804 3375 ι)
1834 3310 2071 3364 Censuit
2106 3310 2258 3364 enim
2287 3328 2328 3364 s.
2355 3310 2643 3363 doctorem
2682 3325 2794 3362 non
2833 3308 2975 3360 citra

1692 3400 1734 3435 s.
1762 3381 2013 3451 Spiritus
2053 3381 2431 3435 assistentiam
2473 3396 2633 3432 suain
2672 3379 2973 3432 adornasse

360 3478 496 3483 —-
1692 3454 2024 3518 versionem,
2072 3470 2184 3521 qua
2225 3452 2457 3522 adjutus
2501 3451 2653 3504 locos
2680 3451 2975 3518 corruptos

360 3523 528 3577 selten
561 3522 732 3576 sucht
751 3540 810 3575 er
826 3522 935 3576 den
951 3524 1318 3581 hebraischen
1336 3525 1477 3578 Text
1492 3526 1636 3579 nach
1694 3526 1884 3577 textus
1911 3523 2208 3594 originalis
2226 3523 2530 3575 secundum
2546 3519 2902 3589 primitivum
2920 3521 2977 3571 et

362 3594 543 3647 blosser
571 3593 873 3664 Conjectur
917 3613 986 3648 zu
1033 3597 1371 3661 verbessern,
1412 3615 1471 3651 er
1508 3598 1640 3650 thut
1691 3596 2005 3664 genuinum
2032 3611 2257 3648 sensum
2284 3593 2511 3648 reddere
2536 3591 2805 3659 potuerit.

359 3664 532 3718 dieses
612 3665 750 3718 aber
829 3666 1001 3719 ofters
1076 3668 1225 3721 ohne
1300 3668 1637 3738 genligende
1768 3671 1807 3737 ²)
1838 3666 1943 3720 Pro
1969 3666 2075 3719 hac
2115 3681 2346 3734 quoque
2382 3662 2543 3717 stetit
2567 3661 2833 3715 Nicolaus
2859 3661 2975 3713 Ra-

360 3736 634 3789 Grfinde.“
691 3735 937 3791 Richard
983 3737 1176 3791 Simon
1223 3738 1466 3792 Histoire
1517 3740 1635 3792 crit.
1693 3755 1842 3791 mos
1871 3736 2103 3799 O.Min.‚
2132 3735 2448 3805 theologiae
2462 3734 2655 3797 lector,
2680 3734 2976 3802 episcopus

361 3807 433 3860 du
461 3809 526 3862 V.
556 3808 618 3861 T.
645 3807 682 3860 l.
710 3811 760 3864 3.
778 3825 820 3861 c,
856 3812 941 3865 15:
973 3808 1053 3871 „11
1079 3809 1188 3862 fait
1216 3811 1339 3863 voir
1356 3809 1497 3863 dans
1515 3813 1641 3865 tout
1693 3807 1901 3863 Portus
1927 3808 2124 3861 divitis
2150 3807 2212 3861 in
2241 3806 2499 3860 America
2525 3809 2710 3873 (1591;
2738 3815 2765 3865 †
2792 3808 2973 3868 1597),

361 3895 453 3930 son
481 3896 554 3933 ou
702 3894 748 3944 e,
797 3879 952 3948 qu’il
997 3880 1140 3933 etait
1182 3882 1372 3934 exerce
1417 3882 1561 3935 dans
1585 3881 1638 3936 le
1694 3880 1825 3934 dein
1852 3879 2307 3949 archiepiscopus
2330 3897 2369 3932 a.
2390 3876 2687 3940 Dominici,
2716 3875 2775 3928 in
2802 3893 2976 3929 asser-

362 3952 499 4018 style
520 3950 591 4003 de
618 3950 659 4003 l'
719 3950 946 4005 criture.
975 3951 1021 4004 Il
1039 3953 1083 4005 s'
1100 3952 1287 4018 etend,
1308 3956 1342 4006 a
1360 3953 1417 4005 la
1437 3953 1638 4019 verite,
1694 3957 1832 4007 tione
1856 3955 2040 4005 veteris
2076 3953 2324 4017 Vulyatae
2348 3952 2583 4003 lectionis
2601 3948 2769 4015 juxta.
2795 3946 2976 3999 decre-

361 4020 718 4089 quelquefois
733 4039 832 4074 sur
844 4021 899 4074 le
914 4040 1039 4076 sens
1056 4023 1256 4077 moral:
1272 4024 1414 4077 mais
1425 4041 1638 4078 comme
1696 4026 1819 4078 tum
1845 4021 2190 4077 sacrosancti
2209 4037 2363 4074 conc.
2384 4018 2697 4082 tridentini,
2726 4017 2975 4071 Salman-

357 4091 398 4143 il
422 4108 491 4145 ne
519 4096 562 4145 s*
579 4093 803 4163 eloigne
847 4095 1049 4163 gueres
1094 4093 1162 4148 de
1202 4112 1300 4148 son
1328 4097 1495 4163 sujet,
1523 4095 1640 4149 cela
1693 4095 1837 4149 ticae
1865 4098 2004 4151 1576
2028 4092 2090 4146 in
2109 4096 2179 4155 4.,
2207 4108 2350 4160 quae
2378 4090 2681 4154 doctrinae,
2710 4087 2976 4142 eruditio-

363 4166 467 4215 sert
516 4167 552 4217 a
600 4163 854 4217 &claircir
897 4165 1217 4235 davantage
1261 4166 1312 4220 le
1357 4166 1571 4220 litteral
1589 4180 1633 4237 ;“
1695 4166 1784 4218 nis
1812 4167 1870 4219 et
1897 4163 2217 4245 elegantiae
2262 4163 2495 4232 plenum
2539 4178 2684 4232 opus
2710 4160 2918 4213 dicitur
2942 4176 2976 4211 a

363 4233 477 4286 Nic.
503 4235 793 4289 Antonius
819 4234 893 4290 ib.
921 4238 962 4300 Ι,
987 4241 1109 4294 426.
1696 4236 1763 4289 N.
1793 4238 2043 4289 Antonio
2072 4235 2141 4298 ΙΙ,
2169 4238 2289 4290 155.
2341 4234 2474 4286 Pars
2501 4232 2677 4286 altera
2709 4231 2918 4284 dicitur
2942 4246 2977 4282 a

436 4312 472 4375 ¹)
496 4305 771 4361 Biblioth.
817 4324 858 4359 s.
906 4308 1000 4374 IV,
1046 4312 1148 4365 367
1178 4308 1261 4362 ed.
1303 4307 1420 4362 Mil.
1464 4307 1637 4362 Juxta
1697 4307 1964 4362 Sbaralea
1991 4306 2265 4376 prodiisse
2293 4304 2517 4357 Pinciae
2549 4308 2699 4359 1577.
2768 4302 2975 4355 Verum

361 4374 750 4433 Rosenniiiller
792 4377 974 4433 Schol.
1021 4378 1079 4434 in
1126 4378 1194 4432 Is.
1236 4380 1458 4448 Lipsiae
1501 4384 1639 4436 1823
1696 4382 1893 4432 contra
1919 4379 2103 4448 ipsum
2129 4376 2254 4431 Jod.
2282 4375 2571 4429 Tiletanus
2610 4372 2833 4441 scripsit
2859 4374 2974 4427 Ad-

361 4464 413 4570 ἕι.
441 4447 530 4511 IX,
562 4450 726 4507 ..Non
755 4448 969 4504 minore
1009 4450 1312 4519 diligentia
1358 4467 1529 4519 quam
1548 4452 1639 4519 ju·
1693 4454 2046 4505 monitionem.

400 4518 497 4571 'cio
523 4520 583 4573 in
608 4519 969 4588 singularum
1002 4538 1197 4575 vocum
1240 4521 1498 4592 proprias
1536 4522 1638 4591 sig·
1769 4529 1809 4586 ⁸)
1839 4519 2107 4584 Quamvis
2134 4518 2411 4572 nonnulla
2436 4518 2495 4570 in
2516 4533 2580 4569 eo
2600 4513 2980 4583 reprehendat

361 4590 711 4647 nificationes
751 4593 810 4644 et
845 4592 1192 4661 integrarum
1227 4591 1636 4646 sententiarum
1695 4590 1940 4645 Richard
1982 4590 2176 4645 Simon
2212 4589 2479 4659 (Histoire
2526 4585 2649 4640 crit.
2687 4586 2763 4638 du
2806 4585 2872 4638 V.
2914 4584 2973 4636 T.

361 4674 576 4717 sensum
601 4666 662 4718 et
689 4678 896 4716 nexum
923 4662 1267 4733 indagavit.“
1695 4668 1742 4718 1.
1771 4667 1823 4719 3.
1851 4664 1936 4715 ch.
1965 4665 2052 4732 17)
2082 4666 2272 4713 tamen
2298 4676 2411 4712 non
2440 4658 2559 4712 sine
2585 4656 2753 4709 laude
2780 4656 2848 4709 de
2874 4655 2975 4709 illo

428 4740 466 4797 ²)
491 4734 547 4788 L.
573 4753 621 4791 e.
653 4735 723 4799 11,
753 4739 848 4790 14:
879 4735 947 4787 cf.
976 4735 1146 4788 etiam
1174 4735 1509 4787 possevinus
1529 4735 1566 4788 l.
1588 4741 1638 4791 2.
1692 4732 1775 4787 ita
1803 4732 2028 4786 scribit:
2060 4730 2445 4799 „L’Apologie
2472 4746 2582 4797 que
2599 4728 2657 4781 L.
2675 4728 2868 4807 Castro
2890 4767 2901 4779 .
2925 4767 2936 4778 .
2958 4765 2970 4777 .

361 4817 429 4855 oc·
454 4810 501 4860 6.
527 4810 573 4862 8.
1693 4821 1726 4857 a
1754 4804 2048 4871 composee
2089 4820 2234 4871 pour
2267 4800 2529 4854 defendre
2563 4800 2642 4852 les
2676 4811 2973 4850 aneiennes
