3625 5193
571 235 687 287 531

1354 221 1541 273 1601—
1566 220 1718 273 1620.
1747 215 1996 269 Historia
2023 217 2413 270 ecclesiastica.

3064 233 3190 287 532

565 409 733 479 gerat
768 403 837 471 ei,
873 407 944 460 ut
977 402 1206 460 oblatas
1238 421 1272 459 a
1305 401 1586 477 Gregorio
1611 401 1766 459 XIII.
1788 408 1850 460 et
1904 421 2041 461 vero
2074 403 2316 461 Baronii
2348 404 2596 473 animus,
2650 402 2809 460 illius
2860 403 3191 462 abdicatio-

567 492 731 550 Sixto
765 491 831 548 V.
864 490 976 548 sibi
1010 491 1351 566 dignitate-⁶3,
1404 491 1578 548 etiam
1630 491 1848 548 insulas

563 580 945 655 pontificales,
969 579 1159 637 declin
1169 584 1321 648 aret3
1346 598 1549 637 verum
1566 579 1849 638 Clementi

565 669 719 727 VIII.
772 669 1165 727 deliberatum
1218 672 1402 743 atque
1448 669 1850 727 constitutum

564 764 690 816 erat
724 758 903 834 hujus
923 758 1034 816 viri
1051 757 1379 816 doctrinam
1413 757 1703 826 eximiam,
1726 758 1848 815 vir-

562 852 755 905 tutem
791 847 1196 905 admirandam
1230 846 1607 922 insigniaque
1646 846 1717 904 de
1738 846 1846 903 Ec-

565 938 743 995 clesia
775 936 988 994 merita
1021 935 1224 994 debito
1256 935 1541 993 honorare
1573 936 1846 1011 praemio.

564 1025 823 1083 Primum
845 1025 1016 1082 illum
1041 1024 1189 1082 dixit
1207 1024 1683 1100 protonotarium
1707 1043 1847 1099 apo-

563 1114 838 1173 stolicum
874 1110 1120 1194 (1595),
1173 1131 1291 1189 quo
1344 1112 1563 1171 nuncio
1613 1113 1844 1188 percul-

563 1223 664 1261 sus
698 1202 1078 1261 exclamavit:
1136 1202 1322 1270 ,Ecce
1356 1201 1583 1259 fulmen
1616 1201 1844 1271 cecidit,

560 1297 878 1367 antequam
939 1291 1263 1360 tonuerit,‘
1328 1291 1683 1364 nullumque
1729 1309 1848 1348 non

1906 512 2037 549 nem
2085 492 2369 568 cogitans,
2417 492 2554 549 hinc
2586 492 2944 550 Clementem
2995 492 3192 549 conti·

1905 581 2042 638 nuis
2076 580 2349 655 precibus
2383 581 2678 658 fatigavit,
2711 584 2782 639 ut
2815 581 2930 638 sibi
2961 582 3031 638 ad
3066 580 3191 656 pri-

1904 670 2126 727 stinum
2159 669 2318 727 vitae
2349 689 2538 746 genus
2570 670 2760 727 redire
2792 670 3013 727 liceret.
3082 670 3197 727 Ve-

1903 778 2036 816 rum
2087 758 2363 834 pontifice
2414 758 2476 816 in
2524 759 2823 835 proposito
2877 758 3193 817 obfirmato

1903 847 2046 905 nihil
2082 847 2361 906 obtinuit.
2395 846 2587 916 Quare
2617 848 2956 905 necessitati
2977 866 3200 923 parens

1905 937 2011 994 hoc
2062 940 2260 993 tamen
2313 936 2426 993 sibi
2491 936 2877 995 deliberatum
2928 941 3197 1010 votoque

1902 1025 2080 1083 etiam
2140 1026 2536 1083 constitutum
2584 1025 2815 1093 habuit,
2879 1044 3193 1098 nunquam

1905 1115 1994 1171 vel
2031 1114 2344 1171 minimum
2379 1133 2440 1171 se
2473 1114 2788 1183 facturum,
2837 1133 2954 1187 quo
2989 1114 3194 1189 ponti-

1901 1203 2109 1260 ficatus
2141 1203 2362 1278 apicem
2399 1202 2848 1277 adipisceretur.
2883 1203 3188 1279 Singulari

1903 1291 2100 1349 studio
2147 1295 2325 1366 atque
2376 1310 2569 1350 amore
2602 1291 2816 1349 librum
2850 1293 2918 1349 de
2949 1310 3193 1349 monar-

561 1381 749 1439 movit
810 1380 1063 1456 lapidem
1117 1379 1191 1437 ad
1240 1399 1373 1438 eum
1427 1379 1845 1437 declinandum
1900 1382 2029 1438 chia
2060 1381 2246 1438 sicula
2297 1376 2610 1461 (insertum
2663 1384 2703 1437 t.
2737 1379 2832 1436 XI.
2866 1380 3194 1447 annalium,

562 1471 842 1527 honorem
857 1489 869 1526 :
894 1469 996 1527 sed
1011 1468 1249 1526 frustra.
1284 1468 1694 1526 Cardinalitiae
1709 1467 1846 1545 dig-

562 1559 741 1616 nitati
760 1558 990 1616 oblatae
1008 1556 1296 1632 precibus,
1314 1556 1844 1627 obluctationibuS,

565 1647 824 1706 lacrimis
857 1646 1116 1703 occurrit
1147 1650 1207 1703 et
1239 1645 1493 1716 obstitit,
1530 1646 1621 1703 vel
1645 1646 1846 1722 fugam

563 1736 977 1803 meditabatur,
1030 1735 1202 1791 illum
1237 1738 1434 1792 tamen
1482 1735 1555 1791 ad
1588 1754 1717 1792 eam
1750 1753 1845 1792 ac·

562 1824 912 1899 ¹reptandam
946 1824 1211 1881 Clemens
1244 1823 1552 1898 proposito
1604 1824 1846 1881 anathe-

560 1914 735 1971 matis
764 1913 1016 1971 fulmine
1051 1912 1335 1987 compulit
1353 1907 1415 1992 ¹).
1448 1911 1581 1969 Non
1615 1912 1847 1986 quievit

560 2137 689 2189 dani
704 2136 868 2189 illum
883 2139 1183 2205 propterea
1198 2135 1545 2206 objurgaret,
1558 2136 1846 2205 simulque

560 2210 608 2262 ei
654 2208 713 2260 in
761 2213 918 2261 ment
931 2226 1009 2261 :m
1054 2212 1358 2273 revocaret,
1405 2212 1690 2275 quantum
1734 2208 1847 2261 sibi

560 2281 793 2349 propter
833 2281 1124 2334 obtentam
1150 2280 1269 2349 [sua
1306 2295 1411 2348 ope
1456 2279 1846 2333 cardinalatus

558 2352 899 2419 dignitatem
927 2350 1169 2413 deberet,
1212 2351 1508 2419 respondit·
1537 2350 1845 2404 Batonius:

560 2422 711 2491 „Ego
741 2438 870 2476 vero
898 2438 1082 2489 neque
1109 2422 1451 2490 dignitatem
1490 2421 1637 2474 hanc
1676 2438 1845 2489 quae-

555 2493 660 2546 sivi
674 2510 945 2560 unquam,
956 2509 1141 2560 neque
1154 2509 1409 2560 unquam
1423 2494 1636 2561 optavi,
1651 2510 1846 2559 quam·

554 2566 744 2619 obrem
797 2564 917 2618 sine
968 2564 1158 2619 dolore
1210 2564 1454 2628 dimitto,
1520 2563 1673 2632 quod
1725 2564 1844 2618 sine

554 2653 742 2690 amore
773 2636 1059 2704 possideo:
1089 2636 1294 2688 habeto
1322 2635 1432 2688 tibi
1447 2637 1607 2688 tuam
1630 2654 1843 2706 purpu-

556 2725 696 2771 ram,
724 2723 877 2759 nunc
904 2706 1049 2758 enim
1083 2709 1262 2758 vestes
1290 2722 1443 2760 meas
1470 2706 1842 2761 libentissime

554 2795 810 2831 resumo:
850 2777 991 2829 nihil
1032 2776 1169 2829 mihi
1200 2777 1450 2846 optatius
1477 2795 1649 2845 quam
1680 2782 1744 2831 ut
1770 2779 1841 2832 ad

555 2850 757 2901 fratres
784 2863 934 2900 meos
955 2850 1208 2900 revertar
1223 2850 1280 2901 et
1296 2849 1366 2902 ad
1385 2849 1704 2903 cubiculum
1733 2868 1843 2904 me-

556 2938 671 2981 um,
698 2919 861 2986 cujus
887 2919 1075 2971 adhuc
1101 2919 1317 2972 clavem
1362 2937 1578 2974 mecum
1620 2920 1809 2975 defero
1831 2943 1843 2974 z

554 3007 786 3044 munera
814 2991 917 3043 tua.
932 2988 1046 3042 sint
1067 2992 1272 3055 tecum,
1299 2991 1447 3045 bona
1468 2995 1695 3044 tantum
1716 3010 1841 3045 con-

555 3061 793 3115 scientia
821 3078 1037 3114 mecum
1066 3064 1235 3116 esto.“
1268 3061 1455 3115 Etiam
1476 3080 1517 3116 s.
1540 3062 1841 3133 Philippus

555 3132 865 3186 Batonium
906 3132 968 3185 in
1016 3134 1391 3187 conscientiae
1430 3134 1842 3189 moderatorem

553 3205 848 3273 selegerat,
877 3205 1023 3258 tanti
1052 3221 1183 3258 eum
1212 3205 1363 3259 fecit.

632 3282 667 3346 ¹)
697 3275 878 3340 Quam
905 3277 1113 3329 sincere
1139 3277 1285 3329 hanc
1304 3277 1699 3345 deprecaretur
1719 3275 1841 3346 dig·

552 3348 792 3401 nitatem
822 3347 1097 3401 Baronius
1124 3350 1184 3401 et
1208 3365 1377 3415 quam
1405 3347 1652 3401 vicissim
1681 3347 1840 3400 forti·

553 3426 636 3472 ter
662 3421 784 3489 ejus
824 3419 1275 3488 acceptationem
1314 3420 1541 3486 urgeret
1567 3418 1840 3484 Clemens,

552 3490 870 3560 colligimus
912 3507 975 3544 ex
1017 3490 1176 3543 illius
1217 3491 1287 3542 ad
1318 3489 1665 3544 Clementem
1695 3490 1839 3544 VIII.

550 3560 730 3614 literis
759 3565 815 3625 (t.
848 3562 967 3615 VII.
990 3561 1296 3614 Annalium
1321 3561 1696 3632 p1·aefixis),in
1716 3562 1840 3629 qui·

550 3633 656 3684 bus
680 3634 832 3685 inter
853 3632 967 3685 alia
994 3633 1279 3700 queritur:
1331 3631 1483 3696 ..Quo
1512 3633 1621 3685 mei
1649 3648 1840 3686 ainan-

551 3705 772 3766 tiorem,
790 3720 854 3756 eo
866 3703 1260 3756 violent-iorem
1272 3705 1537 3772 expertus
1554 3721 1698 3768 sum,
1716 3707 1841 3757 tum

553 3791 649 3843 pei·
678 3778 807 3826 tuos
835 3789 1083 3827 seorsum
1110 3775 1395 3843 abreptus
1414 3775 1672 3828 cubiculo
1688 3776 1839 3829 clau-

549 3862 662 3910 sus,
696 3845 901 3911 vixque
930 3844 1160 3898 tandem
1206 3849 1270 3896 ut
1309 3844 1554 3909 audirer,
1600 3845 1841 3899 multum

550 3932 755 3982 rogans
784 3914 1061 3967 admissus
1101 3919 1233 3967 aute
1274 3920 1634 3985 conspectum
1678 3919 1840 3969 tuum

552 3985 767 4052 angelis
794 3985 1181 4048 reverendum,
1212 3989 1341 4054 post
1359 4004 1541 4040 ineam
1567 3988 1840 4042 defensio-

555 4074 679 4108 nem
727 4057 824 4108 abs
866 4060 920 4110 te
963 4073 1289 4125 responsum
1330 4057 1473 4110 illud
1515 4077 1691 4111 unum
1718 4061 1840 4112 tan-

552 4130 675 4178 tum
702 4128 1027 4195 acceperim,
1070 4145 1182 4194 quo
1224 4129 1455 4182 robusta
1498 4147 1629 4184 voce
1656 4129 1838 4183 diram

552 4197 930 4251 anathematis
954 4198 1243 4266 protulisti
1265 4200 1623 4260 sententiani,
1652 4201 1698 4253 si
1725 4219 1839 4254 am·

551 4267 705 4336 plius
731 4272 1041 4322 resisterem
1072 4273 1129 4322 et
1149 4269 1255 4323 nisi
1277 4270 1505 4340 penitus
1526 4273 1838 4339 acquiesce·

555 4356 687 4392 rem.
716 4339 892 4403 Quem
921 4358 1035 4392 non
1065 4341 1356 4396 terruisset
1378 4359 1441 4394 ac
1468 4360 1581 4397 non
1609 4345 1839 4411 penitus

554 4409 846 4476 dejecisset
890 4413 1063 4478 atque
1110 4415 1444 4481 prostrasset
1485 4414 1617 4467 talis
1658 4432 1837 4468 erum-

555 4495 692 4545 pens
717 4499 745 4532 e
772 4481 926 4533 coelo
954 4486 1183 4550 repente
1223 4487 1385 4538 tanto
1426 4486 1646 4554 fragore
1694 4486 1838 4538 toni-

552 4551 673 4599 trus
702 4550 913 4602 fulmen
943 4556 1200 4606 aeternae
1241 4555 1625 4609 damnationis
1653 4558 1836 4625 explo-

554 4617 687 4698 dens
704 4627 758 4700 ’ἐξ
815 4620 1011 4675 Amico
1042 4641 1169 4677 vero
1217 4643 1317 4681 suo
1345 4626 1594 4680 Antonio
1624 4628 1836 4698 Talpae

555 4693 810 4768 scripsit:
865 4693 1078 4752 „Meam
1106 4713 1322 4750 crucem
1353 4698 1487 4762 fer0,
1532 4717 1676 4766 quae
1705 4716 1834 4753 cum

555 4761 630 4811 sit
655 4776 839 4827 aucea,
865 4763 1044 4818 levior
1086 4766 1320 4821 fortasse
1360 4767 1612 4837 cuipiam
1658 4770 1836 4824 videri

1903 1468 2140 1527 Parisiis
2209 1463 2402 1550 1609)
2464 1469 2840 1543 conscripsit:
2911 1470 3198 1544 sperabat

1901 1558 2059 1615 enim
2109 1558 2250 1627 fore,
2315 1562 2384 1615 ut
2428 1561 2737 1633 propterea
2800 1557 3191 1616 cardinalium

1902 1647 2280 1722 hispanorum
2345 1667 2378 1704 a
2440 1665 2502 1704 se
2564 1646 2887 1704 declinaret
2964 1640 3183 1728 votal).

1903 1736 2068 1793 Binis
2099 1741 2301 1793 tamen
2335 1736 2400 1794 in
2432 1736 2676 1793 comitiis
2726 1755 2844 1793 non
2891 1737 3099 1811 procul
3153 1756 3192 1794 a

1900 1828 2068 1882 tanta
2084 1825 2286 1882 aberat
2314 1824 2624 1900 dignitate,
2650 1829 3034 1897 promovente
3059 1843 3183 1881 rem

1903 1918 2142 1971 strenue
2192 1913 2516 1971 clarissimo
2567 1913 2849 1971 cardinali
2903 1915 2994 1971 Du
3046 1914 3189 1970 Per-

1900 2003 2066 2073 ronio
2078 1998 2156 2081 2):
2190 2021 2373 2060 unum
2413 2021 2592 2076 supra
2612 2002 2863 2078 triginta
2883 2002 3187 2077 suffragia,

1900 2091 2150 2150 dimidia
2199 2091 2321 2149 scil.
2374 2091 2790 2167 suffragiorum
2823 2109 2973 2166 pars,
3025 2094 3194 2149 certa

1891 2181 2016 2255 jam
2050 2183 2233 2238 erant..
2269 2180 2350 2237 Ut
2371 2180 2864 2255 igiturBaronius
2892 2198 3003 2237 ase
3019 2197 3188 2236 aver-

1900 2271 2053 2326 teret
2084 2268 2432 2342 periculum,
2481 2269 2728 2326 alterius
2775 2268 2963 2343 partis
2998 2267 3190 2325 cardi—

1901 2492 2093 2560 possit,
2123 2491 2222 2544 sed
2250 2495 2396 2544 certe
2423 2492 2588 2560 longe
2616 2493 2898 2545 onerosior
2917 2492 3060 2545 mihi
3082 2496 3188 2556 est,

1902 2580 2073 2631 quam
2101 2562 2147 2616 si
2174 2564 2319 2617 esset
2344 2563 2524 2617 ferrea
2551 2566 2691 2619 etc.··
2759 2563 2839 2617 De
2868 2581 2923 2618 se
2952 2580 3184 2631 quoque

1898 2635 2382 2703 interpretabatur
2420 2634 2524 2688 illa
2547 2636 2675 2689 Jobi
2701 2636 2869 2689 verba
2898 2639 2967 2701 (3.
2997 2640 3058 2691 11
3090 2644 3187 2698 s.):

1901 2709 2077 2772 Quare
2112 2724 2351 2774 eqressus
2391 2725 2456 2759 ex
2483 2716 2630 2760 utero
2669 2727 2773 2762 non
2798 2711 2972 2762 statim
2996 2711 3188 2774 perii?

1897 2797 2065 2846 quare
2089 2786 2331 2844 exceptus
2350 2781 2585 2844 yenibus,
2621 2798 2719 2832 cur
2749 2783 2976 2834 metatus
3009 2781 3185 2832 uberi-

1897 2853 2008 2914 bus,
2032 2868 2177 2902 nunc
2202 2855 2338 2902 enim
2364 2851 2633 2903 (immicus
2659 2854 2866 2904 silerem
2891 2860 2981 2905 etc.

1978 2925 2013 2992 ¹)
2040 2920 2231 2973 Testes
2257 2922 2391 2973 sunt
2415 2919 2614 2973 literae
2653 2921 2834 2974 amico
2880 2937 2981 2974 suo
3011 2922 3186 2973 Anto-

1899 2991 1992 3044 nio
2019 2992 2231 3059 Talpae
2269 2991 2590 3060 inscriptae,
2631 2991 2692 3044 iu
2733 2992 2937 3059 quibus
2981 2990 3049 3044 de
3077 2992 3189 3046 hoc

1898 3079 2061 3130 opere
2089 3062 2312 3117 scribit:
2368 3061 2519 3130 ..Ego
2560 3079 2693 3115 vero
2720 3063 2782 3116 id
2814 3062 3186 3116 libentissime

1898 3133 2062 3196 tacio,
2089 3151 2154 3188 eo
2180 3133 2428 3186 maxime
2453 3134 2696 3196 nomine,
2726 3134 2880 3201 quod
2900 3134 3044 3186 hanc
3066 3149 3185 3187 rem

1898 3205 2053 3259 haud
2080 3204 2415 3258 mediocrem
2457 3204 2770 3259 utilitatem
2810 3203 2952 3257 mihi
2980 3204 3185 3257 allatu·

1895 3293 2014 3328 ram
2042 3292 2158 3329 esse
2184 3275 2483 3338 confidam,
2511 3276 2782 3330 nimirum
2802 3276 2874 3328 ad
2893 3275 3185 3346 humilita-

1898 3349 2011 3400 tem
2040 3346 2393 3411 servandam,
2422 3347 2887 3415 quandoquidem
2914 3345 3186 3414 Hispanis

1896 3434 1961 3470 ea
2003 3418 2305 3487 praebetur
2349 3418 2578 3482 occasi0,
2624 3421 2694 3471 ut
2728 3418 2786 3471 in
2836 3418 3185 3472 solemnibus

1896 3489 2136 3542 comitiis
2178 3488 2475 3556 (siquidem
2516 3506 2580 3542 eo
2620 3491 2960 3557 perventum
2989 3488 3184 3555 fuerit)

1897 3559 1964 3613 ad
1975 3575 2156 3613 versos
2182 3563 2356 3626 atque
2382 3559 2635 3614 infensos
2676 3560 2818 3613 mihi
2858 3577 2974 3614 sese
3002 3561 3185 3613 osten-

1896 3631 2052 3694 dant,
2082 3647 2229 3699 quae
2256 3648 2343 3684 res
2363 3647 2478 3684 non
2497 3648 2700 3698 parum
2723 3631 2992 3686 momenti
3010 3631 3187 3684 habet

1898 3702 2051 3772 apud
2079 3720 2184 3756 me.
2212 3702 2319 3755 Sed
2340 3702 2478 3755 haec
2498 3705 2687 3755 tecum
2707 3703 2902 3756 habe.‘⁴
2936 3701 3184 3756 Batonio

1897 3791 1952 3827 se
1979 3773 2251 3842 opposuit
2278 3773 2552 3827 Ascanius
2592 3773 2632 3826 C
2649 3774 2716 3826 ol
2735 3789 2766 3825 o
2783 3792 2819 3825 n
2836 3792 2872 3826 n
2889 3791 2924 3827 a
2961 3774 3021 3825 in
3049 3772 3179 3826 diss.

1894 3850 2166 3899 Jude‘cium
2195 3845 2262 3899 de
2287 3845 2374 3917 iis,
2401 3861 2548 3912 quae
2569 3844 2847 3897 Batonius
2873 3845 2943 3898 de
2963 3845 3183 3898 Monar-

1895 3917 2023 3970 chia
2035 3916 2213 3970 sicula
2222 3915 2465 3985 scripsit,
2478 3916 2570 3969 cui
2583 3916 2674 3968 hic
2687 3916 2907 3984 prolixa
2918 3919 3161 3983 apoloyia
3171 3956 3183 3978 ,

1897 4005 2042 4055 quae
2070 3988 2241 4041 simul
2286 4005 2412 4040 cum
2456 3986 2557 4041 illo
2600 3986 2633 4038 J
2638 3987 2824 4040 udicio
2867 3986 3021 4054 typis
3068 3985 3180 4038 fuit

1898 4058 2166 4112 mandata
2208 4058 2511 4128 respondit.
2557 4057 2785 4111 Parisiis
2812 4060 2966 4113 1609.
3015 4055 3185 4108 Porro

1896 4130 2167 4183 Ascanius
2177 4132 2346 4184 natus
2361 4131 2446 4184 est
2462 4147 2529 4184 ex
2544 4128 2926 4183 illustrissima
2942 4126 3179 4181 familia.

1895 4200 2132 4270 Egregie
2160 4201 2272 4254 fuit
2299 4202 2357 4253 in
2384 4201 2567 4254 literis
2605 4200 2915 4253 institutus.
2967 4199 3181 4253 Favore

1897 4271 2152 4342 Philippi
2177 4273 2244 4325 11.
2274 4275 2563 4341 promotus
2603 4271 2715 4324 fuit
2755 4275 2895 4328 1586
2938 4270 3009 4325 ad
3055 4288 3183 4339 pur-

1895 4360 2095 4412 puram
2135 4348 2192 4398 et
2224 4345 2403 4396 factus
2431 4358 2632 4412 prorex
2661 4341 3004 4397 cataloniae.
3034 4340 3186 4394 Divi-

1892 4418 2007 4468 tem
2029 4414 2288 4468 condidit
2311 4414 2727 4477 bibliothecam,
2756 4413 2905 4466 viros
2933 4412 3186 4466 eruditos

1893 4485 2203 4539 liberaliter
2253 4486 2427 4544 fovit:
2476 4501 2579 4554 pro
2631 4483 2921 4553 pontificis
2959 4483 3181 4553 juribus

1892 4559 2090 4612 contra
2117 4557 2361 4610 Venetos
2389 4555 2612 4623 scripsit
2636 4561 2683 4625 (ὴ
2709 4559 2888 4624 1608).
2917 4554 3000 4609 Cf.
3028 4553 3182 4606 Tira-

1897 4627 2082 4681 boschi
2126 4628 2245 4691 VII,
2274 4633 2324 4692 2,
2355 4632 2485 4698 1603
2515 4626 2697 4680 Sentis
2723 4624 3053 4679 Monarchia
3082 4624 3181 4677 sic.

1892 4697 2153 4768 Friburgi
2180 4703 2336 4756 1869.

1964 4775 2006 4834 ²)
2030 4770 2217 4823 Gallia
2244 4770 2552 4822 christiana
2585 4775 2629 4832 l,
2657 4773 2782 4825 654.
