3625 5193
393 270 518 320 913
1433 253 1465 308 J
1471 268 1680 310 oannes
1707 253 1776 309 de
1802 254 1979 325 Lugo.
2389 307 2394 312 .
2889 273 2924 325 9
2942 274 3018 325 14

395 437 611 515 logiam
630 436 952 498 Vallisoleti
973 438 1276 514 professus
1296 443 1405 503 est.
1437 441 1679 503 Romam
1704 436 1712 500 Ι
1733 440 1929 501 debat.
1963 439 2294 515 Pauperum
2316 457 2453 498 vere
2484 438 2719 500 exstitit
2737 443 2923 515 pater,
2957 440 3020 498 in

391 530 674 586 evocatus
726 521 954 607 (1621)
1005 546 1298 596 annorum
1353 538 1432 592 20
1486 531 1681 606 spatio
1735 547 1887 605 quos
1919 529 1990 589 de
2021 528 2425 598 facultatibus,
2461 528 2682 602 quibus
2706 547 2831 592 non
2849 529 3021 588 valde

392 616 591 674 tenuit
610 615 946 675 cathedram
980 616 1314 695 theologiae
1345 618 1410 676 in
1429 618 1679 696 collegio
1734 618 2109 678 abundanter
2126 617 2456 676 instructus
2476 619 2620 686 erat,
2656 635 2838 693 supra
2857 618 3022 676 mille

392 723 633 764 romano
682 707 852 763 tanta
894 706 1150 765 nominis
1198 707 1563 780 celebritate,
1613 709 1684 768 ut
1736 725 1941 766 aureos
1963 706 2219 783 singulis
2239 705 2410 764 annis
2426 707 2722 783 erogabat.
2744 707 3021 766 Morienti

392 794 523 869 ejus
555 793 780 853 dictata
811 794 885 853 ab
917 797 1378 857 amanuensibus
1410 800 1683 873 excerpta
1736 796 1953 855 ultima
1984 798 2350 854 sacramenta
2390 795 2834 854 administravit
2865 796 3021 853 card.

394 884 457 942 in
489 882 635 943 alias
668 901 906 958 quoque
949 883 1176 944 fuerint
1206 886 1560 949 transmissa
1589 906 1684 945 re·
1739 885 1959 945 Sfortia
1990 883 2336 946 Pallaviciui
2383 902 2529 945 suus
2571 884 2712 942 olim
2760 885 2823 946 in
2854 885 3021 943 theo·

392 973 610 1050 giones.
644 972 787 1030 Erat
834 972 1056 1049 quippe
1088 974 1149 1032 in
1195 974 1518 1051 seligendis
1558 995 1680 1036 me·
1736 973 1893 1051 logia
1911 973 2339 1034 dilectissimus
2360 973 2712 1049 discipulus.
2747 973 3023 1036 Animam

394 1060 647 1121 lioribus
692 1061 1005 1122 sententiis
1037 1065 1393 1139 praestantis
1432 1064 1682 1139 judicii;
1739 1065 1858 1122 Deo
1906 1062 2171 1123 reddidit
2206 1071 2305 1125 20.
2339 1064 2491 1139 Aug.
2530 1073 2698 1127 1660
2731 1084 2781 1120 a.
2813 1063 3024 1124 aetatis

395 1151 458 1208 in
490 1150 853 1226 explicandis
883 1150 1095 1212 iisdem
1127 1152 1372 1214 eximiae
1392 1153 1682 1214 claritatis
1744 1161 1844 1215 77.
1877 1151 2126 1227 Sepeliri
2157 1150 2349 1210 voluit
2386 1152 2459 1209 ad
2491 1151 2669 1228 pedes
2703 1170 2750 1210 s.
2781 1151 3020 1229 Ignatii,

395 1243 457 1298 et
487 1258 622 1298 cum
654 1240 1086 1315 perspicuitate
1111 1243 1511 1318 conjungebat
1543 1261 1683 1303 con·
1739 1243 1810 1300 ut
1845 1242 2205 1309 ,ubifuerat
2224 1241 2548 1299 thesaurus
2578 1241 2726 1316 ejus,
2761 1240 3025 1300 ibiesset

396 1347 607 1404 gruem
652 1328 1021 1393 brevitatem.
1073 1330 1186 1388 Sed
1227 1334 1299 1389 ut
1344 1332 1549 1401 literis,
1598 1333 1685 1391 ita
1740 1349 1839 1390 cor
1867 1331 2059 1405 ejus‘‚
2091 1332 2163 1389 ut
2189 1330 2441 1406 legimus
2473 1329 2538 1390 in
2558 1329 2878 1406 epitaphio.
2909 1330 3023 1388 Ex⁴

394 1417 777 1493 praelucebat
791 1419 1069 1477 omnibus
1083 1419 1380 1480 virtutum
1396 1421 1683 1497 exemplo,
1739 1419 2107 1480 cultissimus
2167 1418 2285 1480 fuit
2332 1419 2396 1479 iu
2457 1418 2757 1495 theologia
2795 1419 3026 1481 schola·

398 1507 459 1564 et
489 1506 759 1564 intentus
790 1508 916 1565 suis
948 1507 1156 1569 officiis
1187 1514 1249 1568 et
1280 1509 1496 1570 studiis
1528 1510 1684 1573 curis
1740 1507 1890 1567 stica
1921 1513 1981 1567 et
2015 1508 2245 1577 morali,
2295 1507 2444 1582 ¹,qui
2485 1509 2621 1583 post
2654 1508 2707 1565 d.
2741 1507 3024 1568 'rhomam

396 1594 530 1653 aliis
562 1612 683 1653 non
717 1613 778 1654 se
810 1596 1177 1671 implicabat,
1211 1598 1327 1657 nisi
1348 1599 1685 1662 obedientia
1740 1615 1861 1656 non
1891 1600 2111 1662 temere
2142 1597 2301 1660 inter
2331 1596 2475 1656 alios
2521 1597 2825 1673 theologos
2854 1596 3026 1655 facile

397 1683 473 1742 ad
506 1685 613 1742 hoc
646 1684 817 1744 illum
864 1686 1223 1761 impulisset.
1270 1688 1412 1748 Post
1443 1705 1687 1749 excusos
1741 1687 2015 1762 princeps
2066 1685 2183 1746 dici
2234 1687 2459 1761 potest,
2523 1703 2660 1746 cum
2709 1685 2774 1744 in
2828 1685 3028 1744 dubiis

399 1777 520 1831 tres
565 1777 755 1832 tomos
802 1793 936 1832 cum
975 1775 1345 1850 judicaretur
1392 1777 1683 1852 expedire,
1740 1775 2131 1834 discutiendis
2182 1775 2278 1833 hic
2326 1779 2532 1836 auctor
2591 1793 2765 1849 saepe
2782 1818 2797 1844 ,
2862 1775 3030 1842 nullo

399 1864 471 1919 ut
502 1864 544 1919 t.
587 1873 637 1923 1.
669 1861 742 1920 de
766 1863 905 1937 jure
925 1868 986 1923 et
1012 1865 1256 1938 justitia
1274 1866 1510 1925 Urbano
1526 1865 1687 1929 VIII.
1741 1868 2084 1940 praeeunte,
2117 1864 2326 1925 falcem
2349 1863 2436 1924 ita
2454 1864 2529 1922 ad
2548 1863 2803 1923 radicem
2822 1869 3024 1938 ponat,

396 1949 716 2020 dedicaret,
764 1971 832 2009 ea
863 1954 1164 2013 occasione
1210 1973 1445 2014 necesse
1476 1954 1688 2014 habuit
1742 1958 1814 2012 ut
1843 1953 2119 2024 rationes,
2166 1971 2315 2029 quas
2360 1953 2582 2028 ipsein
2629 1952 2889 2014 medium
2924 1953 3025 2012 ad-

400 2039 560 2098 adire
592 2058 889 2099 summum
922 2043 1278 2117 pontificem,
1322 2063 1496 2119 quem
1530 2063 1686 2103 nun·
1742 2042 1925 2111 ducit,
1959 2041 2279 2101 difficulter
2311 2042 2464 2106 solvi
2482 2036 2830 2122 queant1).‹
2865 2042 3028 2100 Alio-

401 2147 580 2203 quam
601 2131 776 2187 antea
793 2129 989 2189 fuerat
1009 2131 1321 2194 allocutus.
1343 2133 1687 2193 Delectatus
1742 2151 1878 2190 rum
1909 2131 2321 2207 theologorum
2354 2130 2662 2206 opiniones
2708 2133 2888 2204 atque
2935 2150 3027 2189 ar-

401 2216 680 2275 Urbanus
712 2217 868 2276 VIII.
901 2222 962 2278 et
1006 2220 1158 2280 libro
1189 2225 1250 2280 et
1282 2222 1597 2296 prudentia
1628 2226 1689 2281 et
1744 2223 2024 2297 gumenta
2058 2222 2365 2280 accuratae
2395 2219 2566 2294 plane
2596 2223 2774 2293 atque
2805 2219 3027 2277 solidae

401 2305 669 2364 doctrina
686 2307 894 2381 patris,
919 2327 1092 2384 saepe
1110 2310 1491 2385 postmodum
1512 2327 1690 2387 opera
1743 2309 1881 2368 crisi
1932 2309 2197 2384 subjicit,
2260 2326 2531 2383 quaeque
2581 2307 2635 2365 ei
2678 2307 3025 2383 probantur,

401 2394 565 2453 illius
596 2413 741 2454 usus
774 2399 895 2454 est:
930 2397 1186 2474 denique
1216 2417 1325 2459 nec
1353 2400 1687 2475 praemoni—
1742 2399 1982 2475 expolit,
2004 2398 2333 2472 ultimaque
2348 2396 2539 2456 veluti
2557 2396 2828 2472 apposita
2847 2416 3027 2456 manu

401 2486 532 2542 tum
564 2502 673 2543 nec
702 2485 800 2543 vel
831 2486 1132 2547 levissime
1153 2488 1458 2565 quidpiam
1492 2489 1686 2565 suspi·
1743 2487 1992 2564 perficit,
2026 2487 2170 2545 adeo
2192 2492 2263 2546 ut
2289 2487 2352 2544 in
2371 2485 2844 2562 quaestionibus,
2878 2504 3027 2561 quas

401 2577 633 2633 cantem
666 2573 1023 2639 cardinalem
1067 2577 1391 2638 declaravit
1430 2588 1521 2642 14.
1556 2578 1687 2638 Dec.
1744 2577 1871 2654 ipse
1921 2579 2263 2652 pertractat,
2313 2563 2710 2651 praetermitti
2751 2578 3026 2651 nequeat.

410 2673 592 2725 1643.
644 2663 792 2722 Erat
836 2667 983 2724 tunc
1032 2666 1185 2727 forte
1231 2667 1303 2725 de
1343 2668 1508 2745 Lugo
1552 2682 1688 2727 cum
1744 2666 2099 2726 Prodierunt
2127 2667 2258 2741 ejus
2277 2684 2453 2741 opera
2472 2660 2725 2745 omnia2)
2748 2664 3029 2741 Lugduni

399 2752 612 2810 ceteris
645 2753 917 2827 patribus
949 2756 1014 2813 in
1044 2755 1308 2815 triclinio
1327 2756 1686 2832 prandebat·
1750 2767 1777 2818 1
1793 2765 1917 2818 652
1940 2760 1985 2814 t.
2009 2764 2043 2818 7
2066 2755 2130 2813 in
2150 2755 2190 2813 f.
2217 2752 2309 2836 (fr.
2336 2766 2362 2817 l
2380 2750 2518 2835 50);
2552 2753 2818 2813 Venetiis
2841 2762 3024 2824 17183

402 2859 519 2915 que
569 2840 672 2899 sed
702 2843 1044 2917 parcissime
1076 2864 1238 2903 more
1273 2864 1399 2915 suo,
1451 2846 1687 2920 quando
1757 2854 1913 2907 1751
1953 2864 2008 2907 v.
2047 2855 2077 2906 7
2116 2844 2180 2902 in
2211 2844 2281 2914 f.;
2320 2844 2564 2903 Parisiis
2604 2852 2768 2907 1868
2804 2862 2857 2901 v.
2895 2852 2930 2905 8
2967 2844 3031 2902 in

401 2929 621 2989 allatus
653 2930 725 2989 de
757 2933 1131 3006 promotione
1163 2935 1418 2995 nuncius
1463 2938 1525 2992 et
1555 2954 1688 2993 mox
1746 2941 1802 2996 4.
1835 2933 2128 2993 Editionis
2173 2935 2420 2992 venetae
2467 2936 2509 2990 t.
2565 2943 2615 2994 1.
2663 2935 2724 2990 et
2771 2942 2825 2993 2.
2873 2950 3029 2991 com-

400 3019 738 3077 submissus
771 3040 805 3078 a
835 3020 993 3080 card.
1028 3022 1337 3081 Francisco
1365 3022 1688 3083 Barberino
1743 3022 2030 3098 plectitur
2091 3022 2523 3097 disputationes
2583 3022 2653 3079 de
2697 3022 2922 3094 iustitia
2983 3030 3032 3080 et

400 3126 611 3165 currus
650 3126 782 3167 cum
826 3111 1036 3181 literis,
1076 3111 1296 3186 quibus
1335 3113 1691 3173 evocabatur
1731 3113 1875 3186 jure
1888 3132 1918 3183 ,·
1967 3128 2116 3188 opus
2152 3110 2613 3180 solidissimum;
2661 3111 2818 3169 sicut
2848 3114 2909 3168 et
2941 3129 3032 3169 se-

402 3197 601 3255 statim
621 3196 694 3255 ad
713 3199 1070 3272 pontificem,
1089 3200 1344 3261 attonito
1366 3220 1501 3259 eum
1524 3201 1689 3260 simi·
1745 3218 1936 3275 quens
1959 3195 2070 3281 (3.)
2092 3200 2526 3275 disputationes
2554 3198 2940 3257 scholasticae
2973 3204 3033 3257 et

403 3286 517 3344 lem
549 3285 954 3347 reddiderunt.
989 3288 1197 3348 Paruit
1214 3293 1420 3350 tamen
1438 3291 1687 3365 ivitque,
1744 3290 1996 3348 morales
2027 3291 2098 3348 de
2127 3291 2330 3348 vinute
2356 3289 2492 3362 fidei
2520 3289 2747 3346 divinae
2759 3308 2787 3358 ,·
2821 3298 2877 3349 4.
2910 3287 3032 3346 dis-

400 3373 505 3433 sed
523 3392 633 3432 nec
651 3377 965 3435 nuncianti
984 3377 1380 3449 honorarium,
1412 3384 1485 3439 ut
1504 3380 1688 3439 moris
1744 3381 1874 3455 put.
1926 3378 2306 3437 scholasticas
2355 3378 2424 3435 de
2473 3378 2912 3446 incarnatione,·
2976 3388 3032 3439 5.

400 3465 512 3532 est,
547 3462 674 3521 dari
704 3465 911 3535 voluit,
964 3485 1034 3525 eo
1065 3467 1224 3542 quod
1255 3487 1378 3528 rem
1426 3468 1539 3527 sibi
1569 3488 1689 3529 non
1746 3468 1968 3543 disput.
2017 3466 2398 3526 scholasticas
2443 3470 2506 3524 et
2536 3466 2791 3524 morales
2837 3466 2906 3521 de
2936 3484 3032 3523 sa-

399 3555 634 3628 gratam
685 3553 1030 3623 detulisset,
1082 3575 1188 3615 nec
1237 3557 1608 3617 vacationem
1657 3578 1691 3615 a
1745 3557 2060 3615 cranaeentis
2103 3557 2166 3614 in
2207 3573 2444 3632 qm&
2488 3555 2558 3612 de
2594 3572 2712 3612 ven.
2744 3554 3034 3612 Euchari-

402 3640 616 3700 scholis
648 3647 754 3699 aut
785 3642 903 3701 alia
950 3644 1212 3703 laetitiae
1258 3647 1429 3722 signa
1474 3647 1540 3704 in
1572 3647 1687 3706 col·
1745 3647 1894 3704 stiae
1926 3650 2286 3703 sacramento
2318 3650 2369 3704 et
2405 3644 2472 3701 de
2501 3650 2867 3702 sacrosancto
2887 3642 3033 3701 Mis-

400 3729 557 3805 legio
588 3748 831 3790 romano
863 3732 1090 3791 edenda
1113 3734 1427 3809 judicavit,
1463 3741 1524 3795 et
1556 3735 1689 3793 rhe-
1744 3753 1846 3793 sae
1874 3734 2192 3807 sacrificio;
2226 3744 2279 3795 6.
2314 3732 2538 3808 disput.
2561 3731 2939 3790 scholasticas
2972 3734 3033 3789 et

401 3818 553 3887 dam,
605 3838 726 3893 qua
771 3824 979 3880 vectus
1024 3825 1135 3894 est,
1184 3841 1360 3883 suum
1406 3824 1689 3883 feretrum
1743 3824 1997 3882 morales
2027 3823 2097 3880 de
2127 3824 2334 3879 virtute
2363 3828 2414 3878 et
2443 3827 2801 3880 sacramento
2823 3823 3028 3894 poeni-

402 3906 726 3982 appellavit
773 3909 849 3968 ad
880 3912 1237 3986 sepulcrum.
1288 3913 1541 3972 Nonnisi
1592 3932 1686 3972 ex·
1744 3914 1988 3985 tentiam
2033 3910 2177 3969 item
2209 3911 2277 3969 de
2306 3910 2609 3987 suffrayiis
2640 3918 2690 3968 ee
2734 3911 3030 3986 indulyen-

401 4014 603 4071 presso
620 3998 919 4071 pontificis
935 4005 1249 4076 praecepto
1266 4001 1468 4062 induci
1488 4002 1690 4078 potuit
1744 4003 1886 4072 tiis,·
1940 4010 1993 4061 7.
2044 4018 2452 4075 responsorum
2503 4001 2813 4058 moralium
2860 4001 2915 4058 ll.
2972 4002 3031 4073 6,

401 4085 476 4143 ad
537 4089 769 4145 tantam
830 4089 1244 4163 acceptandam
1316 4090 1687 4168 dignitatem.
1744 4109 1895 4166 quos
1928 4089 2117 4148 edidit
2134 4088 2371 4147 nonnisi
2386 4091 2638 4166 urgente
2656 4088 3032 4151 PallavicinO.

403 4173 623 4233 Verum
673 4195 943 4251 purpura
989 4176 1241 4237 indutus
1292 4179 1688 4239 humilitatem
1743 4180 1923 4237 Plura
1942 4178 2206 4253 ejusdem
2227 4196 2408 4253 opera
2421 4181 2770 4237 manserunt
2789 4178 3030 4238 inedita.

402 4262 742 4339 religiosam
773 4283 894 4324 non
926 4266 1175 4337 dimisit,
1222 4287 1418 4342 neque
1448 4268 1687 4344 pietatis

400 4351 678 4409 “erema
708 4373 742 4410 a
764 4354 987 4431 regalis
1007 4357 1375 4432 praescripta
1393 4357 1685 4433 ΠΘΒῙΘΧῘΉ
1821 4386 1860 4454 ¹)
1889 4384 1975 4436 Ita
2000 4400 2042 4437 s.
2068 4382 2238 4452 Alph.
2275 4381 2523 4451 Lignori,
2565 4382 2735 4436 theol.
2775 4397 2913 4435 mor.
2941 4381 2974 4433 l.
2998 4385 3031 4438 3

401 4457 635 4501 sacrum
655 4441 924 4515 quotidie
945 4444 1139 4520 quoad
1159 4464 1265 4521 per
1285 4447 1687 4504 valetudinem
1741 4473 1795 4509 n.
1818 4458 1939 4512 552.
1969 4453 2116 4508 Hinc
2140 4454 2260 4508 sola
2279 4453 2527 4524 Lugonis
2552 4452 2894 4506 auctoritate
2921 4444 3053 4505 fae-⁴

406 4527 577 4586 licuit
605 4529 938 4592 celebrabat
970 4536 1185 4608 etpost
1217 4534 1366 4593 illud
1391 4553 1564 4610 saepe
1583 4554 1689 4611 per
1742 4527 1866 4580 tum
1895 4528 1998 4591 2⁸¹⁵,
2028 4528 2095 4579 1¹¹²
2158 4526 2310 4579 1⁰10ss
2349 4524 2645 4595 opinion&
2684 4525 2816 4576 ante
2844 4523 3030 4576 minus

402 4617 602 4675 horam
624 4618 1035 4699 ingratiamm
1054 4625 1283 4681 actione
1302 4623 1685 4700 transigebat.
1742 4596 2439 4723 11.)έέδὸξίξὲιέἕὲἳῖἒίἓὲ
2466 4594 3030 4721 pg’ffafimffssunio'

400 4705 493 4763 Ad
513 4708 790 4767 exercitia
823 4709 1161 4785 spiritualia
1192 4711 1253 4770 iu
1286 4712 1458 4772 domo
1492 4713 1689 4789 aliqua
1833 4710 1875 4806 ἒ)
1917 4707 2288 4810 singulorum
2340 4708 2574 4807 ope‘mm
2605 4683 2905 4791 J:adii-iones
2955 4737 3026 4793 cf.

400 4794 701 4855 societatis
717 4797 862 4857 Jesu
884 4800 1155 4861 obeunda
1184 4802 1505 4876 quotannis
1527 4819 1685 4861 sece·
1741 4811 1899 4880 apud
1925 4809 2345 4879 semmei-vogal
2369 4809 2438 4876 V,
2467 4811 2728 4867 176—80.
