3625 5193
602 235 757 290 1211

1333 224 1703 278 1641—1663.
1731 220 2011 290 Liturgia.
2037 220 2281 275 ,Iacobus
2308 219 2474 282 Goar,

3048 237 3219 291 1212

585 408 683 464 tro
715 405 982 480 citroque
1015 405 1251 481 scriptis
1281 405 1446 476 fovit,
1481 426 1600 482 quo
1631 426 1698 465 ex
1732 426 1868 466 sua·
1926 405 2237 464 intervallo
2288 406 2590 481 superavit
2636 449 2649 462 .
2685 451 2697 462 .
2741 450 2754 463 .
2803 405 2949 465 adeo
3003 411 3070 464 ut
3120 411 3222 464 tot

586 494 823 553 vissimo
872 493 1315 570 utilissimeque
1361 496 1704 555 commercio
1749 515 1869 555 non
1925 513 2215 554 annorum
2245 513 2425 554 cursu
2457 513 2626 553 nemo
2673 495 3001 570 quidquam
3045 495 3216 554 illius

585 584 787 658 potuit
836 583 985 658 quin
1029 583 1356 659 sapientiae
1405 585 1870 661 disciplinaeque
1924 583 2233 643 laboribus
2275 583 2585 654 addiderit,
2639 601 2842 642 omnes
2879 603 2948 643 ex
2992 584 3116 642 illis
3151 603 3219 642 se

584 690 825 749 graecae
857 673 1256 748 peritissimus
1287 673 1575 733 evaderet.
1610 675 1868 734 Parisios
1926 673 2238 749 profecisse
2270 673 2679 750 agnoverint.‘
2705 673 2940 749 Georqii
2971 672 3218 731 Cedreni

587 756 898 843 (secundo)
922 759 1399 844 rediens(1644)
1421 763 1658 822 demum
1678 763 1869 840 operi·
1925 764 2323 836 compendium
2383 763 2766 822 historiarum
2812 781 2881 819 ex
2944 762 3217 821 versione

585 851 715 921 bus,
749 850 970 927 quibus
1002 854 1240 910 tantum
1257 852 1591 923 desudarat,
1625 853 1868 911 edendis
1927 851 2081 910 Guil.
2132 850 2420 927 Xylandri
2468 868 2600 909 cum
2652 850 2917 926 ejusdem
2966 856 3218 910 annota-

586 939 737 999 serio
768 941 1006 1015 appulit
1034 940 1318 1010 animum,
1367 941 1576 1017 hisque
1610 960 1795 1001 annos
1831 951 1866 1005 8

585 1028 805 1087 solidos
837 1028 1166 1089 indefessus
1191 1031 1512 1107 insumpsit
1527 1028 1590 1112 1).
1621 1031 1868 1091 Labori-

586 1118 699 1176 bus
731 1118 957 1177 fractus
1002 1119 1163 1177 lente
1203 1125 1594 1196 consumptus
1640 1123 1734 1180 est
1768 1129 1868 1182 23.

587 1210 747 1282 Sept.
776 1217 958 1270 1653.
992 1207 1147 1266 Haec
1180 1212 1322 1267 sunt
1340 1210 1469 1285 ejus
1501 1229 1708 1285 opera:
1743 1210 1867 1267 Eu-

585 1293 877 1372 choloyion
920 1299 1035 1355 sive
1073 1298 1283 1356 rituale
1324 1317 1665 1374 yraecorum
1711 1317 1868 1358 com·

586 1385 846 1461 plectens
878 1385 1030 1444 ritus
1060 1390 1123 1444 et
1152 1387 1389 1445 ordines
1420 1387 1655 1446 divinae
1688 1389 1867 1446 litur-

585 1475 734 1550 giae,
769 1474 1111 1544 officiorum,
1160 1481 1682 1544 sacramentorum,
1730 1496 1868 1535 con·

586 1564 996 1632 sectationum,
1030 1564 1523 1634 benedictionum,
1568 1566 1867 1635 funerum,

586 1651 922 1711 orationum
955 1658 1061 1711 etc.
1095 1653 1340 1712 cuilibet
1369 1672 1651 1729 personae
1684 1654 1869 1713 statui

585 1741 680 1798 vel
694 1741 945 1816 tempori
963 1757 1296 1819 congruens
1304 1744 1480 1818 jutta
1490 1762 1665 1802 usum
1681 1744 1870 1803 orien-

584 1829 723 1888 talis
768 1829 1063 1888 Ecclesiae
1097 1876 1109 1887 .
1143 1876 1155 1888 .
1192 1883 1205 1896 ,
1248 1832 1737 1908 interpretatione
1782 1834 1868 1891 la·

585 1919 712 1977 tina
743 1937 971 1977 necnon
1001 1920 1185 1978 mixta
1227 1921 1617 1980 barbararum
1659 1939 1870 1981 vocum

586 2006 750 2066 brevi
783 2008 1083 2084 glossari0‚
1116 2010 1315 2068 aeneis
1349 2010 1555 2087 figuris
1574 2015 1635 2069 et
1668 2012 1867 2069 obser·

584 2097 923 2156 vationibus
955 2117 1024 2156 ex
1055 2099 1318 2174 antiquis
1343 2101 1617 2174 patribus
1651 2104 1712 2158 et
1744 2120 1868 2158 ma·

584 2187 737 2244 xime
786 2206 1128 2262 graecorum
1178 2188 1587 2265 theologorum
1632 2189 1867 2264 exposi-

585 2275 853 2334 tionibus
884 2275 1272 2348 illustratum,
1305 2279 1574 2336 Lutetiae
1614 2277 1867 2337 Parisio-

585 2384 719 2423 rum
760 2375 921 2427 1647
972 2365 1036 2423 in
1068 2365 1105 2422 f.
1155 2362 1248 2448 (fr.
1287 2366 1458 2445 200),
1504 2367 1721 2425 iterum
1757 2365 1867 2425 Ve-

586 2454 799 2523 netiis;
831 2454 993 2530 quod
1024 2473 1173 2530 opus
1206 2453 1445 2514 doctum
1478 2456 1678 2533 magni
1708 2455 1779 2514 fit
1796 2456 1868 2513 ab

587 2542 837 2601 eruditis
883 2562 1202 2619 rarumque
1245 2548 1353 2607 est.
1402 2545 1699 2615 ‚Tandem
1730 2563 1866 2622 pro-

587 2632 699 2691 diit
730 2652 777 2689 a.
818 2642 1004 2703 1647,
1051 2633 1251 2709 inquit
1283 2631 1670 2715 Renaudot2),
1719 2653 1868 2710 opus

586 2721 820 2797 insigne
840 2721 895 2780 J.
917 2722 1070 2780 Goar
1100 2742 1168 2782 ex
1201 2724 1323 2781 ord.
1348 2723 1868 2782 Dominicanorum

587 2810 702 2867 viri
734 2810 1085 2880 doctissimi,
1124 2830 1241 2886 quo
1273 2812 1624 2871 Graecorum
1656 2813 1869 2871 eucho-

588 2899 789 2974 logion
820 2899 1148 2958 illustravit
1164 2904 1224 2958 et
1243 2900 1427 2959 latine
1447 2919 1682 2960 versum
1702 2920 1868 2979 egre·

589 2988 687 3063 gio
719 2988 1135 3047 commentario
1155 2989 1488 3063 explicavit,
1520 2990 1584 3048 in
1616 3009 1733 3066 quo
1755 2992 1869 3049 Ba-

591 3076 709 3135 silii
756 3077 1276 3153 chrysostomique
1324 3078 1599 3156 liturgias
1644 3080 1867 3138 omnia·

590 3184 706 3242 que
741 3165 814 3224 ad
853 3167 1010 3225 ritus
1056 3166 1475 3226 eucharisticos
1524 3169 1870 3244 spectantia,

482 3258 495 3273 '
591 3274 745 3330 quae
771 3256 1187 3315 obscurissima
1205 3260 1392 3325 erant,
1426 3258 1490 3315 in
1506 3277 1723 3334 magna
1742 3260 1872 3316 luce

591 3345 916 3416 collocavit,
968 3345 1118 3404 nihil
1149 3345 1292 3404 adeo
1325 3350 1395 3404 ut
1425 3346 1489 3404 in
1522 3348 1629 3405 hoc
1660 3365 1875 3423 genere

590 3437 751 3492 aetas
781 3444 987 3493 nostra
1017 3435 1236 3493 viderit
1267 3436 1689 3509 praestantius.
1723 3435 1873 3493 Nam

592 3524 887 3601 vulgareS,
930 3543 1080 3599 quae
1111 3523 1176 3582 in
1217 3525 1491 3584 manibus
1524 3525 1875 3584 Graecorum

592 3618 777 3682 erant,
812 3618 943 3672 tum
963 3618 1195 3672 veteres
1227 3612 1518 3673 editiones
1539 3616 1877 3689 multosque

592 3701 1035 3776 antiquissimos
1067 3702 1231 3761 codd.
1278 3701 1436 3763 inter
1467 3722 1528 3762 se
1574 3723 1877 3781 compara·

593 3791 696 3859 vit,
731 3790 949 3865 quibus
981 3795 1179 3851 textus
1214 3793 1665 3863 emacularetur,
1710 3813 1875 3852 cum-

595 3896 710 3952 que
755 3897 873 3935 non
917 3879 1090 3938 modo
1132 3880 1194 3938 in
1239 3882 1594 3956 antiquitate
1641 3882 1877 3941 ecclesi-

597 3966 780 4023 astica
812 3969 1254 4027 versatissimus
1294 3969 1466 4040 foret,
1514 3970 1614 4028 sed
1647 3971 1878 4029 hodier-

596 4072 705 4112 nae
737 4054 917 4113 etiam
962 4056 1325 4131 disciplinae,
1377 4077 1509 4116 cum
1543 4059 1606 4117 in
1640 4059 1880 4118 Graecia

598 4143 975 4204 missionibus
1008 4164 1245 4220 operam
1277 4146 1554 4217 dedisset,
1606 4148 1878 4207 notitiam

598 4233 844 4293 haberet
895 4252 1015 4291 non
1066 4233 1444 4305 mediocrem,
1497 4256 1723 4307 omneS,
1777 4238 1881 4314 qui

598 4322 822 4398 aliquid
856 4322 963 4380 hac
993 4322 1055 4380 in
1087 4329 1254 4397 parte
1285 4328 1677 4395 tentaverant,
1705 4327 1880 4404 longo

597 4574 607 4587 ι
696 4499 735 4567 ¹)
765 4493 845 4549 cf.
880 4492 1107 4571 Echard
1148 4495 1229 4561 11,
1269 4501 1400 4558 574;
1448 4496 1692 4551 Niceron
1732 4496 1880 4562 XIX,

597 4569 805 4702 383)an
832 4637 1007 4706 praef.
1050 4638 1266 4694 collect.
1305 4640 1496 4710 liturg.
1534 4639 1736 4693 orient.
1763 4641 1802 4693 t.
1833 4645 1883 4696 1.

599 4708 680 4762 Cf.
718 4708 888 4762 etiam
933 4708 1261 4777 Perpetuite
1286 4711 1354 4766 de
1395 4711 1452 4765 la
1480 4711 1557 4764 foi
1583 4716 1623 4763 t.
1650 4714 1687 4767 4
1712 4711 1748 4766 l.
1776 4716 1805 4768 1
1836 4727 1881 4766 c.

602 4783 632 4835 1
665 4779 768 4841 (ed.
793 4779 985 4849 Migne
1012 4780 1106 4845 111,
1134 4785 1252 4853 24);
1281 4782 1461 4837 Feller
1486 4782 1577 4846 IV,
1607 4786 1727 4839 192.

1926 941 2207 1001 tionibus.
2239 939 2547 1000 Accedunt
2580 940 2718 998 huic
2763 940 3013 999 editioni
3044 959 3217 1015 prae·

1926 1035 2017 1088 ter
2048 1032 2291 1089 lacunas
2337 1034 2461 1087 tres
2505 1029 2780 1106 ingentes
2825 1034 2888 1088 et
2920 1028 3065 1088 alias
3111 1048 3214 1088 ex-

1926 1118 2114 1194 pletas
2174 1118 2238 1177 in
2301 1118 2629 1177 Cedrenum
2691 1117 2746 1176 J.
2796 1117 2989 1177 Goar
3047 1126 3218 1176 notae

1925 1207 2280 1284 posteriores
2300 1212 2361 1267 et
2376 1208 2499 1265 Car.
2522 1206 2833 1266 Annibalis
2854 1206 2900 1264 F
2916 1227 2949 1263 a
2963 1207 2999 1264 b
3015 1226 3045 1264 r
3059 1226 3093 1266 o
3111 1222 3138 1265 t·
3152 1207 3218 1265 ti

1926 1297 1978 1355 J.
2001 1298 2057 1356 C.
2083 1298 2440 1375 ylo-asariam
2470 1298 2550 1355 ad
2581 1298 2834 1355 eandem.
2865 1296 3015 1354 Item
3044 1296 3215 1358 Ioan.

1927 1386 2192 1463 Scylitzes
2228 1386 2608 1461 Curopalates
2639 1385 2934 1460 excipiens
2966 1383 3075 1443 ubi
3112 1386 3219 1443 Ce-

1925 1475 2144 1533 drenus
2194 1474 2442 1545 desinit,
2491 1492 2651 1534 nunc
2695 1474 2955 1549 primum
3004 1493 3218 1550 graece

1926 1564 2142 1634 editus,
2189 1564 2266 1621 ib.
2306 1574 2469 1627 1647
2505 1564 2570 1622 in
2601 1563 2673 1634 f.;
2724 1564 3008 1640 Georyius
3044 1562 3216 1622 Codi-

1925 1671 2036 1712 nus
2071 1653 2429 1726 Curopalata
2471 1654 2541 1711 de
2585 1653 2791 1726 officiis
2833 1670 3078 1728 maynae
3124 1672 3211 1711 ec·

1924 1744 2124 1801 cleeiae
2171 1743 2640 1822 constantinopol.
2703 1760 2771 1799 ex
2834 1741 3106 1800 versione
3159 1742 3222 1801 J.

1927 1831 2189 1891 Gretseri
2230 1832 2284 1889 S.
2318 1831 2373 1889 J.
2424 1849 2559 1889 cum
2603 1830 2865 1906 ejusdem
2915 1849 3220 1889 commen-

1925 1922 2215 1979 tariorum
2255 1921 2320 1979 in
2352 1920 2636 1980 Codinum
2668 1920 2729 1978 ll.
2765 1930 2819 1982 3.
2852 1918 3222 1996 Adjungun-

1925 2014 2029 2067 tur
2077 2010 2434 2068 recentiores
2483 2008 2860 2068 orientalium
2909 2009 3227 2085 episcopa-

1924 2102 2102 2157 tuum
2122 2099 2390 2168 notitiae,
2417 2116 2588 2157 voces
2608 2097 2973 2169 honorariae,
3006 2101 3227 2173 appel-

1927 2188 2173 2246 lationes
2235 2187 2598 2264 dignitatum
2658 2185 2911 2256 indices,
2991 2187 3221 2261 quibus

1925 2276 2238 2352 postremis
2272 2276 2487 2335 seculis
2519 2275 2900 2334 ecclesiastici
2938 2278 3000 2334 et
3032 2277 3218 2336 aulici

1925 2384 2195 2441 proceres
2229 2366 2664 2433 salutabantur,
2712 2365 2790 2425 ib.
2835 2373 2998 2428 1648
3050 2365 3114 2423 in
3145 2367 3213 2434 f.;

1932 2454 2167 2533 Georyii
2183 2455 2441 2513 monachi
2455 2462 2505 2512 et
2519 2473 2563 2512 s.
2593 2453 2829 2512 Taras-ii
2840 2455 3206 2529 patriarchae

1927 2543 2037 2603 GP.
2069 2545 2356 2621 quondam
2386 2544 2616 2621 syncelli
2638 2543 3099 2622 chronoqrophia
3129 2542 3204 2601 ab

1926 2634 2148 2691 Adamo
2196 2652 2385 2709 usque
2437 2633 2513 2692 ad
2545 2633 2974 2693 Diocletianum
3021 2630 3209 2714 (nunc

1925 2719 2230 2803 primum),
2264 2725 2325 2781 et
2359 2723 2671 2796 Nicephori
2691 2723 3066 2797 patriarchae
3089 2720 3204 2778 GP.

1927 2813 2278 2870 breviarium
2308 2813 2860 2889 chronoyraphicwn
2893 2812 2960 2869 ab
2979 2808 3204 2869 Adamo

1927 2901 2000 2959 ad
2032 2900 2331 2959 Michaelis
2362 2907 2423 2959 et
2454 2902 2585 2977 ejus
2616 2902 2677 2959 F.
2709 2900 3014 2977 Theophili
3052 2902 3210 2957 tem-

1926 3008 2085 3066 pora.
2120 2989 2225 3048 His
2258 2991 2496 3049 tabulae
2535 2989 2980 3067 chronologicae
3011 2993 3073 3047 et
3105 3009 3216 3048 an·

1927 3079 2265 3156 notationes
2310 3078 2547 3138 additae
2580 3084 2704 3149 etc„
2757 3079 2835 3137 ib.
2879 3086 3039 3141 1652
3079 3079 3146 3138 in
3179 3080 3217 3136 f.

1929 3169 1988 3227 S.
2033 3168 2390 3242 Theophanis
2419 3169 2881 3245 chronoyraphia
2918 3175 2968 3226 et
3000 3167 3216 3226 Leonis

1927 3259 2298 3333 grammatici
2344 3260 2491 3315 vitae
2536 3260 2911 3327 recentiorum
2956 3257 3222 3330 impera·

1931 3354 2142 3421 torum,
2175 3346 2253 3408 ib.
2286 3356 2450 3409 1655
2488 3347 2548 3406 in
2578 3347 2617 3409 f.
2652 3347 2987 3407 Editionem
3019 3345 3227 3405 absol-

1932 3434 2021 3494 vit
2053 3434 2253 3494 Goarii
2287 3435 2503 3494 sodalis
2537 3435 2933 3494 Combefisius.
2985 3435 3068 3492 Ea
3102 3453 3227 3494 non

1932 3526 2021 3583 est
2052 3524 2196 3583 adeo
2243 3529 2532 3594 accurata,
2585 3544 2718 3583 cum
2751 3525 2903 3584 Goar
2938 3525 3064 3598 jam
3114 3524 3222 3583 ob·

1932 3618 2070 3672 tusa
2101 3614 2263 3672 visus
2305 3614 2430 3672 acie
2461 3614 2773 3683 laboraret,
2826 3632 2944 3689 quo
2977 3612 3223 3681 factum,

1933 3705 2004 3761 ut
2036 3702 2355 3778 aliquando
2375 3702 2705 3780 impegerit,
2738 3703 2995 3776 indeque
3026 3722 3060 3760 a
3079 3701 3224 3760 Pos-

1935 3793 2085 3850 sinio
2119 3791 2422 3850 interdum
2470 3792 2717 3867 vapulat
2760 3791 2825 3850 in
2865 3792 3225 3867 Pachymere

1936 3899 2044 3940 suo
2076 3882 2293 3939 Romae
2320 3890 2485 3944 1666
2521 3881 2696 3940 edito.
2729 3880 2888 3939 Haec
2918 3899 3096 3956 opera
3129 3880 3222 3938 hi-

1935 3970 2149 4029 storica
2179 3973 2412 4045 recepta
2444 3970 2688 4029 fuerunt
2718 3970 2782 4028 in
2814 3970 3220 4030 collectionem

1936 4059 2219 4118 historiae
2254 4060 2620 4137 byzantinae.

2028 4246 2173 4301 531.
2205 4237 2358 4297 Huic
2378 4236 2673 4296 addantur
2692 4237 2948 4296 Jacobus
2970 4236 3014 4294 E
3035 4255 3068 4295 v
3084 4255 3116 4295 e
3131 4236 3151 4293 i
3169 4237 3227 4294 l·

1937 4329 2080 4397 lon,
2114 4326 2575 4403 Andegavensis,
2607 4327 2916 4401 parochus,
2949 4325 3088 4384 dein
3119 4344 3218 4384 ca·

1936 4415 2183 4474 nonicus
2215 4419 2277 4473 et
2307 4415 2559 4475 vicarius
2590 4415 2885 4487 generalis
2919 4416 2997 4493 (n.
3038 4423 3226 4484 1572,

1937 4503 1972 4572 †
2000 4518 2019 4567 l
2039 4514 2154 4567 651
2181 4524 2229 4563 a.
2253 4507 2464 4563 aetatis
2482 4517 2512 4567 7
2526 4502 2607 4586 9),
2624 4506 2733 4583 vqui
2753 4504 2985 4563 assidue
3003 4503 3235 4562 lectita-

1938 4595 2045 4653 bat
2077 4594 2460 4653 conciliorum
2488 4601 2618 4675 acta
2649 4596 3004 4669 patrumque
3025 4611 3224 4667 opera,

1940 4688 2225 4758 tantoque
2260 4702 2458 4741 amore
2490 4683 2552 4741 in
2584 4700 2871 4759 pauperes
2902 4682 3225 4754 ferebatur,

1940 4777 2011 4831 ut
2043 4772 2217 4848 plura
2250 4772 2360 4831 sibi
2392 4773 2697 4833 commoda
2729 4771 3124 4840 subtraheret,
3160 4790 3229 4831 ac
