3625 5193
655 269 761 320 101
790 269 807 319 1
1066 253 1434 306 1641—1663.
1462 246 1767 316 Theologia
1794 247 1910 316 pol.
1938 246 2259 313 Hocquard,
2289 244 2528 309 Holden‚
2556 245 2826 308 Johnson,
3095 266 3269 318 1012

643 432 953 496 classicum
975 470 1060 478 --
1082 434 1267 493 David
1287 434 1484 494 Codn
1505 454 1582 492 er
1615 435 1678 492 O.
1700 434 1754 492 S.
1779 435 1921 492 Ben.
1979 435 2172 492 Gran
2189 432 2226 490 d
2243 433 2262 490 i
2279 451 2319 490 n
2382 435 2676 492 Sorbonae
2738 432 3021 509 syndicus
3039 478 3051 494 .
3123 435 3270 493 dein

642 521 1094 604 Londinensis1)
1137 559 1225 568 —-
1269 522 1599 582 Alexander
1628 523 1922 581 Baillie
1979 521 2367 581 Scheeben
2419 519 2647 604 (Dogm.
2705 533 2754 590 1,
2812 531 2931 584 194
2968 518 3041 603 s.)
3093 528 3154 581 et
3201 525 3271 583 in

643 616 707 676 Ο.
754 614 811 677 S.
856 616 994 672 Ben.
1042 610 1335 691 Scotus2),
1385 612 1566 670 abbas
1612 612 1920 670 Scotorum
1978 611 2183 686 primis
2227 611 2616 688 Kleutgen
2669 611 2891 692 (Theol.
2941 612 3047 671 der
3099 613 3269 672 Vorz.

640 703 1067 763 ratisbonensis
1116 698 1361 783 (r642).
1410 702 1600 760 Natus
1645 704 1774 759 erat
1818 720 1919 776 pa·
1985 701 2073 768 1²,
2099 697 2206 781 66)
2239 704 2542 760 notarunt.
2590 701 2732 775 Ejus
2780 719 3017 775 quoque
3063 707 3156 760 est
3191 704 3268 766 N.

640 793 913 851 rentibus
959 791 1345 861 heterodoxiS,
1392 790 1491 849 sed
1536 809 1643 865 per
1673 790 1922 848 Galliam
1979 790 2425 849 Testamentum
2470 789 2752 848 brevibus
2787 787 2915 870 (sed
2955 789 3269 872 dilucidis)

640 882 950 941 etltaliam
966 880 1330 958 peregrinari
1338 881 1561 954 jussus,
1580 878 1922 956 religionem
1977 878 2466 938 annotationibus
2527 879 2930 948 illustratum,
3013 881 3267 940 Parisiis

642 971 897 1047 patriam
959 989 1093 1029 cum
1170 970 1456 1028 catholica
1534 970 1924 1029 commutavit
1989 977 2149 1030 1660
2184 972 2226 1026 t.
2265 977 2298 1030 2
2335 968 2397 1026 in
2437 977 2640 1029 12.——
2675 969 3007 1027 Guilelmus
3041 970 3080 1028 J
3092 971 3264 1028 ohn-

642 1059 703 1140 (†
746 1056 937 1142 1655)
973 1094 1056 1103 -
1091 1060 1511 1117 Bonaventura
1541 1058 1920 1132 Hocquard
1979 1075 2112 1115 son
2148 1053 2269 1137 (vel
2302 1052 2644 1138 Chambers)
2672 1056 2736 1116 Ο.
2758 1058 2975 1117 S.Ben.
3009 1078 3063 1116 n.
3092 1067 3264 1122 1583

642 1151 704 1209 O.
740 1150 793 1208 S.
828 1143 1111 1229 Franc.³)‚
1146 1149 1317 1218 cuius
1345 1150 1465 1205 est:
1501 1146 1922 1219 Perspectivum
1977 1145 2193 1205 studiis
2225 1164 2460 1220 operam
2492 1145 2656 1204 dedit
2679 1147 2881 1215 Duaci‚
2915 1147 3134 1221 quibus
3155 1149 3264 1206 ab·

640 1240 1107 1296 Lutheranorum
1126 1244 1176 1294 et
1195 1237 1643 1294 Calvinistarum
1677 1237 1740 1293 in
1764 1246 1797 1298 2
1822 1256 1918 1312 pp.

639 1327 913 1396 divisum,
931 1326 1003 1384 ad
1021 1325 1479 1383 orthodoxorum
1496 1325 1760 1383 omnium
1780 1344 1918 1383 con·

638 1415 1050 1485 firmationem,
1083 1414 1429 1473 nutantium
1466 1414 1917 1472 instructionem

639 1504 1016 1579 hostiumque
1078 1521 1249 1561 verae
1310 1501 1447 1561 fidei
1516 1503 1918 1562 confusionem

639 1593 930 1670 singulari
983 1591 1179 1652 studio
1228 1592 1609 1662 fabricatum,
1659 1592 1919 1651 Viennae

646 1693 811 1744 1648
860 1703 955 1758 pp.
992 1692 1045 1742 2.
1080 1714 1166 1723 —
1200 1682 1346 1739 Prae
1393 1681 1603 1739 ceteris
1654 1681 1921 1739 innotuit

638 1771 932 1830 Henricus
979 1770 1277 1828 Holden
1323 1769 1774 1839 Lancastrensis‚
1828 1770 1920 1828 vir

639 1860 954 1935 insigniter
1002 1859 1139 1935 pius
1190 1863 1251 1917 et
1299 1859 1523 1927 doctus
1577 1860 1680 1934 qui
1733 1858 1917 1917 Duaci

639 1949 855 2007 studiis
901 1966 1138 2024 operam
1184 1948 1442 2018 dederat,
1490 1947 1626 2005 dein
1659 1947 1917 2006 Parisios

640 2057 700 2096 se
745 2037 1029 2106 contulit,
1081 2037 1282 2112 ibique
1328 2037 1531 2096 doctor
1576 2037 1918 2095 sorbonicus

638 2130 872 2185 creatus
920 2127 1219 2202 reliquum
1259 2126 1379 2184 fere
1428 2126 1584 2183 vitae
1626 2126 1918 2202 transegit

639 2213 702 2296 (†
737 2226 936 2282 1662;
977 2216 1150 2290 juxta
1190 2215 1362 2273 Feret
1393 2213 1499 2282 ΙΙΙ,
1537 2224 1659 2278 220
1705 2210 1915 2295 1665).

638 2305 839 2362 Edidit
858 2307 1085 2362 divi-nae
1110 2305 1246 2376 fidei
1263 2305 1531 2379 analysin
1551 2322 1656 2362 seu
1676 2304 1747 2361 de
1780 2304 1916 2361 fidei

634 2393 987 2452 christianae
1032 2394 1397 2451 resolutione
1430 2392 1490 2448 ll.
1528 2402 1583 2458 2,
1632 2412 1766 2451 cum
1810 2413 1912 2467 ap-

631 2482 876 2556 pendice
927 2483 998 2540 de
1043 2482 1366 2550 schismate,
1419 2482 1656 2540 Parisiis
1711 2490 1911 2551 16523

638 2580 837 2642 163853
881 2581 1077 2641 1767;
1111 2571 1384 2631 Coloniae
1411 2580 1608 2639 1655;
1654 2577 1816 2632 1782
1851 2571 1912 2629 in

634 2669 687 2724 8.
722 2668 849 2727 etc.‚
885 2662 1064 2719 etiam
1098 2661 1159 2717 in
1191 2660 1523 2736 theologiae
1551 2678 1732 2718 cursu
1752 2677 1911 2717 com-

630 2750 791 2825 pleto
840 2750 928 2807 ed.
963 2748 1161 2823 Migne
1194 2748 1289 2815 VI,
1330 2757 1709 2817 791-8783
1756 2751 1819 2806 et
1850 2748 1913 2806 in

630 2838 991 2896 bibliotheca
1021 2855 1142 2913 reg.
1179 2836 1310 2895 fidei
1360 2837 1448 2894 ed.
1483 2837 1684 2895 Braun
1726 2846 1909 2907 1844,

632 2928 694 2984 in
726 2945 845 3000 qua
864 2925 1038 2984 fidem
1071 2925 1133 2982 in
1154 2944 1261 2983 sua
1292 2925 1580 3000 principia
1598 2931 1659 2984 et
1689 2927 1914 2986 motiva

629 3015 895 3083 resolvit,
928 3032 994 3073 ac
1025 3013 1357 3073 discernere
1386 3014 1622 3086 nititur,
1656 3033 1807 3090 quae
1838 3015 1911 3073 ad

631 3104 800 3162 fidem
836 3104 1178 3162 catholicam
1212 3107 1481 3179 spectent
1513 3104 1586 3162 ab
1620 3104 1712 3174 iis,
1760 3123 1911 3179 quae

629 3193 701 3251 ad
733 3194 898 3252 illam
931 3212 1050 3252 non
1093 3194 1447 3268 pertineant.
1493 3193 1801 3251 Laudatur
1846 3213 1911 3250 ea

629 3282 868 3357 quidem
901 3303 933 3339 a
954 3277 1310 3363 pluribus⁴)‚
1346 3281 1448 3340 sed
1472 3282 1779 3340 fatendum
1799 3285 1908 3351 est,

627 3372 825 3447 aliqua
855 3373 920 3430 in
951 3390 1022 3430 ea
1052 3371 1319 3445 reperiri,
1366 3370 1713 3446 praesertim
1760 3370 1913 3428 circa

625 3464 899 3519 naturam
950 3466 1012 3519 et
1075 3460 1300 3518 motiva
1360 3460 1495 3517 fidei
1515 3504 1528 3525 ‚
1593 3478 1743 3534 quae
1786 3460 1908 3533 jam

626 3668 711 3719 est
735 3684 1035 3721 conversus
1063 3666 1413 3720 catholicam.
1442 3666 1574 3719 Post
1595 3683 1755 3719 suam
1781 3682 1909 3718 con·

627 3737 939 3791 versionem
967 3737 1213 3791 Loudini
1240 3738 1517 3791 medicum
1559 3737 1680 3806 egit
1708 3738 1907 3807 (1663).

626 3810 707 3861 Cf.
735 3808 802 3859 de
830 3826 892 3861 eo
920 3808 1123 3862 Gillow
1152 3809 1245 3872 lV,
1274 3814 1376 3865 199
1397 3825 1436 3861 s.

705 3887 737 3942 Ι)
766 3879 847 3930 Cf.
875 3878 1241 3946 Ziegelbauer
1268 3880 1341 3931 [v
1371 3895 1416 3931 c.
1443 3884 1475 3933 2
1503 3882 1635 3936 sect.
1663 3884 1694 3932 2².
1733 3888 1759 3943 ξ
1783 3883 1836 3933 4.

701 3954 737 4015 2)
768 3948 849 4000 Cf.
869 3949 943 4001 ib.
973 3965 1018 4002 c.
1049 3954 1076 4003 1
1105 3952 1237 4002 sect.
1262 3954 1310 4003 4.
1343 3967 1393 4018 p.
1434 3953 1544 4004 129.

701 4028 740 4081 ²³)
770 4019 853 4073 Of.
880 4017 1014 4071 bibl.
1044 4019 1214 4077 franc.
1243 4021 1283 4083 1,
1310 4024 1431 4074 234.

700 4098 739 4147 ⁴)
769 4088 850 4141 cf.
893 4088 1086 4157 Dupin
1121 4089 1293 4151 XVH,
1325 4094 1443 4152 194,
1489 4088 1589 4157 qui
1628 4089 1906 4159 prolixam

624 4158 809 4226 operis
848 4160 1131 4228 epitomen
1174 4159 1430 4229 exhibet;
1473 4158 1655 4214 Feller
1688 4162 1757 4226 11,
1785 4168 1904 4219 144.

623 4231 1005 4285 Aversabatur
1031 4230 1128 4284 Ho
1148 4231 1216 4284 ld
1233 4249 1262 4285 e
1278 4231 1405 4285 niu
1422 4247 1447 4283 s
1488 4232 1708 4287 scholae
1754 4234 1906 4287 theo·

1977 1235 2192 1293 solutis
2223 1235 2287 1292 in
2318 1235 2595 1312 Angliam
2628 1236 2936 1310 operarius
2975 1237 3263 1312 apostoli-

1976 1341 2081 1382 cus
2114 1324 2398 1399 proficisci
2442 1325 2730 1382 tentavit:
2778 1325 2878 1383 sed
2925 1344 3056 1385 mox
3102 1342 3265 1384 com-

1977 1412 2302 1487 prehensus
2345 1413 2410 1471 in
2455 1412 2730 1472 exsilium
2775 1417 2868 1472 est
2912 1415 3136 1489 pulsus.
3191 1416 3264 1473 In

1979 1502 2261 1577 Hispania
2291 1502 2485 1560 ordini
2518 1522 2560 1560 s.
2583 1502 2886 1561 Benedicti
2921 1521 2983 1561 se
3014 1503 3263 1562 addixit.

1976 1590 2174 1648 Rediit
2204 1591 2341 1649 dein
2386 1591 2450 1649 in
2482 1591 2761 1668 Angliam
2795 1591 3161 1667 decessitque
3197 1593 3265 1650 in

1974 1683 2278 1738 senectute
2309 1680 2463 1739 bona
2498 1689 2596 1742 28.
2622 1680 2748 1740 Oct.
2780 1691 2962 1744 1663.
2995 1682 3263 1756 Reliquit

1975 1768 2474 1844 NoveltyReprest.
2509 1770 2579 1827 In
2612 1790 2645 1827 a
2666 1769 2852 1845 Reply
2886 1775 2949 1829 to
2983 1770 3089 1830 Mr.
3110 1771 3258 1828 Bac-

1978 1858 2116 1915 ter’s
2150 1859 2399 1916 Answer
2442 1862 2504 1916 to
2539 1858 2623 1914 W.
2658 1858 2945 1918 Johnson.
2981 1859 3264 1918 Wherein

1974 1947 2076 2004 the
2097 1946 2508 2005 Oeoumenical
2532 1947 2736 2006 Power
2762 1947 2829 2006 of
2841 1948 2943 2006 the
2975 1949 3110 2008 four
3130 1948 3265 2007 first

1974 2035 2223 2094 General
2243 2035 2513 2095 Counoils
2547 2036 2596 2094 is
2613 2035 2976 2106 Vindicated,
3010 2038 3112 2097 the
3133 2039 3260 2096 Au·

1972 2125 2240 2199 thorithy
2275 2125 2341 2182 of
2365 2125 2616 2199 Bishops
2650 2125 2932 2192 asserted,
2967 2127 3066 2184 the
3100 2146 3263 2184 com-

1972 2214 2131 2288 pleat
2150 2214 2474 2289 Hierarchy
2505 2214 2572 2273 of
2596 2214 2827 2274 Church
2859 2216 3263 2274 Government

1971 2302 2348 2370 established,
2395 2302 2488 2360 his
2530 2304 2703 2361 novel
2751 2301 3080 2364 succession
3117 2324 3259 2363 eva-

1970 2390 2200 2460 cuated,
2236 2392 2353 2450 and
2385 2391 2686 2466 professed
2707 2393 2985 2451 Herticks
3016 2394 3261 2452 demon·

1971 2480 2197 2539 strated
2215 2491 2278 2539 to
2298 2482 2370 2538 be
2390 2499 2466 2540 no
2487 2484 2623 2540 true
2644 2486 2807 2555 parts
2829 2483 2892 2539 of
2910 2482 3012 2540 the
3045 2482 3263 2540 visible

1970 2569 2201 2628 Church
2253 2569 2320 2628 of
2344 2569 2557 2639 Christ,
2606 2570 2848 2630 Parisiis
2892 2581 3044 2635 1661
3102 2571 3164 2630 in
3203 2581 3259 2632 8.

1976 2693 2050 2701 -
2091 2661 2172 2717 De
2203 2659 2387 2717 Tobia
2419 2660 2782 2718 Matthew
2815 2660 2935 2718 filio
2966 2661 3260 2736 archiepi-

1970 2749 2131 2823 scopi
2163 2749 2531 2807 eboracensis
2572 2749 2896 2826 anglicani,
2953 2750 3026 2808 ad
3077 2750 3258 2807 fidem

1968 2855 2248 2896 converso
2297 2834 2358 2915 (†
2414 2847 2503 2899 13.
2538 2837 2663 2896 Oct.
2718 2836 2913 2918 1655)
2961 2838 3086 2897 fuse
3134 2839 3259 2897 dis-

1969 2926 2114 2984 serit
2147 2926 2356 2984 Gillow
2388 2925 2483 2995 IV,
2523 2936 2842 2990 531—43.

2060 3112 2204 3166 428.
2242 3104 2311 3161 In
2350 3105 2547 3182 Belqio
2579 3104 2717 3163 fidei
2761 3106 3083 3164 catholicae
3117 3125 3259 3164 cau-

1967 3210 2091 3249 sam
2122 3196 2374 3268 egerunt
2419 3193 2637 3269 'partim
2669 3197 2874 3253 contra
2921 3198 3256 3270 protestan-

1969 3284 2055 3339 tes
2104 3281 2323 3355 partim
2387 3286 2592 3341 contra
2640 3282 3029 3341 Jansenianos
3093 3284 3255 3341 haud

1967 3370 2142 3443 pauci
2157 3366 2220 3450 ¹).
2255 3370 2329 3428 Et
2351 3370 2591 3444 quidem
2622 3375 2831 3430 contra
2854 3376 3256 3447 protestantes

1967 3459 2399 3533 praetermissis
2447 3460 2619 3518 Petro
2669 3462 2904 3520 Roest
2938 3462 2991 3519 S.
3026 3462 3080 3521 J.
3129 3462 3256 3519 No-

2043 3668 2079 3735 1)
2109 3664 2208 3717 His
2235 3664 2478 3717 addatur
2495 3665 2780 3719 Arnoldus
2805 3685 2839 3718 v
2857 3683 2889 3719 a
2907 3683 2944 3717 n
2963 3668 3010 3719 G
3028 3665 3089 3718 el
3108 3684 3145 3719 u
3160 3685 3206 3717 w
3222 3681 3256 3718 e

1965 3736 2211 3790 rusticus
2251 3735 2509 3799 Flander,
2551 3739 2719 3790 natus
2758 3736 2818 3790 in
2858 3737 2983 3791 loco
3018 3737 3086 3790 de
3115 3736 3256 3790 Har-

1965 3807 2125 3875 doye‚
2155 3807 2251 3874 qui
2277 3824 2461 3876 pagus
2501 3812 2590 3861 est
2613 3809 2674 3860 in
2700 3808 2965 3877 brugensi
2993 3808 3252 3861 dioecesi.

1966 3879 2288 3933 'Pextotiam
2310 3883 2492 3932 artem
2516 3879 2698 3947 primo
2719 3896 2820 3948 per
2839 3895 2890 3933 a.
2915 3883 2982 3936 18
3002 3879 3256 3933 exercuit

1964 3951 2026 4004 in
2055 3949 2376 4013 Hollandia‚
2401 3950 2712 4019 plurimum
2749 3952 2887 4005 tunc
2913 3951 2972 4004 in
2999 3968 3100 4003 sua
3128 3950 3254 4003 reli-

1963 4022 2126 4093 gione
2167 4021 2444 4075 vacillans
2483 4025 2659 4089 atque
2692 4021 2764 4074 ad
2801 4021 3085 4075 novitates
3125 4039 3252 4090 pro·

1965 4110 2088 4146 nus.
2116 4096 2193 4146 At
2217 4092 2577 4162 postmodum
2604 4109 2674 4147 ex
2697 4092 2822 4160 ipsa
2848 4098 3128 4147 sectarum
3157 4110 3254 4146 va-

1965 4165 2170 4218 rietate
2191 4168 2248 4218 et
2273 4164 2660 4218 inconstantia
2681 4164 2863 4217 factus
2882 4164 2943 4217 in
2964 4164 3253 4218 catholica

1965 4235 2070 4288 fide
2084 4236 2450 4298 constantior,
2466 4235 2591 4287 fixit
2606 4234 2955 4289 domicilium
2970 4236 3249 4295 Gandavi,

624 4305 795 4372 logos,
822 4302 882 4356 in
909 4301 1116 4370 quibus
1142 4304 1192 4358 si
1213 4303 1396 4429 magis
1416 4303 1613 4357 fuisset
1634 4308 1904 4369 versatus,
1963 4306 2182 4375 Lingua
2219 4308 2527 4360 vernacula
2577 4306 2888 4361 haereticos
2933 4307 3248 4361 insectatus

621 4374 941 4428 accuratius
980 4373 1125 4429 forte
1165 4376 1234 4429 de
1273 4393 1310 4444 p

1338 4374 1533 4429 nribus
1572 4375 1903 4445 scripsisset.
1962 4382 2049 4430 est
2084 4379 2253 4447 plura.
2293 4377 2619 4445 relinquens
2660 4377 2952 4445 opuscula,
2993 4395 3139 4447 quae
3169 4394 3250 4431 re-

622 4445 703 4499 Cf.
725 4447 890 4514 plura
910 4447 978 4499 de
1000 4464 1064 4501 eo
1086 4448 1269 4515 deque
1291 4448 1412 4516 ejus
1432 4446 1827 4501 controversiis
1847 4454 1906 4500 et
1961 4451 2151 4503 censet
2174 4450 2434 4517 foppens
2459 4450 2502 4512 l,
2533 4453 2632 4505 103
2655 4467 2696 4509 s.
2718 4482 2784 4489 —
2812 4449 3087 4503 Matthias
3115 4449 3251 4502 Zel-

621 4517 848 4586 scriptis
874 4519 1030 4587 apud
1061 4518 1465 4584 Hundhausen,
1494 4517 1777 4572 Kirchenl.
1809 4518 1906 4582 VI,
1960 4521 2129 4575 hors
2148 4524 2173 4574 t
2219 4520 2563 4574 Geldriensis
2608 4522 2913 4589 postquam
2959 4525 3026 4577 31
3069 4536 3251 4574 annos

623 4592 717 4645 181
742 4609 753 4649 :
783 4590 988 4643 Gillow
1016 4589 1110 4653 111,
1138 4593 1379 4648 332—8:
1422 4606 1591 4658 quem
1620 4590 1689 4643 cf.
1731 4590 1905 4643 etiam
1962 4593 2143 4646 sectae
2171 4591 2528 4647 calvinianae
2554 4591 2874 4645 ministrum
2901 4591 3037 4661 egit,
3077 4592 3247 4645 ratio·

622 4662 690 4713 de
718 4660 935 4715 Thoma
974 4661 1234 4728 Bailey
1275 4661 1390 4715 filio
1434 4661 1685 4730 episcopi
1725 4660 1904 4730 angli·
1964 4679 2060 4716 nes
2085 4680 2220 4717 suae
2259 4662 2638 4717 conversionis
2679 4663 2907 4733 egregio
2948 4679 3116 4731 opere
3142 4663 3248 4716 lin-

619 4732 760 4794 cani,
791 4732 889 4800 qui
919 4731 1083 4785 fidem
1119 4731 1415 4802 amplexus
1455 4735 1541 4786 est
1566 4732 1902 4785 catholicam
1959 4751 2075 4803 gua
2102 4734 2406 4788 vernacula
2432 4734 2584 4788 edito
2613 4735 2980 4803 Antwerpiae
3021 4739 3162 4791 1649
3189 4738 3251 4787 et

622 4812 667 4865 (τ
694 4817 740 4854 c.
772 4805 944 4869 1656),
971 4802 1045 4855 ib.
1074 4804 1115 4868 1,
1147 4807 1262 4859 10⁶2.

1961 4809 2101 4863 1658
2128 4806 2390 4860 reddidit.
2433 4804 2514 4860 Cf.
2543 4806 2617 4859 ib.
2647 4806 2714 4870 ΙΙ,
2740 4808 2860 4861 880.
