3625 5193
566 246 601 301 8
619 243 638 300 ι
657 247 692 300 9
1020 234 1391 289 1621-1640.
1420 225 1672 284 Historia
1695 225 2091 286 ecclesiastica.
2116 229 2376 299 Bzovius,
2402 229 2739 296 Mudzaerts,
3053 249 3188 307 820

560 409 893 493 peccatores
924 418 985 475 et
1013 414 1348 500 haereticos
1366 415 1431 474 in
1463 415 1843 475 concionibus
1898 415 2136 475 annales
2165 417 2367 493 potius
2411 417 2727 493 complecti
2772 417 3191 480 dominicano-

560 505 843 564 exhibuit.
864 506 935 564 In
951 505 1188 564 Italiam
1208 504 1418 564 exinde
1450 506 1689 576 missus,
1709 507 1840 564 stu-
1896 523 2030 565 rum
2063 523 2243 580 quam
2272 505 2710 578 ecclesiasticos,
2761 524 2893 565 cum
2926 507 3192 567 Bzovius

560 594 675 653 diis
713 595 799 653 sic
828 594 1120 665 incubuit,
1162 597 1243 653 -ut
1279 593 1597 653 Mediolani
1631 597 1842 670 postea
1896 596 2065 653 totus
2097 595 2179 652 sit
2207 594 2272 653 in
2302 594 2482 654 rebus
2501 592 2838 654 domesticis
2867 593 3181 656 efferendis

559 683 1010 760 philosophiam,
1045 702 1112 743 ac
1135 683 1436 744 Bononiae
1466 684 1643 742 etiam
1673 683 1840 742 theo-
1896 700 1964 741 ac
2009 682 2350 747 dilatandis,
2414 684 2610 753 ‚Illud
2663 685 2874 744 saltem
2922 702 3043 744 non
3105 686 3187 744 ab

557 765 773 849 logiam
794 772 1163 849 praelegerit,
1194 772 1659 849 praecipuosque
1695 784 1748 835 1.
1780 774 1843 830 et
1896 771 2209 832 Herwarto
2241 774 2455 843 solum,
2506 773 2714 832 scribit
2743 770 3047 856 Schu21)
3078 774 3187 834 sed

560 871 617 925 3.
649 883 706 938 p.
739 880 782 921 s.
804 862 1058 920 Thomas
1089 863 1381 921 tractatus
1401 861 1841 920 commentariis
1896 860 2076 918 etiam
2108 862 2185 920 ab
2215 862 2351 921 aliis
2380 862 2447 921 in
2464 861 2683 922 Bzovio
2702 861 3183 939 reprehenditur}

557 951 682 1009 suis
711 951 1042 1009 illustrarit.
1093 951 1305 1010 Postea
1335 968 1610 1010 reversus
1639 950 1705 1009 in
1736 969 1838 1025 pa·
1897 950 2053 1024 quod
2115 950 2529 1011 festinantiore
2588 955 2770 1026 atque
2837 956 3187 1027 oportuerat

556 1040 733 1098 triam
794 1039 1120 1098 conciones·
1143 1033 1217 1097 ad
1276 1040 1568 1115 populum
1627 1039 1843 1097 habuit
1897 1039 2117 1097 calamo
2149 1040 2232 1098 sit
2261 1057 2428 1111 usus,
2475 1043 2536 1098 et
2565 1058 2801 1116 operam
2843 1058 3010 1099 suam
3041 1057 3181 1117 pro·

555 1146 770 1206 magno
800 1130 1066 1188 omnium
1086 1123 1378 1188 concursu
1407 1130 1468 1188 et
1495 1123 1713 1204 plausu
1733 1146 1841 1187 nec
1894 1128 2121 1203 perarit
2168 1128 2395 1205 inagis,
2428 1125 2608 1205 quam
2655 1129 2961 1188 accurarit.⁸
3012 1131 3190 1190 Certe

556 1218 772 1276 minori
792 1218 1011 1287 fructu,
1031 1212 1839 1294 philosophiamqueettheo-
1896 1215 1946 1273 si
1992 1215 2066 1276 ad
2109 1217 2334 1290 criterii
2381 1218 2677 1277 trutinam
2722 1218 3001 1278 solertius
3046 1222 3185 1278 tum

555 1307 773 1384 logiam
805 1299 1056 1366 'ibidem
1114 1307 1414 1383 professus
1473 1309 1596 1377 est,
1659 1310 1839 1381 atque
1896 1301 2007 1363 sua
2023 1306 2242 1382 scripta
2270 1310 2402 1366 tum
2424 1310 2711 1377 auctores,
2745 1323 2815 1366 ex
2834 1307 3053 1383 quibus
3070 1326 3192 1369 sua

558 1398 798 1455 strenue
841 1396 1045 1472 lingua
1075 1398 1136 1455 et
1166 1397 1387 1454 calamo
1432 1414 1560 1453 rem
1592 1394 1839 1455 catholi-
1895 1391 2281 1472 deprompsit,
2312 1396 2566 1455 Bzovius
2598 1396 2993 1471 expendisset,
3030 1403 3181 1473 pauss

557 1502 682 1543 cam
714 1485 776 1543 in
809 1484 1057 1543 Polonia
1098 1486 1430 1561 promovit.¹
1462 1479 1838 1560 Post-plures
1894 1482 2052 1541 ciora
2079 1484 2318 1559 quidem
2339 1485 2692 1560 scripsisset,
2724 1485 2825 1545 sed
2857 1488 2920 1544 et
2946 1486 3009 1544 in
3028 1505 3177 1561 pau-

557 1564 743 1632 annos
775 1573 1015 1632 Romam
1050 1573 1247 1643 rediit,
1294 1567 1704 1648 totumquese
1734 1573 1837 1632 de·
1894 1571 2091 1630 ciores'
2125 1592 2340 1633 naevos
2386 1570 2788 1635 offendisset<
2852 1573 3180 1650 Postquam

557 1661 647 1720 dit
677 1662 1018 1721 evolvendis
1049 1655 1300 1721 Baronii.
1318 1662 1590 1722 analibus
1621 1677 1847 1737 eosque
1894 1661 2105 1719 horum
2136 1663 2459 1721 nonnullos
2478 1663 2771 1723 indicavit
2795 1663 2883 1722 ita
2901 1658 3191 1725 absolvit:

554 1751 620 1809 in
667 1741 967 1827 epitomen
1013 1745 1430 1810 contrahendis
1446 1795 1461 1823 ,
1516 1752 1627 1827 qui
1674 1751 1841 1811 labor
1897 1750 2339 1818 ‚Nihilominus
2387 1751 2530 1810 licet
2571 1751 2969 1811 eruditiorum
3015 1751 3190 1812 criti<-

555 1858 687 1898 cum
710 1860 741 1898 a
760 1840 1038 1916 plurimis
1056 1840 1427 1916 probaretur,
1457 1858 1711 1915 cumque
1730 1840 1841 1899 hoc
1894 1856 2098 1897 corum
2122 1840 2354 1915 judicia
2372 1835 2583 1900 Bzovio
2607 1834 3037 1917 usquequaque
3058 1836 3185 1902 non]

555 1929 757 1988 Bzovii
807 1928 1074 1988 studium
1128 1929 1461 1989 innotuerit
1509 1930 1697 1991 Paulo
1747 1929 1834 2007 V„
1896 1927 2150 1998 faveant,
2199 1929 2408 2006 negari
2440 1925 2643 2009 tamen
2684 1930 2929 1989 minime
2961 1933 3187 2005 potest,

547 2018 754 2093 jussus
804 2021 897 2077 est
943 2038 979 2078 a
1022 2036 1253 2078 summo
1302 2018 1583 2094 pontifice
1633 2037 1836 2095 prose-
1896 2016 2058 2091 quod
2100 2016 2368 2093 ejusdem
2413 2019 2655 2077 annales
2697 2017 3037 2095 insignibus
3077 2037 3185 2078 ve·

554 2097 804 2182 quendis
834 2108 1078 2167 Baronii
1118 2108 1433 2167 annalibus
1477 2108 1836 2168 incumbere.
1893 2109 2089 2168 terum
2136 2108 2538 2166 monumentis
2581 2113 2644 2166 et
2690 2107 3057 2166 documentis
3106 2126 3181 2167 ex

552 2196 708 2255 Hinc
737 2196 888 2255 serio
927 2189 1176 2256 ‘manum
1215 2191 1477 2256 admovit
1519 2197 1684 2274 operi
1716 2197 1837 2255 col·
1892 2195 2207 2253 tabulariis
2268 2197 2528 2255 romanis
2589 2199 2653 2255 et
2712 2196 3178 2256 instructissima

553 2286 842 2362 lectisque
880 2286 1128 2362 §Baronii
1175 2286 1519 2357 ruderibuS‚
1571 2286 1837 2345 excussis
1892 2283 2251 2343 bibliotheca
2279 2285 2552 2344 vaticana
2589 2279 2958 2361 depromptis
2989 2286 3186 2345 abun·

550 2373 866 2450 pontificiis
888 2375 1162 2446 archivis,
1196 2376 1429 2434 collatis
1441 2375 1838 2453 scriptoribus
1892 2371 2052 2442 dent,
2086 2373 2307 2448 quibus
2339 2374 2588 2433 historia
2617 2373 3011 2433 ecclesiastica
3039 2367 3185 2450 plu-⁴

554 2463 821 2539 antiquis
844 2467 950 2522 aut
980 2463 1324 2540 aequalibus
1356 2465 1497 2523 haec
1529 2464 1839 2524 volumina
1892 2462 2107 2520 rimum
2140 2462 2334 2539 possit
2375 2462 2725 2527 illustrari.‹
2778 2463 3021 2522 Praeter
3066 2463 3192 2523 alia

553 2553 618 2612 in
665 2553 859 2612 lucem
903 2553 1093 2612 dedit:
1146 2553 1414 2613 Historia
1461 2555 1837 2613 ecclesiastica
1892 2569 2072 2627 opera
2101 2550 2288 2611 edidit
2315 2551 2597 2612 Bzovius:
2643 2553 2944 2612 Romanus
2978 2555 3178 2629 ponti-

552 2661 621 2700 ex
652 2642 734 2699 ill.
766 2642 1027 2700 Caesaris
1059 2643 1379 2701 Baronii
1410 2644 1463 2701 S.
1497 2643 1560 2700 R..
1584 2643 1648 2700 E.
1682 2643 1833 2702 card.
1887 2641 1991 2714 fex
2020 2658 2126 2699 seu
2158 2639 2231 2699 de
2260 2642 2643 2716 praestantia,
2676 2641 2885 2714 officie,
2917 2643 3176 2701 auctori-

551 2730 866 2788 annalibus
910 2731 1281 2807 aliorumque
1324 2731 1591 2790 virorum
1621 2732 1706 2790 ill.
1740 2751 1834 2791 ec·
1891 2732 2033 2800 tate,
2050 2729 2396 2801 virtutibus,
2408 2728 2690 2790 felicitate
2703 2731 3184 2807 rebusqueprae·

549 2818 892 2877 clesiasticis
940 2819 1358 2896 historicisque
1413 2821 1832 2892 monumentis,
1891 2818 2044 2877 clare
2093 2819 2280 2894 gestis
2316 2818 2694 2878 'summorum
2744 2820 3097 2895 pontificum
3142 2840 3188 2879 a

548 2906 763 2965 Romae
803 2916 966 2969 1616
1002 2908 1066 2965 in
1096 2907 1167 2976 f.;
1219 2910 1594 2985 Antwerpiae
1633 2919 1833 2981 1616;
1891 2907 1957 2965 D.
1990 2908 2167 2966 Petro
2190 2952 2193 2957 Α
2213 2908 2283 2966 ad
2317 2904 2567 2967 Paulum
2600 2909 2671 2976 V.
2715 2910 3183 2968 commentarius

550 2993 818 3054 Coloniae
858 3006 1045 3064 1617,
1095 2997 1192 3055 cui
1223 2998 1312 3056 ed.
1344 2997 1576 3073 adjecta
1617 3003 1712 3058 est
1742 2999 1833 3059 hi·
1889 2995 1953 3054 in
1989 3005 2025 3057 3
2059 2996 2121 3058 ll.
2152 2994 2400 3067 divisus,
2448 2997 2719 3057 Coloniae
2759 3007 2957 3068 16193
3006 2998 3181 3058 Pari-¹

551 3083 739 3145 storia
768 3102 878 3143 sec.
913 3084 1068 3144 XIII.
1114 3088 1353 3146 auctore
1385 3087 1832 3147 Matenesio.
1891 3084 1995 3143 siis
2034 3093 2200 3147 1622
2247 3085 2311 3143 in
2342 3085 2381 3143 f.
2432 3086 2593 3155 Quae
2639 3087 2711 3144 ad
2757 3087 3085 3162 primatum
3114 3090 3187 3146 et:

546 3174 871 3232 Annalium
916 3176 1425 3235 ecclesiasticorum
1472 3179 1610 3253 post
1651 3177 1832 3236 Baro·
1891 3172 2375 3232 infallibilitatem
2394 3192 2541 3234 rom.
2573 3174 2870 3251 pontificis
2903 3178 3183 3251 spectant

545 3263 715 3323 nium
745 3267 788 3322 t.
830 3273 1075 3327 13--21
1128 3263 1228 3347 (ab
1260 3263 1830 3345 reuss—1572),
1888 3264 2110 3339 recepit
2141 3262 2456 3322 Rocaberli
2499 3264 2562 3323 in
2604 3282 2776 3323 suam
2819 3264 2966 3323 bibl.
3011 3268 3177 3340 pont.

547 3353 761 3413 Romae
790 3362 1161 3425 1616—293
1183 3355 1458 3414 Coloniae
1485 3364 1830 3417 1621-30
1889 3351 1935 3420 Ι,
1977 3361 2003 3413 1
2025 3360 2252 3415 -574-
2284 3351 2506 3412 Paulus
2544 3352 2606 3414 Vt
2636 3352 2997 3430 Burqhesius
3015 3353 3082 3413 P.
3108 3353 3181 3419 0,

546 3447 589 3501 t·
617 3452 680 3515 ’ῖς
710 3452 866 3506 1641
897 3448 942 3506 t.
967 3453 1033 3515 83
1065 3444 1276 3504 Romae
1306 3453 1467 3508 1672
1491 3448 1535 3504 t.
1563 3454 1618 3505 9.
1641 3440 1831 3527 (post-
1891 3440 1995 3516 M„
2047 3438 2263 3499 Romae
2302 3451 2467 3505 1624
2512 3442 2578 3502 in
2610 3453 2683 3511 43
2734 3445 2852 3501 vita
2896 3461 2940 3501 s.
2991 3442 3176 3502 Cune-

546 3530 803 3615 humus).
837 3533 1062 3593 Horum
1095 3534 1296 3593 ultimi
1318 3536 1462 3593 sunt
1491 3533 1661 3593 valde
1694 3532 1831 3591 rari.
1883 3529 2099 3607 quadis
2117 3529 2398 3590 Poloniae
2427 3531 2684 3607 reginae,
2719 3531 2798 3590 ib.
2837 3540 3039 3602 1633;
3072 3549 3181 3590 no·

547 3621 627 3681 Cf.
677 3622 916 3698 Hilgers
978 3622 1085 3681 der
1145 3623 1327 3682 Index
1389 3643 1523 3700 pag.
1580 3630 1702 3685 547
1757 3640 1830 3681 ss.
1888 3620 2204 3677 menclator
2252 3623 2590 3680 sanctorum
2639 3620 3003 3694 professione
3050 3639 3172 3679 me-

547 3711 831 3769 Bzovium
863 3729 1178 3786 aggressus
1214 3716 1304 3771 est
1336 3712 1626 3788 Geor-gius
1666 3712 1833 3770 Her·
1888 3707 2174 3777 dicorum‚
2209 3707 2270 3765 ib
2309 3718 2467 3771 1621
2495 3729 2508 3778 ;
2543 3708 2815 3768 Coloniae
2846 3718 3025 3772 1624.
3059 3708 3177 3768 De·

545 3803 735 3855 wart
780 3796 914 3875 (seu
956 3799 1155 3873 potius
1199 3799 1319 3858 Jac.
1367 3802 1636 3859 Keller
1667 3800 1723 3863 S.
1755 3800 1831 3872 J.,
1890 3796 2069 3855 cessit
2111 3796 2365 3856 Bzovius
2411 3798 2626 3856 Romae
2669 3806 2769 3860 31.
2803 3798 2939 3862 Jau.
2988 3806 3179 3861 1637.

548 3885 619 3942 de
651 3904 770 3959 quo
803 3885 871 3942 cf.
896 3904 1076 3961 supra
1107 3906 1162 3962 p.
1190 3884 1340 3969 738)
1373 3890 1430 3959 1.,
1465 3889 1563 3948 cui
1582 3890 1828 3948 titulus:
1887 3918 1975 3928 —
2020 3884 2341 3960 Dionysius
2374 3885 2814 3947 Mudzaerts
2848 3886 2911 3945 O.
2945 3887 3176 3946 Praem.

550 3972 878 4031 Ludovicus
896 3973 1011 4032 IV.
1035 3976 1352 4048 imperator
1369 3979 1652 4052 defensus,
1684 3978 1830 4037 Bzo-
1889 3971 2372 4056 Tylburchius2),
2409 3976 2607 4053 Belga,
2640 3975 3013 4052 praepositus
3032 3974 3177 4034 Val-

550 4060 682 4117 vius
717 4060 1079 4135 injuriarum
1097 4065 1457 4139 postulatus,
1491 4067 1650 4141 quod
1684 4084 1829 4126 eun·
1888 4062 1963 4120 lis
1999 4080 2043 4120 s.
2067 4063 2283 4122 Mariae
2315 4067 2376 4123 et
2406 4082 2449 4123 s.
2470 4064 2819 4126 catharinae
2849 4064 3077 4122 Bredas
3109 4059 3181 4145 (†

550 4147 685 4204 dem
747 4148 1027 4223 gravibus
1089 4153 1399 4213 calumniis
1451 4155 1713 4213 onerarit
1762 4152 1830 4233 (t.
1897 4161 1990 4213 19.
2024 4151 2174 4210 Nov.
2226 4149 2424 4234 1635)
2471 4154 2847 4213 concinnavit
2889 4154 2976 4212 De
3022 4153 3173 4212 Ker-

548 4235 622 4293 XI
636 4232 726 4317 V),
773 4238 1058 4298 Monachii
1100 4252 1281 4306 1618.
1320 4252 1504 4305 1619.
1550 4263 1648 4318 pp.
1687 4254 1720 4307 3
1766 4244 1830 4301 in
1886 4240 2138 4316 ckelycke
2186 4241 2446 4302 Hister-ie
2493 4262 2527 4301 a
2575 4243 2794 4301 Christi
2855 4243 3183 4301 nativitate

558 4335 579 4385 l
612 4343 663 4381 v.
697 4325 760 4383 in
784 4337 839 4386 4.
872 4326 1024 4385 Hinc
1043 4329 1294 4389 Bzovius
1313 4334 1525 4407 agente
1548 4332 1831 4390 Bavariae

549 4411 696 4471 duce
742 4417 976 4473 coactus
1023 4420 1114 4475 est
1157 4420 1452 4494 quandam
1498 4420 1686 4480 veluti
1737 4439 1830 4478 re·-
1963 4435 2001 4495 ι)
2029 4430 2087 4484 L.
2115 4447 2157 4484 c.
2185 4447 2241 4499 p.
2270 4433 2375 4487 114
2400 4447 2439 4483 s.
2472 4430 2555 4483 Of.
2581 4430 2765 4484 Feller
2788 4430 2858 4494 Il,
2884 4434 3020 4492 2762
3062 4432 3177 4483 An·

547 4502 959 4561 tractationem
979 4508 1138 4564 tomo
1169 4507 1260 4564 illi
1280 4507 1493 4566 addere
1515 4510 1576 4565 et
1593 4508 1658 4566 in
1677 4527 1831 4568 nova
1886 4500 2015 4555 <¹10⁸
2052 4504 2092 4556 t·
2141 4501 2266 4574 VH,
2306 4518 2360 4570 1>-
2403 4505 2526 4558 731·
2571 4500 2864 4554 E¹0¹¹⁸²²1¹¹⁵
2899 4501 3175 4555 &Ovium

552 4587 816 4659 ejusdem
837 4590 1095 4652 editione
1127 4589 1200 4675 (a.
1227 4591 1420 4677 1623)
1443 4616 1510 4655 ea
1534 4597 1827 4697 omittere,
1886 4570 2233 4700 {alfia-981³&
2236 4576 2362 4712 {1²33
2386 4590 2488 4701 ⁸5⁵⁶&
2529 4571 2814 4627 Gffll'ffllon
2856 4589 2913 4643 P·
2954 4577 2989 4629 3
3027 4572 3183 4626 1³5⁸ss

552 4691 704 4746 quae
732 4675 911 4734 bilem
945 4685 1266 4742 moverant.
1324 4684 1529 4743 Plures
1562 4686 1735 4761 plura
1765 4705 1829 4744 in
1961 4719 2002 4785 ς)
2023 4715 2105 4767 Cf,
2125 4713 2558 4770 Fr.Waltmann
2575 4731 2685 4768 van
2697 4714 2968 4785 Spilbeek
2985 4714 3181 4785 Biogr.

552 4776 619 4816 eo
650 4763 1105 4839 reprehendunt,
1152 4774 1224 4828 ut
1253 4789 1322 4828 ex
1355 4790 1460 4847 gr„
1494 4792 1644 4849 opus
1674 4774 1830 4834 illud
1887 4788 2005 4839 nat.
2036 4785 2105 4838 de
2132 4784 2289 4856 Belg.
2316 4787 2433 4853 XV,
2460 4789 2725 4843 337-40.
