<?xml version="1.0" encoding="UTF-8"?>
<!DOCTYPE html PUBLIC "-//W3C//DTD XHTML 1.0 Transitional//EN"
    "http://www.w3.org/TR/xhtml1/DTD/xhtml1-transitional.dtd">
<html xmlns="http://www.w3.org/1999/xhtml" xml:lang="en" lang="en">
 <head>
  <title>
</title>
<meta http-equiv="Content-Type" content="text/html;charset=utf-8" />
  <meta name='ocr-system' content='tesseract 3.04.00' />
  <meta name='ocr-capabilities' content='ocr_page ocr_carea ocr_par ocr_line ocrx_word'/>
</head>
<body>
  <div class='ocr_page' id='page_1' title='image "./nomenclatorlite11hurtgoog_0567.png"; bbox 0 0 3625 5193; ppageno 0'>
   <div class='ocr_carea' id='block_1_1' title="bbox 409 260 3017 336">
    <p class='ocr_par' dir='ltr' id='par_1_1' title="bbox 409 260 3017 336">
     <span class='ocr_line' id='line_1_1' title="bbox 409 260 3017 336; baseline 0 -20"><span class='ocrx_word' id='word_1_1' title='bbox 409 284 429 334; x_wconf 83' lang='lat'>1</span> <span class='ocrx_word' id='word_1_2' title='bbox 454 282 570 336; x_wconf 81' lang='lat'>117</span> <span class='ocrx_word' id='word_1_3' title='bbox 909 263 1184 328; x_wconf 88' lang='lat' dir='ltr'>Bossaert,</span> <span class='ocrx_word' id='word_1_4' title='bbox 1211 261 1588 332; x_wconf 86' lang='lat' dir='ltr'>Bentivoglio,</span> <span class='ocrx_word' id='word_1_5' title='bbox 1618 262 2091 329; x_wconf 83' lang='lat' dir='ltr'>Mallebrancque,</span> <span class='ocrx_word' id='word_1_6' title='bbox 2119 260 2533 316; x_wconf 72' lang='lat' dir='ltr'>sanmarthani.</span> <span class='ocrx_word' id='word_1_7' title='bbox 2856 282 2876 332; x_wconf 83' lang='lat'>1</span> <span class='ocrx_word' id='word_1_8' title='bbox 2900 281 2922 331; x_wconf 88' lang='lat'>1</span> <span class='ocrx_word' id='word_1_9' title='bbox 2944 279 3017 333; x_wconf 77' lang='lat'>18</span> 
     </span>
    </p>
   </div>
   <div class='ocr_carea' id='block_1_2' title="bbox 396 442 3020 4340">
    <p class='ocr_par' dir='ltr' id='par_1_2' title="bbox 396 442 3020 3980">
     <span class='ocr_line' id='line_1_2' title="bbox 399 442 3018 529; baseline -0 -21"><span class='ocrx_word' id='word_1_10' title='bbox 399 470 449 508; x_wconf 90' lang='lat' dir='ltr'>a.</span> <span class='ocrx_word' id='word_1_11' title='bbox 481 449 697 508; x_wconf 87' lang='lat' dir='ltr'>aetatis</span> <span class='ocrx_word' id='word_1_12' title='bbox 722 444 830 529; x_wconf 89' lang='lat'>80)</span> <span class='ocrx_word' id='word_1_13' title='bbox 851 450 1085 522; x_wconf 88' lang='lat' dir='ltr'>praeter</span> <span class='ocrx_word' id='word_1_14' title='bbox 1104 442 1280 529; x_wconf 81' lang='lat' dir='ltr'>alial)</span> <span class='ocrx_word' id='word_1_15' title='bbox 1302 446 1542 523; x_wconf 83' lang='lat' dir='ltr'>collegit</span> <span class='ocrx_word' id='word_1_16' title='bbox 1557 448 1681 505; x_wconf 82' lang='lat' dir='ltr'>En·</span> <span class='ocrx_word' id='word_1_17' title='bbox 1739 443 2135 529; x_wconf 86' lang='lat' dir='ltr'>(Teronanne)</span> <span class='ocrx_word' id='word_1_18' title='bbox 2170 467 2275 522; x_wconf 91' lang='lat' dir='ltr'>per</span> <span class='ocrx_word' id='word_1_19' title='bbox 2309 448 2580 506; x_wconf 75' lang='lat' dir='ltr'>carolum</span> <span class='ocrx_word' id='word_1_20' title='bbox 2610 448 2679 507; x_wconf 84' lang='lat' dir='ltr'>V.</span> <span class='ocrx_word' id='word_1_21' title='bbox 2717 468 3018 526; x_wconf 84' lang='lat' dir='ltr'>expugna·</span> 
     </span>
     <span class='ocr_line' id='line_1_3' title="bbox 399 536 3018 612; baseline -0 -15"><span class='ocrx_word' id='word_1_22' title='bbox 399 539 685 597; x_wconf 74' lang='lat' dir='ltr'>chiridion</span> <span class='ocrx_word' id='word_1_23' title='bbox 701 536 772 595; x_wconf 92' lang='lat' dir='ltr'>de</span> <span class='ocrx_word' id='word_1_24' title='bbox 789 536 935 595; x_wconf 87' lang='lat' dir='ltr'>actis</span> <span class='ocrx_word' id='word_1_25' title='bbox 953 554 1027 598; x_wconf 79' lang='lat' dir='ltr'>ss,</span> <span class='ocrx_word' id='word_1_26' title='bbox 1047 536 1109 596; x_wconf 86' lang='lat' dir='ltr'>P.</span> <span class='ocrx_word' id='word_1_27' title='bbox 1127 536 1454 612; x_wconf 84' lang='lat' dir='ltr'>Augustini</span> <span class='ocrx_word' id='word_1_28' title='bbox 1469 554 1537 594; x_wconf 84' lang='lat' dir='ltr'>ex</span> <span class='ocrx_word' id='word_1_29' title='bbox 1554 536 1684 610; x_wconf 88' lang='lat' dir='ltr'>ejus</span> <span class='ocrx_word' id='word_1_30' title='bbox 1737 537 1918 595; x_wconf 89' lang='lat' dir='ltr'>tione.</span> <span class='ocrx_word' id='word_1_31' title='bbox 1984 536 2234 595; x_wconf 83' lang='lat' dir='ltr'>Disserit</span> <span class='ocrx_word' id='word_1_32' title='bbox 2264 539 2466 595; x_wconf 91' lang='lat' dir='ltr'>antem</span> <span class='ocrx_word' id='word_1_33' title='bbox 2510 540 2573 595; x_wconf 89' lang='lat' dir='ltr'>et</span> <span class='ocrx_word' id='word_1_34' title='bbox 2618 537 2690 595; x_wconf 91' lang='lat' dir='ltr'>de</span> <span class='ocrx_word' id='word_1_35' title='bbox 2724 542 3018 596; x_wconf 87' lang='lat' dir='ltr'>monaste·</span> 
     </span>
     <span class='ocr_line' id='line_1_4' title="bbox 404 624 3018 704; baseline -0.001 -18"><span class='ocrx_word' id='word_1_36' title='bbox 404 646 537 704; x_wconf 91' lang='lat' dir='ltr'>opp.</span> <span class='ocrx_word' id='word_1_37' title='bbox 570 626 924 685; x_wconf 83' lang='lat' dir='ltr'>Mechliniae</span> <span class='ocrx_word' id='word_1_38' title='bbox 975 635 1158 686; x_wconf 83' lang='lat'>1647.</span> <span class='ocrx_word' id='word_1_39' title='bbox 1225 625 1402 682; x_wconf 73' lang='lat' dir='ltr'>Fer-ia</span> <span class='ocrx_word' id='word_1_40' title='bbox 1448 624 1536 682; x_wconf 90' lang='lat' dir='ltr'>VI</span> <span class='ocrx_word' id='word_1_41' title='bbox 1567 627 1684 682; x_wconf 76' lang='lat' dir='ltr'>sice</span> <span class='ocrx_word' id='word_1_42' title='bbox 1738 626 1844 683; x_wconf 90' lang='lat' dir='ltr'>riis</span> <span class='ocrx_word' id='word_1_43' title='bbox 1890 625 2080 700; x_wconf 90' lang='lat' dir='ltr'>deque</span> <span class='ocrx_word' id='word_1_44' title='bbox 2126 626 2473 701; x_wconf 87' lang='lat' dir='ltr'>purpuratis</span> <span class='ocrx_word' id='word_1_45' title='bbox 2523 626 2847 684; x_wconf 85' lang='lat' dir='ltr'>Tariannae</span> <span class='ocrx_word' id='word_1_46' title='bbox 2893 628 3018 701; x_wconf 90' lang='lat' dir='ltr'>epi-</span> 
     </span>
     <span class='ocr_line' id='line_1_5' title="bbox 401 713 3020 793; baseline -0 -18"><span class='ocrx_word' id='word_1_47' title='bbox 401 718 527 792; x_wconf 75' lang='lat' dir='ltr'>ejus</span> <span class='ocrx_word' id='word_1_48' title='bbox 557 717 812 793; x_wconf 74' lang='lat' dir='ltr'>diynitas</span> <span class='ocrx_word' id='word_1_49' title='bbox 845 733 911 772; x_wconf 91' lang='lat' dir='ltr'>ac</span> <span class='ocrx_word' id='word_1_50' title='bbox 944 732 1119 788; x_wconf 89' lang='lat' dir='ltr'>opera</span> <span class='ocrx_word' id='word_1_51' title='bbox 1152 732 1332 783; x_wconf 86' lang='lat' dir='ltr'>sacra,</span> <span class='ocrx_word' id='word_1_52' title='bbox 1368 713 1448 771; x_wconf 88' lang='lat' dir='ltr'>ib.</span> <span class='ocrx_word' id='word_1_53' title='bbox 1490 722 1683 783; x_wconf 79' lang='lat'><strong>16533</strong></span> <span class='ocrx_word' id='word_1_54' title='bbox 1740 714 1933 789; x_wconf 90' lang='lat' dir='ltr'>scopis</span> <span class='ocrx_word' id='word_1_55' title='bbox 1967 717 2077 772; x_wconf 88' lang='lat' dir='ltr'>etc.</span> <span class='ocrx_word' id='word_1_56' title='bbox 2099 748 2180 756; x_wconf 93' lang='lat'>—</span> <span class='ocrx_word' id='word_1_57' title='bbox 2206 716 2367 789; x_wconf 89' lang='lat' dir='ltr'>Opus</span> <span class='ocrx_word' id='word_1_58' title='bbox 2398 715 2631 792; x_wconf 83' lang='lat' dir='ltr'><strong>insigne</strong></span> <span class='ocrx_word' id='word_1_59' title='bbox 2666 715 3020 791; x_wconf 88' lang='lat' dir='ltr'>inscriptum</span> 
     </span>
     <span class='ocr_line' id='line_1_6' title="bbox 399 801 3019 881; baseline -0.001 -17"><span class='ocrx_word' id='word_1_60' title='bbox 399 809 460 864; x_wconf 86' lang='lat' dir='ltr'>et</span> <span class='ocrx_word' id='word_1_61' title='bbox 490 804 840 881; x_wconf 88' lang='lat' dir='ltr'>praesertim</span> <span class='ocrx_word' id='word_1_62' title='bbox 873 801 1160 860; x_wconf 84' lang='lat' dir='ltr'>diatribas</span> <span class='ocrx_word' id='word_1_63' title='bbox 1201 803 1511 877; x_wconf 77' lang='lat' dir='ltr'>deprimis</span> <span class='ocrx_word' id='word_1_64' title='bbox 1541 809 1681 859; x_wconf 75' lang='lat' dir='ltr'>vete-</span> <span class='ocrx_word' id='word_1_65' title='bbox 1745 803 1943 860; x_wconf 80' lang='lat' dir='ltr'>Gallia</span> <span class='ocrx_word' id='word_1_66' title='bbox 1987 804 2326 878; x_wconf 76' lang='lat' dir='ltr'>christiana,</span> <span class='ocrx_word' id='word_1_67' title='bbox 2375 805 2547 878; x_wconf 90' lang='lat' dir='ltr'>cujus</span> <span class='ocrx_word' id='word_1_68' title='bbox 2596 804 2762 862; x_wconf 83' lang='lat' dir='ltr'>velut</span> <span class='ocrx_word' id='word_1_69' title='bbox 2806 803 3019 862; x_wconf 89' lang='lat' dir='ltr'>funda-</span> 
     </span>
     <span class='ocr_line' id='line_1_7' title="bbox 396 890 3016 967; baseline -0 -14"><span class='ocrx_word' id='word_1_70' title='bbox 396 894 735 953; x_wconf 75' lang='lat' dir='ltr'>risFrisiae</span> <span class='ocrx_word' id='word_1_71' title='bbox 768 892 1042 967; x_wconf 78' lang='lat' dir='ltr'>apostolis</span> <span class='ocrx_word' id='word_1_72' title='bbox 1073 891 1199 949; x_wconf 88' lang='lat' dir='ltr'>sive</span> <span class='ocrx_word' id='word_1_73' title='bbox 1231 890 1682 950; x_wconf 77' lang='lat' dir='ltr'><strong>dissertationes</strong></span> <span class='ocrx_word' id='word_1_74' title='bbox 1738 895 1938 950; x_wconf 86' lang='lat' dir='ltr'>menta</span> <span class='ocrx_word' id='word_1_75' title='bbox 1962 892 2236 967; x_wconf 85' lang='lat' dir='ltr'>jecerunt</span> <span class='ocrx_word' id='word_1_76' title='bbox 2266 891 2305 950; x_wconf 89' lang='lat' dir='ltr'>J</span> <span class='ocrx_word' id='word_1_77' title='bbox 2309 911 2436 954; x_wconf 85' lang='lat' dir='ltr'>oan.</span> <span class='ocrx_word' id='word_1_78' title='bbox 2472 893 2726 951; x_wconf 87' lang='lat' dir='ltr'>Chenu</span> <span class='ocrx_word' id='word_1_79' title='bbox 2758 896 2819 951; x_wconf 91' lang='lat' dir='ltr'>et</span> <span class='ocrx_word' id='word_1_80' title='bbox 2844 894 3016 952; x_wconf 87' lang='lat' dir='ltr'>Clau-</span> 
     </span>
     <span class='ocr_line' id='line_1_8' title="bbox 411 975 3019 1061; baseline 0.001 -22"><span class='ocrx_word' id='word_1_81' title='bbox 411 992 552 1054; x_wconf 85' lang='lat'>156‚</span> <span class='ocrx_word' id='word_1_82' title='bbox 606 982 827 1056; x_wconf 90' lang='lat' dir='ltr'>quibus</span> <span class='ocrx_word' id='word_1_83' title='bbox 873 998 1078 1038; x_wconf 91' lang='lat' dir='ltr'>eorum</span> <span class='ocrx_word' id='word_1_84' title='bbox 1124 980 1284 1051; x_wconf 89' lang='lat' dir='ltr'>anni,</span> <span class='ocrx_word' id='word_1_85' title='bbox 1337 984 1522 1050; x_wconf 86' lang='lat' dir='ltr'>actus,</span> <span class='ocrx_word' id='word_1_86' title='bbox 1570 999 1682 1052; x_wconf 81' lang='lat' dir='ltr'>reS,</span> <span class='ocrx_word' id='word_1_87' title='bbox 1738 980 1875 1039; x_wconf 88' lang='lat' dir='ltr'>dius</span> <span class='ocrx_word' id='word_1_88' title='bbox 1926 981 2215 1039; x_wconf 86' lang='lat' dir='ltr'>Robert</span> <span class='ocrx_word' id='word_1_89' title='bbox 2263 975 2363 1060; x_wconf 80' lang='lat' dir='ltr'>(of.</span> <span class='ocrx_word' id='word_1_90' title='bbox 2412 1001 2468 1056; x_wconf 90' lang='lat' dir='ltr'>p.</span> <span class='ocrx_word' id='word_1_91' title='bbox 2522 978 2675 1061; x_wconf 85' lang='grc'>828)</span> <span class='ocrx_word' id='word_1_92' title='bbox 2694 1026 2707 1049; x_wconf 80' lang='grc'><em>,</em></span> <span class='ocrx_word' id='word_1_93' title='bbox 2758 982 3019 1041; x_wconf 87' lang='lat' dir='ltr'>multum</span> 
     </span>
     <span class='ocr_line' id='line_1_9' title="bbox 401 1069 3020 1147; baseline 0 -18"><span class='ocrx_word' id='word_1_94' title='bbox 401 1088 706 1147; x_wconf 75' lang='lat' dir='ltr'>personae,</span> <span class='ocrx_word' id='word_1_95' title='bbox 741 1070 880 1140; x_wconf 87' lang='lat' dir='ltr'>loca,</span> <span class='ocrx_word' id='word_1_96' title='bbox 915 1071 1182 1143; x_wconf 88' lang='lat' dir='ltr'>tempora</span> <span class='ocrx_word' id='word_1_97' title='bbox 1212 1070 1274 1126; x_wconf 89' lang='lat' dir='ltr'>in</span> <span class='ocrx_word' id='word_1_98' title='bbox 1309 1086 1513 1127; x_wconf 87' lang='lat' dir='ltr'>eorum</span> <span class='ocrx_word' id='word_1_99' title='bbox 1532 1069 1682 1127; x_wconf 87' lang='lat' dir='ltr'>actis</span> <span class='ocrx_word' id='word_1_100' title='bbox 1735 1072 2166 1146; x_wconf 87' lang='lat' dir='ltr'>promoverunt</span> <span class='ocrx_word' id='word_1_101' title='bbox 2197 1069 2411 1129; x_wconf 71' lang='lat' dir='ltr'>Fratres</span> <span class='ocrx_word' id='word_1_102' title='bbox 2439 1069 2664 1146; x_wconf 83' lang='lat' dir='ltr'>gemini</span> <span class='ocrx_word' id='word_1_103' title='bbox 2686 1070 3020 1130; x_wconf 88' lang='lat' dir='ltr'>Scaevola</span> 
     </span>
     <span class='ocr_line' id='line_1_10' title="bbox 401 1156 3019 1240; baseline -0 -20"><span class='ocrx_word' id='word_1_104' title='bbox 401 1160 740 1220; x_wconf 73' lang='lat' dir='ltr'>occurentia</span> <span class='ocrx_word' id='word_1_105' title='bbox 782 1157 1225 1228; x_wconf 89' lang='lat' dir='ltr'>discutiuntur,</span> <span class='ocrx_word' id='word_1_106' title='bbox 1278 1156 1680 1229; x_wconf 75' lang='lat' dir='ltr'>illustrantur,</span> <span class='ocrx_word' id='word_1_107' title='bbox 1736 1161 1797 1217; x_wconf 84' lang='lat' dir='ltr'>et</span> <span class='ocrx_word' id='word_1_108' title='bbox 1859 1158 2013 1216; x_wconf 91' lang='lat' dir='ltr'>Lud</span> <span class='ocrx_word' id='word_1_109' title='bbox 2033 1158 2303 1217; x_wconf 85' lang='lat' dir='ltr'>ovicus</span> <span class='ocrx_word' id='word_1_110' title='bbox 2377 1158 2847 1218; x_wconf 72' lang='lat' dir='ltr'>sammarthanus</span> <span class='ocrx_word' id='word_1_111' title='bbox 2920 1157 3019 1240; x_wconf 91' lang='lat' dir='ltr'>(de</span> 
     </span>
     <span class='ocr_line' id='line_1_11' title="bbox 404 1245 3017 1326; baseline 0 -19"><span class='ocrx_word' id='word_1_112' title='bbox 404 1266 754 1323; x_wconf 85' lang='lat' dir='ltr'>erroresque</span> <span class='ocrx_word' id='word_1_113' title='bbox 800 1246 874 1304; x_wconf 89' lang='lat' dir='ltr'>ab</span> <span class='ocrx_word' id='word_1_114' title='bbox 920 1246 1112 1305; x_wconf 89' lang='lat' dir='ltr'>aliena</span> <span class='ocrx_word' id='word_1_115' title='bbox 1141 1265 1324 1304; x_wconf 90' lang='lat' dir='ltr'>manu</span> <span class='ocrx_word' id='word_1_116' title='bbox 1356 1246 1560 1321; x_wconf 82' lang='lat' dir='ltr'>illapsi</span> <span class='ocrx_word' id='word_1_117' title='bbox 1591 1266 1681 1305; x_wconf 88' lang='lat' dir='ltr'>re·</span> <span class='ocrx_word' id='word_1_118' title='bbox 1736 1245 2245 1326; x_wconf 75' lang='lat' dir='ltr'>sainte-Marthe),</span> <span class='ocrx_word' id='word_1_119' title='bbox 2268 1266 2521 1323; x_wconf 91' lang='lat' dir='ltr'>quorum</span> <span class='ocrx_word' id='word_1_120' title='bbox 2542 1247 2693 1306; x_wconf 86' lang='lat' dir='ltr'>alter</span> <span class='ocrx_word' id='word_1_121' title='bbox 2708 1251 2848 1323; x_wconf 88' lang='lat' dir='ltr'>post</span> <span class='ocrx_word' id='word_1_122' title='bbox 2862 1267 3017 1308; x_wconf 91' lang='lat' dir='ltr'>mor-</span> 
     </span>
     <span class='ocr_line' id='line_1_12' title="bbox 402 1334 3018 1405; baseline 0.001 -10"><span class='ocrx_word' id='word_1_123' title='bbox 402 1337 714 1405; x_wconf 82' lang='lat' dir='ltr'>selluntu1·,</span> <span class='ocrx_word' id='word_1_124' title='bbox 766 1334 1110 1393; x_wconf 86' lang='lat' dir='ltr'>Mechliniae</span> <span class='ocrx_word' id='word_1_125' title='bbox 1170 1344 1332 1398; x_wconf 90' lang='grc'>1650</span> <span class='ocrx_word' id='word_1_126' title='bbox 1374 1334 1436 1392; x_wconf 91' lang='lat' dir='ltr'>in</span> <span class='ocrx_word' id='word_1_127' title='bbox 1490 1345 1545 1396; x_wconf 89' lang='lat'>4.</span> <span class='ocrx_word' id='word_1_128' title='bbox 1598 1367 1680 1378; x_wconf 91' lang='lat'>—</span> <span class='ocrx_word' id='word_1_129' title='bbox 1736 1338 1858 1394; x_wconf 89' lang='lat' dir='ltr'>tem</span> <span class='ocrx_word' id='word_1_130' title='bbox 1908 1336 2110 1394; x_wconf 87' lang='lat' dir='ltr'>uxoris</span> <span class='ocrx_word' id='word_1_131' title='bbox 2160 1336 2588 1395; x_wconf 87' lang='lat' dir='ltr'>ecclesiasticae</span> <span class='ocrx_word' id='word_1_132' title='bbox 2645 1337 2895 1396; x_wconf 87' lang='lat' dir='ltr'>militiae</span> <span class='ocrx_word' id='word_1_133' title='bbox 2954 1356 3018 1397; x_wconf 90' lang='lat' dir='ltr'>se</span> 
     </span>
     <span class='ocr_line' id='line_1_13' title="bbox 401 1423 3017 1501; baseline -0.001 -16"><span class='ocrx_word' id='word_1_134' title='bbox 401 1426 594 1486; x_wconf 83' lang='lat' dir='ltr'>Guido</span> <span class='ocrx_word' id='word_1_135' title='bbox 624 1424 1132 1500; x_wconf 89' lang='lat' dir='ltr'>Bentivoglio</span> <span class='ocrx_word' id='word_1_136' title='bbox 1163 1423 1555 1482; x_wconf 88' lang='lat' dir='ltr'>Ferrariensis</span> <span class='ocrx_word' id='word_1_137' title='bbox 1588 1443 1680 1481; x_wconf 90' lang='lat' dir='ltr'>ar·</span> <span class='ocrx_word' id='word_1_138' title='bbox 1738 1425 2114 1500; x_wconf 82' lang='lat' dir='ltr'>mancipavit,</span> <span class='ocrx_word' id='word_1_139' title='bbox 2163 1427 2417 1500; x_wconf 88' lang='lat' dir='ltr'>uterque</span> <span class='ocrx_word' id='word_1_140' title='bbox 2450 1443 2591 1483; x_wconf 89' lang='lat' dir='ltr'>vero</span> <span class='ocrx_word' id='word_1_141' title='bbox 2622 1426 2791 1501; x_wconf 90' lang='lat' dir='ltr'>prius</span> <span class='ocrx_word' id='word_1_142' title='bbox 2838 1426 3017 1485; x_wconf 86' lang='lat' dir='ltr'>advo-</span> 
     </span>
     <span class='ocr_line' id='line_1_14' title="bbox 400 1512 3014 1590; baseline 0.001 -18"><span class='ocrx_word' id='word_1_143' title='bbox 400 1514 809 1590; x_wconf 88' lang='lat' dir='ltr'>chiepiscopus</span> <span class='ocrx_word' id='word_1_144' title='bbox 829 1512 1157 1571; x_wconf 89' lang='lat' dir='ltr'>rhodiensis</span> <span class='ocrx_word' id='word_1_145' title='bbox 1177 1532 1213 1570; x_wconf 91' lang='lat' dir='ltr'>a</span> <span class='ocrx_word' id='word_1_146' title='bbox 1232 1513 1420 1572; x_wconf 91' lang='lat' dir='ltr'>Paulo</span> <span class='ocrx_word' id='word_1_147' title='bbox 1436 1513 1502 1571; x_wconf 90' lang='lat' dir='ltr'>V.</span> <span class='ocrx_word' id='word_1_148' title='bbox 1523 1531 1681 1571; x_wconf 87' lang='lat' dir='ltr'>crea·</span> <span class='ocrx_word' id='word_1_149' title='bbox 1736 1519 1935 1571; x_wconf 88' lang='lat' dir='ltr'>catum</span> <span class='ocrx_word' id='word_1_150' title='bbox 1966 1514 2108 1589; x_wconf 85' lang='lat' dir='ltr'>egit,</span> <span class='ocrx_word' id='word_1_151' title='bbox 2142 1513 2521 1589; x_wconf 88' lang='lat' dir='ltr'>postmodum</span> <span class='ocrx_word' id='word_1_152' title='bbox 2542 1532 2679 1573; x_wconf 91' lang='lat' dir='ltr'>vero</span> <span class='ocrx_word' id='word_1_153' title='bbox 2700 1515 2869 1573; x_wconf 91' lang='lat' dir='ltr'>ambo</span> <span class='ocrx_word' id='word_1_154' title='bbox 2890 1534 3014 1575; x_wconf 92' lang='lat' dir='ltr'>om-</span> 
     </span>
     <span class='ocr_line' id='line_1_15' title="bbox 401 1601 3015 1678; baseline 0 -16"><span class='ocrx_word' id='word_1_155' title='bbox 401 1606 503 1662; x_wconf 88' lang='lat' dir='ltr'>tus</span> <span class='ocrx_word' id='word_1_156' title='bbox 534 1602 788 1660; x_wconf 87' lang='lat' dir='ltr'>nuncius</span> <span class='ocrx_word' id='word_1_157' title='bbox 822 1601 883 1658; x_wconf 92' lang='lat' dir='ltr'>in</span> <span class='ocrx_word' id='word_1_158' title='bbox 904 1601 1180 1677; x_wconf 85' lang='lat' dir='ltr'>Belgium</span> <span class='ocrx_word' id='word_1_159' title='bbox 1206 1601 1515 1678; x_wconf 79' lang='lat' dir='ltr'>ablegatus</span> <span class='ocrx_word' id='word_1_160' title='bbox 1543 1601 1680 1671; x_wconf 86' lang='lat' dir='ltr'>fnit,</span> <span class='ocrx_word' id='word_1_161' title='bbox 1736 1603 1838 1661; x_wconf 90' lang='lat' dir='ltr'>nia</span> <span class='ocrx_word' id='word_1_162' title='bbox 1887 1622 1993 1661; x_wconf 87' lang='lat' dir='ltr'>sua</span> <span class='ocrx_word' id='word_1_163' title='bbox 2041 1602 2241 1661; x_wconf 88' lang='lat' dir='ltr'>studia</span> <span class='ocrx_word' id='word_1_164' title='bbox 2289 1602 2570 1662; x_wconf 79' lang='lat' dir='ltr'>historiae</span> <span class='ocrx_word' id='word_1_165' title='bbox 2624 1602 3015 1662; x_wconf 75' lang='lat' dir='ltr'>illustrandae</span> 
     </span>
     <span class='ocr_line' id='line_1_16' title="bbox 401 1686 3015 1773; baseline 0.001 -23"><span class='ocrx_word' id='word_1_166' title='bbox 401 1692 542 1750; x_wconf 73' lang='lat' dir='ltr'>dein</span> <span class='ocrx_word' id='word_1_167' title='bbox 564 1692 624 1748; x_wconf 89' lang='lat' dir='ltr'>in</span> <span class='ocrx_word' id='word_1_168' title='bbox 647 1690 895 1749; x_wconf 86' lang='lat' dir='ltr'>Galliam</span> <span class='ocrx_word' id='word_1_169' title='bbox 914 1690 1210 1765; x_wconf 88' lang='lat' dir='ltr'>rebusque</span> <span class='ocrx_word' id='word_1_170' title='bbox 1239 1690 1390 1748; x_wconf 90' lang='lat' dir='ltr'>bene</span> <span class='ocrx_word' id='word_1_171' title='bbox 1411 1690 1598 1767; x_wconf 85' lang='lat' dir='ltr'>gestis</span> <span class='ocrx_word' id='word_1_172' title='bbox 1619 1691 1684 1749; x_wconf 87' lang='lat' dir='ltr'>in</span> <span class='ocrx_word' id='word_1_173' title='bbox 1736 1696 2161 1750; x_wconf 87' lang='lat' dir='ltr'>consecrarunt</span> <span class='ocrx_word' id='word_1_174' title='bbox 2180 1686 2243 1773; x_wconf 89' lang='lat'>(†</span> <span class='ocrx_word' id='word_1_175' title='bbox 2263 1691 2600 1750; x_wconf 89' lang='lat' dir='ltr'>Ludovicus</span> <span class='ocrx_word' id='word_1_176' title='bbox 2628 1702 2703 1754; x_wconf 88' lang='lat'>16</span> <span class='ocrx_word' id='word_1_177' title='bbox 2717 1701 2823 1763; x_wconf 79' lang='lat'>563</span> <span class='ocrx_word' id='word_1_178' title='bbox 2846 1692 3015 1752; x_wconf 90' lang='lat' dir='ltr'>Scae·</span> 
     </span>
     <span class='ocr_line' id='line_1_17' title="bbox 401 1778 3017 1862; baseline 0 -22"><span class='ocrx_word' id='word_1_179' title='bbox 401 1780 789 1841; x_wconf 84' lang='lat' dir='ltr'>cardinalium</span> <span class='ocrx_word' id='word_1_180' title='bbox 808 1782 1042 1837; x_wconf 87' lang='lat' dir='ltr'>coetum</span> <span class='ocrx_word' id='word_1_181' title='bbox 1075 1779 1406 1855; x_wconf 87' lang='lat' dir='ltr'>aGregorio</span> <span class='ocrx_word' id='word_1_182' title='bbox 1427 1779 1685 1841; x_wconf 79' lang='lat' dir='ltr'>XV.fuit</span> <span class='ocrx_word' id='word_1_183' title='bbox 1737 1780 1871 1839; x_wconf 88' lang='lat' dir='ltr'>vola</span> <span class='ocrx_word' id='word_1_184' title='bbox 1914 1778 2122 1862; x_wconf 83' lang='lat'>1650).</span> <span class='ocrx_word' id='word_1_185' title='bbox 2182 1780 2415 1839; x_wconf 88' lang='lat' dir='ltr'>Prodiit</span> <span class='ocrx_word' id='word_1_186' title='bbox 2455 1781 2697 1839; x_wconf 85' lang='lat' dir='ltr'>Parisiis</span> <span class='ocrx_word' id='word_1_187' title='bbox 2749 1791 2913 1845; x_wconf 87' lang='grc'>1656</span> <span class='ocrx_word' id='word_1_188' title='bbox 2960 1801 3017 1843; x_wconf 84' lang='lat' dir='ltr'>v.</span> 
     </span>
     <span class='ocr_line' id='line_1_18' title="bbox 409 1862 3019 1949; baseline -0.002 -16"><span class='ocrx_word' id='word_1_189' title='bbox 409 1879 570 1933; x_wconf 87' lang='grc'>1621</span> <span class='ocrx_word' id='word_1_190' title='bbox 609 1868 877 1927; x_wconf 89' lang='lat' dir='ltr'>adlectus</span> <span class='ocrx_word' id='word_1_191' title='bbox 911 1862 972 1948; x_wconf 89' lang='lat'>(†</span> <span class='ocrx_word' id='word_1_192' title='bbox 1008 1877 1063 1929; x_wconf 87' lang='lat'>7.</span> <span class='ocrx_word' id='word_1_193' title='bbox 1087 1867 1247 1943; x_wconf 79' lang='lat' dir='ltr'>Sept.</span> <span class='ocrx_word' id='word_1_194' title='bbox 1280 1862 1494 1949; x_wconf 85' lang='grc'>1644).</span> <span class='ocrx_word' id='word_1_195' title='bbox 1529 1868 1680 1926; x_wconf 87' lang='lat' dir='ltr'>Scri·</span> <span class='ocrx_word' id='word_1_196' title='bbox 1740 1878 1776 1929; x_wconf 91' lang='lat'>4</span> <span class='ocrx_word' id='word_1_197' title='bbox 1809 1869 1875 1925; x_wconf 89' lang='lat' dir='ltr'>in</span> <span class='ocrx_word' id='word_1_198' title='bbox 1905 1869 1943 1931; x_wconf 87' lang='lat' dir='ltr'>f.</span> <span class='ocrx_word' id='word_1_199' title='bbox 2006 1869 2291 1928; x_wconf 89' lang='lat' dir='ltr'>Ultimam</span> <span class='ocrx_word' id='word_1_200' title='bbox 2332 1869 2423 1926; x_wconf 88' lang='lat' dir='ltr'>illi</span> <span class='ocrx_word' id='word_1_201' title='bbox 2463 1889 2708 1928; x_wconf 88' lang='lat' dir='ltr'>manum</span> <span class='ocrx_word' id='word_1_202' title='bbox 2739 1871 3019 1946; x_wconf 86' lang='lat' dir='ltr'>apposuit</span> 
     </span>
     <span class='ocr_line' id='line_1_19' title="bbox 401 1956 3017 2035; baseline 0 -17"><span class='ocrx_word' id='word_1_203' title='bbox 401 1958 526 2035; x_wconf 88' lang='lat' dir='ltr'>psit</span> <span class='ocrx_word' id='word_1_204' title='bbox 555 1957 754 2016; x_wconf 84' lang='lat' dir='ltr'>italice</span> <span class='ocrx_word' id='word_1_205' title='bbox 775 1956 972 2014; x_wconf 83' lang='lat' dir='ltr'>Storia</span> <span class='ocrx_word' id='word_1_206' title='bbox 1002 1956 1143 2014; x_wconf 77' lang='lat' dir='ltr'>delle</span> <span class='ocrx_word' id='word_1_207' title='bbox 1166 1976 1379 2034; x_wconf 72' lang='lat' dir='ltr'>querre</span> <span class='ocrx_word' id='word_1_208' title='bbox 1408 1958 1473 2014; x_wconf 78' lang='lat' dir='ltr'>di</span> <span class='ocrx_word' id='word_1_209' title='bbox 1496 1957 1681 2015; x_wconf 79' lang='lat' dir='ltr'>Fian-</span> <span class='ocrx_word' id='word_1_210' title='bbox 1737 1957 2174 2031; x_wconf 89' lang='lat' dir='ltr'>dictionemque</span> <span class='ocrx_word' id='word_1_211' title='bbox 2206 1958 2443 2016; x_wconf 85' lang='lat' dir='ltr'>limavit</span> <span class='ocrx_word' id='word_1_212' title='bbox 2474 1958 2662 2016; x_wconf 85' lang='lat' dir='ltr'>Abel</span> <span class='ocrx_word' id='word_1_213' title='bbox 2691 1958 2736 2015; x_wconf 90' lang='lat' dir='ltr'>L</span> <span class='ocrx_word' id='word_1_214' title='bbox 2754 1958 3017 2018; x_wconf 84' lang='lat' dir='ltr'>udovi-</span> 
     </span>
     <span class='ocr_line' id='line_1_20' title="bbox 401 2046 3016 2120; baseline 0 -13"><span class='ocrx_word' id='word_1_215' title='bbox 401 2049 534 2117; x_wconf 78' lang='grc' dir='ltr'>ἀνα,</span> <span class='ocrx_word' id='word_1_216' title='bbox 557 2046 828 2106; x_wconf 87' lang='lat' dir='ltr'>Coloniae</span> <span class='ocrx_word' id='word_1_217' title='bbox 857 2054 1198 2108; x_wconf 82' lang='grc'>1635--40</span> <span class='ocrx_word' id='word_1_218' title='bbox 1234 2049 1278 2103; x_wconf 86' lang='lat' dir='ltr'>t.</span> <span class='ocrx_word' id='word_1_219' title='bbox 1303 2056 1358 2114; x_wconf 87' lang='grc'>3,</span> <span class='ocrx_word' id='word_1_220' title='bbox 1395 2064 1544 2120; x_wconf 92' lang='lat' dir='ltr'>quae</span> <span class='ocrx_word' id='word_1_221' title='bbox 1565 2046 1679 2104; x_wconf 89' lang='lat' dir='ltr'>Ba·</span> <span class='ocrx_word' id='word_1_222' title='bbox 1736 2064 1868 2104; x_wconf 88' lang='lat' dir='ltr'>cus</span> <span class='ocrx_word' id='word_1_223' title='bbox 1918 2046 2407 2115; x_wconf 86' lang='lat' dir='ltr'>Sanmarthanus,</span> <span class='ocrx_word' id='word_1_224' title='bbox 2460 2046 2773 2107; x_wconf 87' lang='lat' dir='ltr'>Scaevolae</span> <span class='ocrx_word' id='word_1_225' title='bbox 2823 2047 3016 2107; x_wconf 86' lang='lat' dir='ltr'>filius:</span> 
     </span>
     <span class='ocr_line' id='line_1_21' title="bbox 399 2134 3016 2209; baseline 0 -14"><span class='ocrx_word' id='word_1_226' title='bbox 399 2136 554 2195; x_wconf 87' lang='lat' dir='ltr'>tavis</span> <span class='ocrx_word' id='word_1_227' title='bbox 590 2135 832 2193; x_wconf 87' lang='lat' dir='ltr'>minime</span> <span class='ocrx_word' id='word_1_228' title='bbox 863 2134 1097 2203; x_wconf 88' lang='lat' dir='ltr'>arrisit;</span> <span class='ocrx_word' id='word_1_229' title='bbox 1132 2134 1328 2192; x_wconf 80' lang='lat' dir='ltr'>Storia</span> <span class='ocrx_word' id='word_1_230' title='bbox 1352 2135 1500 2192; x_wconf 83' lang='lat' dir='ltr'>della</span> <span class='ocrx_word' id='word_1_231' title='bbox 1531 2153 1679 2192; x_wconf 83' lang='lat' dir='ltr'>nun·</span> <span class='ocrx_word' id='word_1_232' title='bbox 1737 2134 1843 2209; x_wconf 90' lang='lat' dir='ltr'>qui</span> <span class='ocrx_word' id='word_1_233' title='bbox 1889 2135 2070 2193; x_wconf 90' lang='lat' dir='ltr'>etiam</span> <span class='ocrx_word' id='word_1_234' title='bbox 2114 2154 2250 2193; x_wconf 89' lang='lat' dir='ltr'>cum</span> <span class='ocrx_word' id='word_1_235' title='bbox 2295 2135 2582 2193; x_wconf 84' lang='lat' dir='ltr'>fratribus</span> <span class='ocrx_word' id='word_1_236' title='bbox 2628 2136 2753 2195; x_wconf 89' lang='lat' dir='ltr'>suis</span> <span class='ocrx_word' id='word_1_237' title='bbox 2786 2137 3016 2195; x_wconf 89' lang='lat' dir='ltr'>Petro</span> 
     </span>
     <span class='ocr_line' id='line_1_22' title="bbox 398 2219 3017 2304; baseline 0 -21"><span class='ocrx_word' id='word_1_238' title='bbox 398 2228 632 2283; x_wconf 78' lang='lat' dir='ltr'>ziatura</span> <span class='ocrx_word' id='word_1_239' title='bbox 650 2225 798 2282; x_wconf 83' lang='lat' dir='ltr'>nella</span> <span class='ocrx_word' id='word_1_240' title='bbox 819 2224 1085 2281; x_wconf 79' lang='lat' dir='ltr'>Fiandra</span> <span class='ocrx_word' id='word_1_241' title='bbox 1104 2223 1460 2298; x_wconf 87' lang='lat' dir='ltr'>Antverpiae</span> <span class='ocrx_word' id='word_1_242' title='bbox 1484 2233 1681 2293; x_wconf 87' lang='lat'>1629;</span> <span class='ocrx_word' id='word_1_243' title='bbox 1737 2223 2012 2282; x_wconf 87' lang='lat' dir='ltr'>Scaevola</span> <span class='ocrx_word' id='word_1_244' title='bbox 2044 2219 2105 2304; x_wconf 91' lang='lat'>(†</span> <span class='ocrx_word' id='word_1_245' title='bbox 2138 2219 2331 2303; x_wconf 83' lang='lat'>1699)</span> <span class='ocrx_word' id='word_1_246' title='bbox 2364 2228 2426 2282; x_wconf 89' lang='lat' dir='ltr'>et</span> <span class='ocrx_word' id='word_1_247' title='bbox 2458 2224 2781 2283; x_wconf 87' lang='lat' dir='ltr'>Nicolao</span> <span class='ocrx_word' id='word_1_248' title='bbox 2813 2224 3017 2284; x_wconf 86' lang='lat' dir='ltr'>Carolo</span> 
     </span>
     <span class='ocr_line' id='line_1_23' title="bbox 401 2312 3018 2389; baseline 0 -17"><span class='ocrx_word' id='word_1_249' title='bbox 401 2314 669 2372; x_wconf 77' lang='lat' dir='ltr'>Raccolta</span> <span class='ocrx_word' id='word_1_250' title='bbox 731 2314 793 2370; x_wconf 78' lang='lat' dir='ltr'>di</span> <span class='ocrx_word' id='word_1_251' title='bbox 842 2312 1067 2369; x_wconf 78' lang='lat' dir='ltr'>Lettere</span> <span class='ocrx_word' id='word_1_252' title='bbox 1117 2312 1320 2370; x_wconf 85' lang='lat' dir='ltr'>scritte</span> <span class='ocrx_word' id='word_1_253' title='bbox 1369 2313 1432 2370; x_wconf 91' lang='lat' dir='ltr'>in</span> <span class='ocrx_word' id='word_1_254' title='bbox 1482 2318 1683 2387; x_wconf 91' lang='lat' dir='ltr'>tempo</span> <span class='ocrx_word' id='word_1_255' title='bbox 1737 2312 2005 2387; x_wconf 87' lang='lat' dir='ltr'>undique</span> <span class='ocrx_word' id='word_1_256' title='bbox 2068 2312 2433 2387; x_wconf 82' lang='lat' dir='ltr'>conquisivit</span> <span class='ocrx_word' id='word_1_257' title='bbox 2493 2312 2849 2371; x_wconf 85' lang='lat' dir='ltr'>documenta</span> <span class='ocrx_word' id='word_1_258' title='bbox 2908 2333 3018 2389; x_wconf 90' lang='lat' dir='ltr'>pro</span> 
     </span>
     <span class='ocr_line' id='line_1_24' title="bbox 400 2400 3019 2477; baseline 0 -16"><span class='ocrx_word' id='word_1_259' title='bbox 400 2403 554 2462; x_wconf 90' lang='lat' dir='ltr'>delle</span> <span class='ocrx_word' id='word_1_260' title='bbox 614 2419 718 2460; x_wconf 90' lang='lat' dir='ltr'>sue</span> <span class='ocrx_word' id='word_1_261' title='bbox 767 2401 1136 2459; x_wconf 85' lang='lat' dir='ltr'>Nunziature</span> <span class='ocrx_word' id='word_1_262' title='bbox 1179 2401 1240 2458; x_wconf 91' lang='lat' dir='ltr'>di</span> <span class='ocrx_word' id='word_1_263' title='bbox 1275 2401 1525 2459; x_wconf 84' lang='lat' dir='ltr'>Fiandra</span> <span class='ocrx_word' id='word_1_264' title='bbox 1556 2420 1588 2459; x_wconf 94' lang='lat' dir='ltr'>e</span> <span class='ocrx_word' id='word_1_265' title='bbox 1619 2401 1681 2459; x_wconf 89' lang='lat' dir='ltr'>di</span> <span class='ocrx_word' id='word_1_266' title='bbox 1737 2420 1893 2461; x_wconf 89' lang='lat' dir='ltr'>nova</span> <span class='ocrx_word' id='word_1_267' title='bbox 1925 2400 2268 2459; x_wconf 89' lang='lat' dir='ltr'>adornanda</span> <span class='ocrx_word' id='word_1_268' title='bbox 2298 2401 2573 2473; x_wconf 85' lang='lat' dir='ltr'>editione,</span> <span class='ocrx_word' id='word_1_269' title='bbox 2608 2421 2784 2477; x_wconf 92' lang='lat' dir='ltr'>quam</span> <span class='ocrx_word' id='word_1_270' title='bbox 2819 2404 3019 2461; x_wconf 89' lang='lat' dir='ltr'>tamen</span> 
     </span>
     <span class='ocr_line' id='line_1_25' title="bbox 399 2486 3018 2571; baseline 0.001 -23"><span class='ocrx_word' id='word_1_271' title='bbox 399 2491 665 2559; x_wconf 86' lang='lat' dir='ltr'>Francia,</span> <span class='ocrx_word' id='word_1_272' title='bbox 701 2489 970 2548; x_wconf 83' lang='lat' dir='ltr'>Coloniae</span> <span class='ocrx_word' id='word_1_273' title='bbox 998 2500 1154 2552; x_wconf 89' lang='grc'>1631</span> <span class='ocrx_word' id='word_1_274' title='bbox 1183 2511 1196 2560; x_wconf 90' lang='lat'><strong>;</strong></span> <span class='ocrx_word' id='word_1_275' title='bbox 1239 2498 1401 2552; x_wconf 87' lang='grc'>1807</span> <span class='ocrx_word' id='word_1_276' title='bbox 1438 2492 1682 2549; x_wconf 88' lang='lat' dir='ltr'>curante</span> <span class='ocrx_word' id='word_1_277' title='bbox 1736 2490 1979 2565; x_wconf 85' lang='lat' dir='ltr'>exsequi</span> <span class='ocrx_word' id='word_1_278' title='bbox 2012 2508 2132 2548; x_wconf 90' lang='lat' dir='ltr'>non</span> <span class='ocrx_word' id='word_1_279' title='bbox 2164 2489 2363 2566; x_wconf 87' lang='lat' dir='ltr'>potuit</span> <span class='ocrx_word' id='word_1_280' title='bbox 2394 2486 2458 2571; x_wconf 90' lang='lat'>(†</span> <span class='ocrx_word' id='word_1_281' title='bbox 2500 2486 2723 2571; x_wconf 87' lang='grc'>1697);</span> <span class='ocrx_word' id='word_1_282' title='bbox 2766 2510 2893 2550; x_wconf 90' lang='lat' dir='ltr'>eam</span> <span class='ocrx_word' id='word_1_283' title='bbox 2926 2510 3018 2550; x_wconf 91' lang='lat' dir='ltr'>se-</span> 
     </span>
     <span class='ocr_line' id='line_1_26' title="bbox 401 2578 3017 2658; baseline 0 -19"><span class='ocrx_word' id='word_1_284' title='bbox 401 2579 983 2658; x_wconf 85' lang='lat' dir='ltr'>Biagioli;Memorie</span> <span class='ocrx_word' id='word_1_285' title='bbox 1003 2578 1681 2638; x_wconf 76' lang='lat' dir='ltr'>ovver01DiarioaCle·</span> <span class='ocrx_word' id='word_1_286' title='bbox 1738 2579 1872 2638; x_wconf 88' lang='lat' dir='ltr'>culo</span> <span class='ocrx_word' id='word_1_287' title='bbox 1920 2579 2194 2654; x_wconf 86' lang='lat' dir='ltr'>sequenti</span> <span class='ocrx_word' id='word_1_288' title='bbox 2241 2598 2561 2657; x_wconf 85' lang='lat' dir='ltr'>aggressus</span> <span class='ocrx_word' id='word_1_289' title='bbox 2608 2582 2701 2638; x_wconf 87' lang='lat' dir='ltr'>est</span> <span class='ocrx_word' id='word_1_290' title='bbox 2748 2580 2937 2639; x_wconf 89' lang='lat' dir='ltr'>Dion</span> <span class='ocrx_word' id='word_1_291' title='bbox 2950 2602 3017 2657; x_wconf 83' lang='lat' dir='ltr'>y-</span> 
     </span>
     <span class='ocr_line' id='line_1_27' title="bbox 399 2668 3015 2742; baseline 0 -14"><span class='ocrx_word' id='word_1_292' title='bbox 399 2673 599 2728; x_wconf 88' lang='lat' dir='ltr'>mente</span> <span class='ocrx_word' id='word_1_293' title='bbox 617 2668 774 2729; x_wconf 86' lang='lat' dir='ltr'>vm.</span> <span class='ocrx_word' id='word_1_294' title='bbox 797 2668 870 2727; x_wconf 86' lang='lat' dir='ltr'>ad</span> <span class='ocrx_word' id='word_1_295' title='bbox 892 2689 941 2728; x_wconf 91' lang='lat' dir='ltr'>a.</span> <span class='ocrx_word' id='word_1_296' title='bbox 973 2677 1156 2737; x_wconf 83' lang='lat'>1643,</span> <span class='ocrx_word' id='word_1_297' title='bbox 1191 2668 1455 2727; x_wconf 89' lang='lat' dir='ltr'>Venetiis</span> <span class='ocrx_word' id='word_1_298' title='bbox 1498 2677 1681 2731; x_wconf 86' lang='grc'>1648.</span> <span class='ocrx_word' id='word_1_299' title='bbox 1739 2668 1906 2726; x_wconf 92' lang='lat' dir='ltr'>sius</span> <span class='ocrx_word' id='word_1_300' title='bbox 1942 2669 2434 2742; x_wconf 77' lang='lat' dir='ltr'>SanmarthanuS‚</span> <span class='ocrx_word' id='word_1_301' title='bbox 2471 2669 2573 2727; x_wconf 90' lang='lat' dir='ltr'>sed</span> <span class='ocrx_word' id='word_1_302' title='bbox 2605 2689 2724 2728; x_wconf 92' lang='lat' dir='ltr'>non</span> <span class='ocrx_word' id='word_1_303' title='bbox 2744 2671 3015 2742; x_wconf 87' lang='lat' dir='ltr'>absolvit,</span> 
     </span>
     <span class='ocr_line' id='line_1_28' title="bbox 402 2757 3017 2834; baseline 0 -16"><span class='ocrx_word' id='word_1_304' title='bbox 402 2757 1682 2834; x_wconf 86' lang='lat' dir='ltr'>OperacollectaprodieruntVenetiis1667.</span> <span class='ocrx_word' id='word_1_305' title='bbox 1738 2777 1923 2832; x_wconf 87' lang='lat' dir='ltr'>quare</span> <span class='ocrx_word' id='word_1_306' title='bbox 1956 2758 2141 2816; x_wconf 90' lang='lat' dir='ltr'>editio</span> <span class='ocrx_word' id='word_1_307' title='bbox 2174 2778 2224 2818; x_wconf 92' lang='lat' dir='ltr'>a.</span> <span class='ocrx_word' id='word_1_308' title='bbox 2268 2767 2430 2821; x_wconf 85' lang='grc'>1656</span> <span class='ocrx_word' id='word_1_309' title='bbox 2475 2777 2583 2834; x_wconf 88' lang='lat' dir='ltr'>pro</span> <span class='ocrx_word' id='word_1_310' title='bbox 2626 2759 2866 2818; x_wconf 88' lang='lat' dir='ltr'>sedibus</span> <span class='ocrx_word' id='word_1_311' title='bbox 2898 2779 3017 2818; x_wconf 90' lang='lat' dir='ltr'>me-</span> 
     </span>
     <span class='ocr_line' id='line_1_29' title="bbox 404 2843 3018 2926; baseline 0 -21"><span class='ocrx_word' id='word_1_312' title='bbox 404 2848 487 2905; x_wconf 89' lang='lat' dir='ltr'>Ea</span> <span class='ocrx_word' id='word_1_313' title='bbox 501 2848 702 2923; x_wconf 89' lang='lat' dir='ltr'>magni</span> <span class='ocrx_word' id='word_1_314' title='bbox 723 2845 876 2904; x_wconf 89' lang='lat' dir='ltr'>fiunt</span> <span class='ocrx_word' id='word_1_315' title='bbox 896 2846 970 2905; x_wconf 94' lang='lat' dir='ltr'>ob</span> <span class='ocrx_word' id='word_1_316' title='bbox 992 2845 1114 2904; x_wconf 90' lang='lat' dir='ltr'>stili</span> <span class='ocrx_word' id='word_1_317' title='bbox 1135 2846 1492 2921; x_wconf 88' lang='lat' dir='ltr'>elegantiam</span> <span class='ocrx_word' id='word_1_318' title='bbox 1505 2843 1575 2926; x_wconf 75' lang='lat'>²).</span> <span class='ocrx_word' id='word_1_319' title='bbox 1600 2880 1680 2889; x_wconf 91' lang='lat'>—</span> <span class='ocrx_word' id='word_1_320' title='bbox 1735 2847 2120 2921; x_wconf 88' lang='lat' dir='ltr'>tropolitanis</span> <span class='ocrx_word' id='word_1_321' title='bbox 2140 2847 2468 2918; x_wconf 91' lang='lat' dir='ltr'>turonensi,</span> <span class='ocrx_word' id='word_1_322' title='bbox 2491 2848 2828 2918; x_wconf 89' lang='lat' dir='ltr'>vesuntina‚</span> <span class='ocrx_word' id='word_1_323' title='bbox 2854 2848 3018 2907; x_wconf 85' lang='lat' dir='ltr'>vien-</span> 
     </span>
     <span class='ocr_line' id='line_1_30' title="bbox 405 2932 3018 3019; baseline 0.002 -26"><span class='ocrx_word' id='word_1_324' title='bbox 405 2935 665 2994; x_wconf 86' lang='lat' dir='ltr'>Jacobus</span> <span class='ocrx_word' id='word_1_325' title='bbox 754 2935 812 2991; x_wconf 88' lang='lat' dir='ltr'>M</span> <span class='ocrx_word' id='word_1_326' title='bbox 831 2935 1393 3008; x_wconf 86' lang='lat' dir='ltr'>allebrancque</span> <span class='ocrx_word' id='word_1_327' title='bbox 1483 2932 1682 3013; x_wconf 77' lang='lat' dir='ltr'>(Mall-</span> <span class='ocrx_word' id='word_1_328' title='bbox 1736 2936 1907 2993; x_wconf 89' lang='lat' dir='ltr'>nensi</span> <span class='ocrx_word' id='word_1_329' title='bbox 1939 2940 2000 2994; x_wconf 88' lang='lat' dir='ltr'>et</span> <span class='ocrx_word' id='word_1_330' title='bbox 2031 2936 2443 3011; x_wconf 86' lang='lat' dir='ltr'>ultrajectensi</span> <span class='ocrx_word' id='word_1_331' title='bbox 2489 2937 2814 2996; x_wconf 89' lang='lat' dir='ltr'>necessaria</span> <span class='ocrx_word' id='word_1_332' title='bbox 2843 2941 2937 2996; x_wconf 89' lang='lat' dir='ltr'>est</span> <span class='ocrx_word' id='word_1_333' title='bbox 2950 2935 3018 3019; x_wconf 86' lang='lat'>²).</span> 
     </span>
     <span class='ocr_line' id='line_1_31' title="bbox 404 3021 3015 3102; baseline 0.002 -21"><span class='ocrx_word' id='word_1_334' title='bbox 404 3021 650 3102; x_wconf 87' lang='lat' dir='ltr'>brancq)</span> <span class='ocrx_word' id='word_1_335' title='bbox 686 3024 741 3081; x_wconf 90' lang='lat' dir='ltr'>S.</span> <span class='ocrx_word' id='word_1_336' title='bbox 772 3022 826 3081; x_wconf 89' lang='lat' dir='ltr'>J.</span> <span class='ocrx_word' id='word_1_337' title='bbox 862 3023 1339 3092; x_wconf 87' lang='lat' dir='ltr'>Andomarensis,</span> <span class='ocrx_word' id='word_1_338' title='bbox 1374 3023 1681 3081; x_wconf 86' lang='lat' dir='ltr'>literarum</span> <span class='ocrx_word' id='word_1_339' title='bbox 1738 3024 2010 3083; x_wconf 89' lang='lat' dir='ltr'>Ceterum</span> <span class='ocrx_word' id='word_1_340' title='bbox 2046 3025 2117 3082; x_wconf 90' lang='lat' dir='ltr'>de</span> <span class='ocrx_word' id='word_1_341' title='bbox 2148 3026 2258 3083; x_wconf 88' lang='lat' dir='ltr'>hoc</span> <span class='ocrx_word' id='word_1_342' title='bbox 2290 3043 2463 3100; x_wconf 86' lang='lat' dir='ltr'>opere</span> <span class='ocrx_word' id='word_1_343' title='bbox 2493 3027 2669 3101; x_wconf 85' lang='lat' dir='ltr'>plura</span> <span class='ocrx_word' id='word_1_344' title='bbox 2703 3028 2902 3085; x_wconf 88' lang='lat' dir='ltr'>seculo</span> <span class='ocrx_word' id='word_1_345' title='bbox 2924 3046 3015 3085; x_wconf 91' lang='lat' dir='ltr'>se-</span> 
     </span>
     <span class='ocr_line' id='line_1_32' title="bbox 402 3111 3019 3189; baseline 0.002 -19"><span class='ocrx_word' id='word_1_346' title='bbox 402 3113 821 3171; x_wconf 89' lang='lat' dir='ltr'>humaniorum</span> <span class='ocrx_word' id='word_1_347' title='bbox 854 3112 1161 3189; x_wconf 89' lang='lat' dir='ltr'>magister,</span> <span class='ocrx_word' id='word_1_348' title='bbox 1196 3111 1337 3169; x_wconf 89' lang='lat' dir='ltr'>dein</span> <span class='ocrx_word' id='word_1_349' title='bbox 1369 3113 1679 3171; x_wconf 89' lang='lat' dir='ltr'>conciona-</span> <span class='ocrx_word' id='word_1_350' title='bbox 1739 3113 1968 3187; x_wconf 88' lang='lat' dir='ltr'>quenti.</span> <span class='ocrx_word' id='word_1_351' title='bbox 1988 3114 2138 3171; x_wconf 85' lang='lat' dir='ltr'>Abel</span> <span class='ocrx_word' id='word_1_352' title='bbox 2153 3113 2377 3178; x_wconf 85' lang='lat' dir='ltr'>Ludov,</span> <span class='ocrx_word' id='word_1_353' title='bbox 2397 3114 2867 3173; x_wconf 89' lang='lat' dir='ltr'>Sanmarthanus</span> <span class='ocrx_word' id='word_1_354' title='bbox 2884 3134 3019 3175; x_wconf 89' lang='lat' dir='ltr'>cum</span> 
     </span>
     <span class='ocr_line' id='line_1_33' title="bbox 401 3199 3017 3282; baseline 0.001 -23"><span class='ocrx_word' id='word_1_355' title='bbox 401 3205 497 3260; x_wconf 87' lang='lat' dir='ltr'>tor</span> <span class='ocrx_word' id='word_1_356' title='bbox 530 3199 590 3282; x_wconf 90' lang='lat'>(†</span> <span class='ocrx_word' id='word_1_357' title='bbox 632 3205 840 3275; x_wconf 82' lang='grc'>1653),</span> <span class='ocrx_word' id='word_1_358' title='bbox 887 3201 1018 3260; x_wconf 89' lang='lat' dir='ltr'>fuse</span> <span class='ocrx_word' id='word_1_359' title='bbox 1064 3201 1188 3277; x_wconf 88' lang='lat' dir='ltr'>egit</span> <span class='ocrx_word' id='word_1_360' title='bbox 1236 3201 1304 3257; x_wconf 77' lang='lat' dir='ltr'>de</span> <span class='ocrx_word' id='word_1_361' title='bbox 1340 3199 1588 3258; x_wconf 79' lang='lat' dir='ltr'>Morinis</span> <span class='ocrx_word' id='word_1_362' title='bbox 1629 3209 1683 3259; x_wconf 83' lang='lat' dir='ltr'>et</span> <span class='ocrx_word' id='word_1_363' title='bbox 1737 3202 1915 3260; x_wconf 89' lang='lat' dir='ltr'>Petro</span> <span class='ocrx_word' id='word_1_364' title='bbox 1949 3202 2224 3260; x_wconf 88' lang='lat' dir='ltr'>Scaevola</span> <span class='ocrx_word' id='word_1_365' title='bbox 2257 3202 2438 3261; x_wconf 89' lang='lat' dir='ltr'>fratre</span> <span class='ocrx_word' id='word_1_366' title='bbox 2477 3221 2585 3260; x_wconf 91' lang='lat' dir='ltr'>suo</span> <span class='ocrx_word' id='word_1_367' title='bbox 2632 3203 2818 3262; x_wconf 88' lang='lat' dir='ltr'>aliiud</span> <span class='ocrx_word' id='word_1_368' title='bbox 2864 3220 3017 3279; x_wconf 90' lang='lat' dir='ltr'>opus</span> 
     </span>
     <span class='ocr_line' id='line_1_34' title="bbox 407 3288 3014 3367; baseline 0.001 -19"><span class='ocrx_word' id='word_1_369' title='bbox 407 3292 771 3349; x_wconf 77' lang='lat' dir='ltr'>Morinorum</span> <span class='ocrx_word' id='word_1_370' title='bbox 792 3289 976 3365; x_wconf 77' lang='lat' dir='ltr'>rebus,</span> <span class='ocrx_word' id='word_1_371' title='bbox 1001 3289 1188 3361; x_wconf 89' lang='lat' dir='ltr'>silvis,</span> <span class='ocrx_word' id='word_1_372' title='bbox 1211 3288 1553 3364; x_wconf 88' lang='lat' dir='ltr'>paludibus,</span> <span class='ocrx_word' id='word_1_373' title='bbox 1576 3310 1681 3366; x_wconf 91' lang='lat' dir='ltr'>op·</span> <span class='ocrx_word' id='word_1_374' title='bbox 1737 3290 2062 3349; x_wconf 90' lang='lat' dir='ltr'>immensae</span> <span class='ocrx_word' id='word_1_375' title='bbox 2102 3291 2277 3366; x_wconf 89' lang='lat' dir='ltr'>plane</span> <span class='ocrx_word' id='word_1_376' title='bbox 2317 3291 2493 3349; x_wconf 91' lang='lat' dir='ltr'>molis</span> <span class='ocrx_word' id='word_1_377' title='bbox 2542 3309 2857 3367; x_wconf 87' lang='lat' dir='ltr'>aggressus</span> <span class='ocrx_word' id='word_1_378' title='bbox 2904 3296 3014 3362; x_wconf 89' lang='lat' dir='ltr'>est,</span> 
     </span>
     <span class='ocr_line' id='line_1_35' title="bbox 405 3378 3018 3456; baseline 0 -19"><span class='ocrx_word' id='word_1_379' title='bbox 405 3379 579 3454; x_wconf 83' lang='lat' dir='ltr'>pidis,</span> <span class='ocrx_word' id='word_1_380' title='bbox 613 3379 776 3456; x_wconf 87' lang='lat' dir='ltr'>regia</span> <span class='ocrx_word' id='word_1_381' title='bbox 807 3378 1089 3436; x_wconf 86' lang='lat' dir='ltr'>comitum</span> <span class='ocrx_word' id='word_1_382' title='bbox 1123 3378 1399 3453; x_wconf 87' lang='lat' dir='ltr'>prosapia</span> <span class='ocrx_word' id='word_1_383' title='bbox 1427 3382 1488 3437; x_wconf 90' lang='lat' dir='ltr'>et</span> <span class='ocrx_word' id='word_1_384' title='bbox 1507 3380 1682 3437; x_wconf 88' lang='lat' dir='ltr'>terri·</span> <span class='ocrx_word' id='word_1_385' title='bbox 1736 3379 1893 3437; x_wconf 82' lang='lat' dir='ltr'>orbis</span> <span class='ocrx_word' id='word_1_386' title='bbox 1923 3381 2274 3438; x_wconf 72' lang='lat' dir='ltr'>christianus</span> <span class='ocrx_word' id='word_1_387' title='bbox 2301 3379 2674 3455; x_wconf 89' lang='lat' dir='ltr'>inscriptum,</span> <span class='ocrx_word' id='word_1_388' title='bbox 2710 3380 3018 3438; x_wconf 87' lang='lat' dir='ltr'>historiam</span> 
     </span>
     <span class='ocr_line' id='line_1_36' title="bbox 405 3467 3015 3544; baseline 0.001 -20"><span class='ocrx_word' id='word_1_389' title='bbox 405 3467 590 3536; x_wconf 80' lang='lat' dir='ltr'>toi-iis,</span> <span class='ocrx_word' id='word_1_390' title='bbox 638 3468 921 3544; x_wconf 90' lang='lat' dir='ltr'>regioque</span> <span class='ocrx_word' id='word_1_391' title='bbox 960 3467 1297 3543; x_wconf 88' lang='lat' dir='ltr'>praesidum</span> <span class='ocrx_word' id='word_1_392' title='bbox 1345 3467 1678 3542; x_wconf 86' lang='lat' dir='ltr'>splendore,</span> <span class='ocrx_word' id='word_1_393' title='bbox 1736 3467 1859 3525; x_wconf 83' lang='lat' dir='ltr'>scil.</span> <span class='ocrx_word' id='word_1_394' title='bbox 1902 3468 2166 3526; x_wconf 90' lang='lat' dir='ltr'>omnium</span> <span class='ocrx_word' id='word_1_395' title='bbox 2210 3468 2367 3527; x_wconf 88' lang='lat' dir='ltr'>orbis</span> <span class='ocrx_word' id='word_1_396' title='bbox 2412 3467 2806 3536; x_wconf 87' lang='lat' dir='ltr'>ecclesiarum,</span> <span class='ocrx_word' id='word_1_397' title='bbox 2856 3468 3015 3543; x_wconf 90' lang='lat' dir='ltr'>quod</span> 
     </span>
     <span class='ocr_line' id='line_1_37' title="bbox 404 3557 3016 3633; baseline 0 -19"><span class='ocrx_word' id='word_1_398' title='bbox 404 3557 519 3614; x_wconf 89' lang='lat' dir='ltr'>viis</span> <span class='ocrx_word' id='word_1_399' title='bbox 540 3558 828 3615; x_wconf 87' lang='lat' dir='ltr'>caesareis</span> <span class='ocrx_word' id='word_1_400' title='bbox 848 3574 914 3614; x_wconf 86' lang='lat' dir='ltr'>ac</span> <span class='ocrx_word' id='word_1_401' title='bbox 936 3557 1224 3631; x_wconf 89' lang='lat' dir='ltr'>portibus,</span> <span class='ocrx_word' id='word_1_402' title='bbox 1253 3574 1554 3614; x_wconf 86' lang='lat' dir='ltr'>caesarum</span> <span class='ocrx_word' id='word_1_403' title='bbox 1575 3557 1677 3614; x_wconf 89' lang='lat' dir='ltr'>do·</span> <span class='ocrx_word' id='word_1_404' title='bbox 1734 3561 1935 3613; x_wconf 91' lang='lat' dir='ltr'>tamen</span> <span class='ocrx_word' id='word_1_405' title='bbox 1967 3575 2274 3630; x_wconf 84' lang='lat' dir='ltr'>nunqnam</span> <span class='ocrx_word' id='word_1_406' title='bbox 2315 3557 2507 3614; x_wconf 91' lang='lat' dir='ltr'>lucem</span> <span class='ocrx_word' id='word_1_407' title='bbox 2551 3557 2810 3631; x_wconf 83' lang='lat' dir='ltr'>aspexit;</span> <span class='ocrx_word' id='word_1_408' title='bbox 2863 3575 3016 3633; x_wconf 90' lang='lat' dir='ltr'>quae</span> 
     </span>
     <span class='ocr_line' id='line_1_38' title="bbox 403 3645 3014 3720; baseline 0.001 -18"><span class='ocrx_word' id='word_1_409' title='bbox 403 3645 640 3714; x_wconf 90' lang='lat' dir='ltr'>micilio,</span> <span class='ocrx_word' id='word_1_410' title='bbox 688 3645 1073 3703; x_wconf 89' lang='lat' dir='ltr'>audomareae</span> <span class='ocrx_word' id='word_1_411' title='bbox 1115 3645 1250 3702; x_wconf 87' lang='lat' dir='ltr'>fidei</span> <span class='ocrx_word' id='word_1_412' title='bbox 1290 3645 1677 3720; x_wconf 87' lang='lat' dir='ltr'>perennitate,</span> <span class='ocrx_word' id='word_1_413' title='bbox 1736 3663 1872 3702; x_wconf 84' lang='lat' dir='ltr'>vero</span> <span class='ocrx_word' id='word_1_414' title='bbox 1889 3645 2211 3720; x_wconf 85' lang='lat' dir='ltr'>collegerat</span> <span class='ocrx_word' id='word_1_415' title='bbox 2226 3645 2483 3702; x_wconf 89' lang='lat' dir='ltr'>multum</span> <span class='ocrx_word' id='word_1_416' title='bbox 2500 3645 2793 3719; x_wconf 85' lang='lat' dir='ltr'>juvarunt</span> <span class='ocrx_word' id='word_1_417' title='bbox 2816 3646 3014 3704; x_wconf 88' lang='lat' dir='ltr'>P.Le·</span> 
     </span>
     <span class='ocr_line' id='line_1_39' title="bbox 401 3732 3017 3809; baseline -0.001 -17"><span class='ocrx_word' id='word_1_418' title='bbox 401 3735 656 3809; x_wconf 86' lang='lat' dir='ltr'>templis,</span> <span class='ocrx_word' id='word_1_419' title='bbox 690 3733 1085 3802; x_wconf 87' lang='lat' dir='ltr'>monasteriis,</span> <span class='ocrx_word' id='word_1_420' title='bbox 1135 3737 1373 3791; x_wconf 88' lang='lat' dir='ltr'>centum</span> <span class='ocrx_word' id='word_1_421' title='bbox 1406 3734 1679 3792; x_wconf 87' lang='lat' dir='ltr'>divorum</span> <span class='ocrx_word' id='word_1_422' title='bbox 1736 3733 1973 3807; x_wconf 90' lang='lat' dir='ltr'>quien</span> <span class='ocrx_word' id='word_1_423' title='bbox 2005 3735 2070 3790; x_wconf 91' lang='lat' dir='ltr'>in</span> <span class='ocrx_word' id='word_1_424' title='bbox 2100 3732 2501 3808; x_wconf 86' lang='lat' dir='ltr'>componendo</span> <span class='ocrx_word' id='word_1_425' title='bbox 2534 3752 2708 3808; x_wconf 88' lang='lat' dir='ltr'>opere</span> <span class='ocrx_word' id='word_1_426' title='bbox 2742 3751 2869 3806; x_wconf 87' lang='lat' dir='ltr'>suo,</span> <span class='ocrx_word' id='word_1_427' title='bbox 2919 3734 3017 3791; x_wconf 89' lang='lat' dir='ltr'>cui</span> 
     </span>
     <span class='ocr_line' id='line_1_40' title="bbox 405 3821 3015 3898; baseline 0 -18"><span class='ocrx_word' id='word_1_428' title='bbox 405 3823 793 3881; x_wconf 86' lang='lat' dir='ltr'>sanctimonia</span> <span class='ocrx_word' id='word_1_429' title='bbox 823 3826 931 3886; x_wconf 82' lang='lat' dir='ltr'>etc,</span> <span class='ocrx_word' id='word_1_430' title='bbox 963 3821 1210 3881; x_wconf 85' lang='lat' dir='ltr'>Tornaci</span> <span class='ocrx_word' id='word_1_431' title='bbox 1239 3832 1422 3891; x_wconf 88' lang='grc'>1639,</span> <span class='ocrx_word' id='word_1_432' title='bbox 1459 3842 1511 3884; x_wconf 76' lang='lat' dir='ltr'>V.</span> <span class='ocrx_word' id='word_1_433' title='bbox 1546 3833 1579 3884; x_wconf 88' lang='lat'><strong>3</strong></span> <span class='ocrx_word' id='word_1_434' title='bbox 1616 3823 1680 3880; x_wconf 85' lang='lat' dir='ltr'>in</span> <span class='ocrx_word' id='word_1_435' title='bbox 1733 3822 1955 3879; x_wconf 89' lang='lat' dir='ltr'>titulus</span> <span class='ocrx_word' id='word_1_436' title='bbox 1981 3821 2186 3879; x_wconf 75' lang='lat' dir='ltr'>Oriens</span> <span class='ocrx_word' id='word_1_437' title='bbox 2205 3823 2578 3896; x_wconf 63' lang='lat' dir='ltr'>chr-letiorem,</span> <span class='ocrx_word' id='word_1_438' title='bbox 2609 3822 2681 3880; x_wconf 94' lang='lat' dir='ltr'>de</span> <span class='ocrx_word' id='word_1_439' title='bbox 2712 3841 2830 3898; x_wconf 90' lang='lat' dir='ltr'>quo</span> <span class='ocrx_word' id='word_1_440' title='bbox 2851 3823 3015 3885; x_wconf 88' lang='lat' dir='ltr'>alias.</span> 
     </span>
     <span class='ocr_line' id='line_1_41' title="bbox 408 3910 1677 3980; baseline -0.003 -9"><span class='ocrx_word' id='word_1_441' title='bbox 408 3920 464 3980; x_wconf 89' lang='lat'>4,</span> <span class='ocrx_word' id='word_1_442' title='bbox 511 3913 584 3970; x_wconf 89' lang='lat' dir='ltr'>ab</span> <span class='ocrx_word' id='word_1_443' title='bbox 632 3932 680 3974; x_wconf 88' lang='lat' dir='ltr'>a.</span> <span class='ocrx_word' id='word_1_444' title='bbox 728 3911 853 3969; x_wconf 88' lang='lat' dir='ltr'>scil.</span> <span class='ocrx_word' id='word_1_445' title='bbox 903 3918 1314 3974; x_wconf 84' lang='lat'>309—1313.</span> <span class='ocrx_word' id='word_1_446' title='bbox 1378 3910 1545 3969; x_wconf 85' lang='lat' dir='ltr'>Tomi</span> <span class='ocrx_word' id='word_1_447' title='bbox 1575 3911 1677 3969; x_wconf 93' lang='lat' dir='ltr'>III.</span> 
     </span>
    </p>

    <p class='ocr_par' dir='ltr' id='par_1_3' title="bbox 400 3999 3015 4340">
     <span class='ocr_line' id='line_1_42' title="bbox 400 3999 3014 4075; baseline 0 -18"><span class='ocrx_word' id='word_1_448' title='bbox 400 4000 623 4075; x_wconf 86' lang='lat' dir='ltr'>prodiit</span> <span class='ocrx_word' id='word_1_449' title='bbox 651 4003 890 4059; x_wconf 89' lang='lat' dir='ltr'>tantum</span> <span class='ocrx_word' id='word_1_450' title='bbox 913 4019 970 4074; x_wconf 90' lang='lat' dir='ltr'>p.</span> <span class='ocrx_word' id='word_1_451' title='bbox 1004 4010 1026 4060; x_wconf 93' lang='lat'>1</span> <span class='ocrx_word' id='word_1_452' title='bbox 1068 3999 1386 4074; x_wconf 87' lang='lat' dir='ltr'>posthuma</span> <span class='ocrx_word' id='word_1_453' title='bbox 1417 4003 1477 4057; x_wconf 92' lang='lat' dir='ltr'>et</span> <span class='ocrx_word' id='word_1_454' title='bbox 1507 4000 1678 4058; x_wconf 83' lang='lat' dir='ltr'>valde</span> <span class='ocrx_word' id='word_1_455' title='bbox 1827 4009 1971 4062; x_wconf 81' lang='grc'>483.</span> <span class='ocrx_word' id='word_1_456' title='bbox 2006 3999 2463 4058; x_wconf 80' lang='lat' dir='ltr'>Particularium</span> <span class='ocrx_word' id='word_1_457' title='bbox 2508 4002 2879 4060; x_wconf 73' lang='lat' dir='ltr'>ecclesiarum</span> <span class='ocrx_word' id='word_1_458' title='bbox 2922 4001 3014 4058; x_wconf 86' lang='lat' dir='ltr'>hi·</span> 
     </span>
     <span class='ocr_line' id='line_1_43' title="bbox 400 4087 3015 4166; baseline 0 -20"><span class='ocrx_word' id='word_1_459' title='bbox 400 4108 560 4160; x_wconf 89' lang='lat' dir='ltr'>rara;</span> <span class='ocrx_word' id='word_1_460' title='bbox 623 4090 811 4147; x_wconf 88' lang='lat' dir='ltr'>altera</span> <span class='ocrx_word' id='word_1_461' title='bbox 860 4089 1082 4146; x_wconf 89' lang='lat' dir='ltr'>mansit</span> <span class='ocrx_word' id='word_1_462' title='bbox 1130 4087 1384 4157; x_wconf 89' lang='lat' dir='ltr'>inedita,</span> <span class='ocrx_word' id='word_1_463' title='bbox 1448 4089 1512 4145; x_wconf 89' lang='lat' dir='ltr'>in</span> <span class='ocrx_word' id='word_1_464' title='bbox 1561 4107 1680 4163; x_wconf 90' lang='lat' dir='ltr'>qua</span> <span class='ocrx_word' id='word_1_465' title='bbox 1734 4089 1976 4147; x_wconf 87' lang='lat' dir='ltr'>storiam</span> <span class='ocrx_word' id='word_1_466' title='bbox 2024 4090 2269 4163; x_wconf 88' lang='lat' dir='ltr'>plurimi</span> <span class='ocrx_word' id='word_1_467' title='bbox 2308 4091 2433 4164; x_wconf 89' lang='lat' dir='ltr'>jam</span> <span class='ocrx_word' id='word_1_468' title='bbox 2475 4090 2581 4148; x_wconf 87' lang='lat' dir='ltr'>hac</span> <span class='ocrx_word' id='word_1_469' title='bbox 2626 4091 2850 4166; x_wconf 88' lang='lat' dir='ltr'>epocha</span> <span class='ocrx_word' id='word_1_470' title='bbox 2880 4110 3015 4148; x_wconf 87' lang='lat' dir='ltr'>nar·</span> 
     </span>
     <span class='ocr_line' id='line_1_44' title="bbox 401 4175 1677 4252; baseline -0.002 -17"><span class='ocrx_word' id='word_1_471' title='bbox 401 4181 604 4236; x_wconf 83' lang='lat' dir='ltr'>auctor</span> <span class='ocrx_word' id='word_1_472' title='bbox 671 4177 1056 4252; x_wconf 86' lang='lat' dir='ltr'>prosequitur</span> <span class='ocrx_word' id='word_1_473' title='bbox 1123 4175 1429 4235; x_wconf 88' lang='lat' dir='ltr'>historiam</span> <span class='ocrx_word' id='word_1_474' title='bbox 1493 4177 1565 4235; x_wconf 88' lang='lat' dir='ltr'>ad</span> <span class='ocrx_word' id='word_1_475' title='bbox 1628 4197 1677 4234; x_wconf 88' lang='lat' dir='ltr'>a.</span> 
     </span>
     <span class='ocr_line' id='line_1_45' title="bbox 410 4264 1677 4340; baseline -0.004 -13"><span class='ocrx_word' id='word_1_476' title='bbox 410 4274 595 4336; x_wconf 80' lang='lat'>1553,</span> <span class='ocrx_word' id='word_1_477' title='bbox 643 4267 767 4325; x_wconf 90' lang='lat' dir='ltr'>scil.</span> <span class='ocrx_word' id='word_1_478' title='bbox 815 4284 1006 4340; x_wconf 90' lang='lat' dir='ltr'>usque</span> <span class='ocrx_word' id='word_1_479' title='bbox 1048 4266 1121 4324; x_wconf 89' lang='lat' dir='ltr'>ad</span> <span class='ocrx_word' id='word_1_480' title='bbox 1155 4264 1320 4323; x_wconf 90' lang='lat' dir='ltr'>urbis</span> <span class='ocrx_word' id='word_1_481' title='bbox 1351 4265 1677 4323; x_wconf 84' lang='lat' dir='ltr'>Tariannae</span> 
     </span>
    </p>
   </div>
   <div class='ocr_carea' id='block_1_3' title="bbox 1737 4230 2057 4238">
    <p class='ocr_par' dir='ltr' id='par_1_4' title="bbox 1737 4230 2057 4238">
     <span class='ocr_line' id='line_1_46' title="bbox 1737 4230 2057 4238; baseline 0 0"><span class='ocrx_word' id='word_1_482' title='bbox 1737 4230 2057 4238; x_wconf 95' lang='lat' dir='ltr'> </span> 
     </span>
    </p>
   </div>
   <div class='ocr_carea' id='block_1_4' title="bbox 398 4309 3018 4877">
    <p class='ocr_par' dir='ltr' id='par_1_5' title="bbox 398 4309 3018 4877">
     <span class='ocr_line' id='line_1_47' title="bbox 1814 4309 3015 4377; baseline -0.002 -13"><span class='ocrx_word' id='word_1_483' title='bbox 1814 4319 1849 4377; x_wconf 89' lang='lat'>¹)</span> <span class='ocrx_word' id='word_1_484' title='bbox 1879 4311 1960 4365; x_wconf 86' lang='lat' dir='ltr'>Cf.</span> <span class='ocrx_word' id='word_1_485' title='bbox 1989 4312 2056 4366; x_wconf 90' lang='lat' dir='ltr'>de</span> <span class='ocrx_word' id='word_1_486' title='bbox 2082 4311 2168 4364; x_wconf 81' lang='lat' dir='ltr'>his</span> <span class='ocrx_word' id='word_1_487' title='bbox 2205 4311 2374 4365; x_wconf 83' lang='lat' dir='ltr'>variis</span> <span class='ocrx_word' id='word_1_488' title='bbox 2412 4310 2842 4364; x_wconf 84' lang='lat' dir='ltr'>Sanmarthanis</span> <span class='ocrx_word' id='word_1_489' title='bbox 2872 4309 3015 4363; x_wconf 89' lang='lat' dir='ltr'>Bibl.</span> 
     </span>
     <span class='ocr_line' id='line_1_48' title="bbox 1735 4381 3018 4444; baseline -0.002 -8"><span class='ocrx_word' id='word_1_490' title='bbox 1735 4383 1890 4436; x_wconf 85' lang='lat' dir='ltr'>univ.</span> <span class='ocrx_word' id='word_1_491' title='bbox 1908 4383 2156 4444; x_wconf 83' lang='lat' dir='ltr'>XXXlX,</span> <span class='ocrx_word' id='word_1_492' title='bbox 2183 4387 2288 4439; x_wconf 76' lang='lat'>549</span> <span class='ocrx_word' id='word_1_493' title='bbox 2309 4401 2377 4438; x_wconf 68' lang='lat' dir='ltr'>ss.</span> <span class='ocrx_word' id='word_1_494' title='bbox 2395 4417 2459 4423; x_wconf 87' lang='lat'>--</span> <span class='ocrx_word' id='word_1_495' title='bbox 2479 4386 2713 4436; x_wconf 77' lang='lat' dir='ltr'>Histoire</span> <span class='ocrx_word' id='word_1_496' title='bbox 2738 4383 2799 4433; x_wconf 78' lang='lat' dir='ltr'>de</span> <span class='ocrx_word' id='word_1_497' title='bbox 2816 4381 3018 4434; x_wconf 65' lang='lat' dir='ltr'>Rvnce</span> 
     </span>
     <span class='ocr_line' id='line_1_49' title="bbox 1734 4453 3017 4523; baseline -0.003 -16"><span class='ocrx_word' id='word_1_498' title='bbox 1734 4457 1773 4508; x_wconf 91' lang='lat' dir='ltr'>t.</span> <span class='ocrx_word' id='word_1_499' title='bbox 1794 4459 1828 4510; x_wconf 88' lang='grc'>6</span> <span class='ocrx_word' id='word_1_500' title='bbox 1849 4453 1910 4506; x_wconf 89' lang='lat' dir='ltr'>in</span> <span class='ocrx_word' id='word_1_501' title='bbox 1928 4454 1966 4509; x_wconf 87' lang='lat' dir='ltr'>f.</span> <span class='ocrx_word' id='word_1_502' title='bbox 1994 4453 2124 4508; x_wconf 83' lang='lat' dir='ltr'>stilo</span> <span class='ocrx_word' id='word_1_503' title='bbox 2147 4454 2351 4506; x_wconf 85' lang='lat' dir='ltr'>diffuso</span> <span class='ocrx_word' id='word_1_504' title='bbox 2374 4468 2687 4523; x_wconf 81' lang='lat' dir='ltr'>parumque</span> <span class='ocrx_word' id='word_1_505' title='bbox 2708 4453 2869 4520; x_wconf 86' lang='lat' dir='ltr'>grato</span> <span class='ocrx_word' id='word_1_506' title='bbox 2890 4467 3017 4504; x_wconf 91' lang='lat' dir='ltr'>con-</span> 
     </span>
     <span class='ocr_line' id='line_1_50' title="bbox 489 4523 3016 4594; baseline -0.002 -15"><span class='ocrx_word' id='word_1_507' title='bbox 489 4532 526 4582; x_wconf 67' lang='grc'>11</span> <span class='ocrx_word' id='word_1_508' title='bbox 556 4523 637 4580; x_wconf 82' lang='lat' dir='ltr'>Cf.</span> <span class='ocrx_word' id='word_1_509' title='bbox 679 4525 940 4594; x_wconf 81' lang='lat' dir='ltr'>Foppens</span> <span class='ocrx_word' id='word_1_510' title='bbox 981 4525 1047 4590; x_wconf 83' lang='grc' dir='ltr'>ΙΙ,</span> <span class='ocrx_word' id='word_1_511' title='bbox 1091 4530 1258 4594; x_wconf 81' lang='lat'>1165;</span> <span class='ocrx_word' id='word_1_512' title='bbox 1305 4523 1491 4594; x_wconf 92' lang='lat' dir='ltr'>Biogr.</span> <span class='ocrx_word' id='word_1_513' title='bbox 1534 4525 1678 4594; x_wconf 86' lang='lat' dir='ltr'>belg.</span> <span class='ocrx_word' id='word_1_514' title='bbox 1735 4525 1990 4578; x_wconf 79' lang='lat' dir='ltr'>cinnavit</span> <span class='ocrx_word' id='word_1_515' title='bbox 2017 4525 2205 4594; x_wconf 83' lang='lat' dir='ltr'>Scipio</span> <span class='ocrx_word' id='word_1_516' title='bbox 2233 4524 2554 4594; x_wconf 82' lang='lat' dir='ltr'>Dupleix</span> <span class='ocrx_word' id='word_1_517' title='bbox 2600 4531 2646 4590; x_wconf 67' lang='grc' dir='ltr'>(τ</span> <span class='ocrx_word' id='word_1_518' title='bbox 2676 4527 2808 4577; x_wconf 89' lang='grc'>1661</span> <span class='ocrx_word' id='word_1_519' title='bbox 2853 4538 2901 4580; x_wconf 83' lang='lat' dir='ltr'>a.</span> <span class='ocrx_word' id='word_1_520' title='bbox 2930 4538 3016 4575; x_wconf 87' lang='lat' dir='ltr'>ae-</span> 
     </span>
     <span class='ocr_line' id='line_1_51' title="bbox 400 4591 3018 4666; baseline -0.002 -18"><span class='ocrx_word' id='word_1_521' title='bbox 400 4596 468 4660; x_wconf 86' lang='lat'>11,</span> <span class='ocrx_word' id='word_1_522' title='bbox 497 4601 625 4666; x_wconf 75' lang='lat'>7533</span> <span class='ocrx_word' id='word_1_523' title='bbox 678 4596 988 4650; x_wconf 85' lang='lat' dir='ltr'>Goovaerts</span> <span class='ocrx_word' id='word_1_524' title='bbox 1024 4596 1314 4649; x_wconf 80' lang='lat' dir='ltr'>Eorivains</span> <span class='ocrx_word' id='word_1_525' title='bbox 1355 4596 1423 4649; x_wconf 90' lang='lat' dir='ltr'>de</span> <span class='ocrx_word' id='word_1_526' title='bbox 1463 4597 1501 4650; x_wconf 88' lang='lat' dir='ltr'>l&#39;</span> <span class='ocrx_word' id='word_1_527' title='bbox 1519 4596 1679 4649; x_wconf 90' lang='lat' dir='ltr'>ordre</span> <span class='ocrx_word' id='word_1_528' title='bbox 1735 4597 1868 4650; x_wconf 86' lang='lat' dir='ltr'>tatis</span> <span class='ocrx_word' id='word_1_529' title='bbox 1889 4601 1994 4660; x_wconf 78' lang='lat'>92).</span> <span class='ocrx_word' id='word_1_530' title='bbox 2023 4596 2255 4650; x_wconf 80' lang='lat' dir='ltr'>Praeter</span> <span class='ocrx_word' id='word_1_531' title='bbox 2281 4612 2451 4664; x_wconf 86' lang='lat' dir='ltr'>opera</span> <span class='ocrx_word' id='word_1_532' title='bbox 2471 4591 2866 4663; x_wconf 84' lang='lat' dir='ltr'>philosophica</span> <span class='ocrx_word' id='word_1_533' title='bbox 2890 4593 3018 4645; x_wconf 83' lang='lat' dir='ltr'>scri-</span> 
     </span>
     <span class='ocr_line' id='line_1_52' title="bbox 398 4664 3017 4747; baseline -0.002 -27"><span class='ocrx_word' id='word_1_534' title='bbox 398 4667 466 4722; x_wconf 90' lang='lat' dir='ltr'>de</span> <span class='ocrx_word' id='word_1_535' title='bbox 493 4666 672 4724; x_wconf 76' lang='lat' dir='ltr'>Prem.</span> <span class='ocrx_word' id='word_1_536' title='bbox 700 4669 740 4733; x_wconf 90' lang='lat'>1,</span> <span class='ocrx_word' id='word_1_537' title='bbox 771 4670 1003 4724; x_wconf 80' lang='lat'>75—78.</span> <span class='ocrx_word' id='word_1_538' title='bbox 1732 4666 1850 4736; x_wconf 86' lang='lat' dir='ltr'>psit</span> <span class='ocrx_word' id='word_1_539' title='bbox 1875 4667 2047 4720; x_wconf 85' lang='lat' dir='ltr'>etiam</span> <span class='ocrx_word' id='word_1_540' title='bbox 2069 4671 2153 4722; x_wconf 81' lang='lat' dir='ltr'>La</span> <span class='ocrx_word' id='word_1_541' title='bbox 2169 4670 2564 4747; x_wconf 70' lang='lat' dir='ltr'>Metaphysique</span> <span class='ocrx_word' id='word_1_542' title='bbox 2583 4682 2654 4717; x_wconf 90' lang='lat' dir='ltr'>ou</span> <span class='ocrx_word' id='word_1_543' title='bbox 2674 4664 2886 4717; x_wconf 87' lang='lat' dir='ltr'>science</span> <span class='ocrx_word' id='word_1_544' title='bbox 2903 4681 3017 4716; x_wconf 87' lang='lat' dir='ltr'>sur·</span> 
     </span>
     <span class='ocr_line' id='line_1_53' title="bbox 487 4734 3016 4808; baseline -0.002 -16"><span class='ocrx_word' id='word_1_545' title='bbox 487 4743 527 4808; x_wconf 76' lang='lat'>²)</span> <span class='ocrx_word' id='word_1_546' title='bbox 556 4738 636 4794; x_wconf 83' lang='lat' dir='ltr'>Of.</span> <span class='ocrx_word' id='word_1_547' title='bbox 674 4740 824 4808; x_wconf 86' lang='lat' dir='ltr'>Eggs</span> <span class='ocrx_word' id='word_1_548' title='bbox 865 4737 1037 4807; x_wconf 89' lang='lat' dir='ltr'>Purp.</span> <span class='ocrx_word' id='word_1_549' title='bbox 1077 4738 1276 4792; x_wconf 88' lang='lat' dir='ltr'>doctae</span> <span class='ocrx_word' id='word_1_550' title='bbox 1314 4738 1351 4790; x_wconf 92' lang='grc'>1.</span> <span class='ocrx_word' id='word_1_551' title='bbox 1393 4737 1440 4790; x_wconf 84' lang='lat' dir='ltr'>V</span> <span class='ocrx_word' id='word_1_552' title='bbox 1483 4756 1538 4792; x_wconf 91' lang='lat' dir='ltr'>n.</span> <span class='ocrx_word' id='word_1_553' title='bbox 1578 4743 1678 4798; x_wconf 75' lang='lat'>96:</span> <span class='ocrx_word' id='word_1_554' title='bbox 1735 4738 2013 4791; x_wconf 85' lang='lat' dir='ltr'>naturelle</span> <span class='ocrx_word' id='word_1_555' title='bbox 2040 4738 2108 4792; x_wconf 91' lang='lat' dir='ltr'>de</span> <span class='ocrx_word' id='word_1_556' title='bbox 2134 4738 2192 4791; x_wconf 88' lang='lat' dir='ltr'>la</span> <span class='ocrx_word' id='word_1_557' title='bbox 2218 4737 2475 4802; x_wconf 77' lang='lat' dir='ltr'>divimte,</span> <span class='ocrx_word' id='word_1_558' title='bbox 2523 4737 2617 4790; x_wconf 90' lang='lat' dir='ltr'>des</span> <span class='ocrx_word' id='word_1_559' title='bbox 2645 4751 2817 4804; x_wconf 85' lang='lat' dir='ltr'>anges</span> <span class='ocrx_word' id='word_1_560' title='bbox 2844 4736 2901 4787; x_wconf 89' lang='lat' dir='ltr'>et</span> <span class='ocrx_word' id='word_1_561' title='bbox 2925 4734 3016 4788; x_wconf 90' lang='lat' dir='ltr'>de·</span> 
     </span>
     <span class='ocr_line' id='line_1_54' title="bbox 399 4805 3011 4877; baseline -0.002 -15"><span class='ocrx_word' id='word_1_562' title='bbox 399 4809 613 4863; x_wconf 86' lang='lat' dir='ltr'>Moroni</span> <span class='ocrx_word' id='word_1_563' title='bbox 641 4809 855 4862; x_wconf 86' lang='lat' dir='ltr'>Dizion.</span> <span class='ocrx_word' id='word_1_564' title='bbox 881 4810 948 4872; x_wconf 85' lang='lat' dir='ltr'>V,</span> <span class='ocrx_word' id='word_1_565' title='bbox 977 4814 1096 4865; x_wconf 82' lang='lat'>124.</span> <span class='ocrx_word' id='word_1_566' title='bbox 1734 4827 1895 4864; x_wconf 86' lang='lat' dir='ltr'>mons</span> <span class='ocrx_word' id='word_1_567' title='bbox 1912 4829 1966 4877; x_wconf 83' lang='lat' dir='ltr'>p.</span> <span class='ocrx_word' id='word_1_568' title='bbox 1982 4814 2032 4875; x_wconf 86' lang='lat'>4,</span> <span class='ocrx_word' id='word_1_569' title='bbox 2051 4809 2282 4862; x_wconf 87' lang='lat' dir='ltr'>Parisiis</span> <span class='ocrx_word' id='word_1_570' title='bbox 2299 4813 2454 4868; x_wconf 88' lang='lat'>1631.</span> <span class='ocrx_word' id='word_1_571' title='bbox 2485 4807 2568 4861; x_wconf 84' lang='lat' dir='ltr'>Cf.</span> <span class='ocrx_word' id='word_1_572' title='bbox 2586 4806 2766 4861; x_wconf 87' lang='lat' dir='ltr'>Feller</span> <span class='ocrx_word' id='word_1_573' title='bbox 2780 4805 2875 4872; x_wconf 79' lang='lat'>111,</span> <span class='ocrx_word' id='word_1_574' title='bbox 2892 4810 3011 4863; x_wconf 87' lang='lat'>361.</span> 
     </span>
    </p>
   </div>
   <div class='ocr_carea' id='block_1_5' title="bbox 403 4425 720 4433">
    <p class='ocr_par' dir='ltr' id='par_1_6' title="bbox 403 4425 720 4433">
     <span class='ocr_line' id='line_1_55' title="bbox 403 4425 720 4433; baseline 0 0"><span class='ocrx_word' id='word_1_575' title='bbox 403 4425 720 4433; x_wconf 95' lang='lat' dir='ltr'> </span> 
     </span>
    </p>
   </div>
  </div>
 </body>
</html>
