3625 5193
425 242 546 295 409
1398 226 1516 279 Jac.
1544 224 1705 294 Davy
1732 228 1810 280 du
1840 224 2064 288 Perron.
2915 247 3040 301 410

424 411 735 486 plectitur:
794 412 992 471 Troici
1034 415 1115 472 du
1158 433 1203 472 s.
1249 413 1590 472 Sacrament
1638 413 1708 471 de
1764 414 2136 487 societatum,
2170 416 2273 474 sed
2304 416 2646 476 societatem
2679 415 3045 489 distinctam,

422 498 840 560 l'Euchaae-istic
886 506 1090 562 contra
1129 503 1513 563 Plessium
1548 503 1704 560 Mor·
1762 521 1992 580 semper
2038 505 2335 564 visibilem
2383 509 2446 564 et
2507 506 2719 564 ceteris
2767 508 3046 567 omnibus

422 609 656 659 naeum,
702 590 808 649 ubi
854 591 962 651 hoc
1006 596 1426 670 argumentum
1472 592 1706 651 solidis·
1762 594 2142 664 eminentem,
2177 614 2327 670 quae
2359 594 2432 653 ab
2465 595 2871 670 apostolorum
2904 616 3047 656 aevo

421 682 568 740 sime
616 684 999 756 pertractans,
1052 682 1487 741 haereticorum
1538 700 1707 757 prae·
1731 709 1738 727 ·
1762 702 2071 759 nunquam
2115 685 2317 743 necin
2361 683 2493 755 fide,
2538 702 2646 743 nec
2675 684 2741 743 in
2785 704 3046 745 commu-

422 770 596 846 cipue
626 769 887 841 illorum,
921 771 1027 846 qui
1057 771 1121 829 in
1153 771 1247 830 sui
1266 770 1486 829 erroris
1506 771 1706 830 defen·
1763 772 1940 832 nione
1971 777 2077 832 aut
2095 773 2446 833 visibilitate
2476 774 2660 833 fuerit
2689 772 3047 852 interrupta.

422 859 647 919 sionem
668 877 712 917 s,
734 861 1063 936 Augustini
1079 861 1425 920 testimonia
1443 861 1710 937 allegant
1765 860 2053 930 Quoniam
2085 881 2223 922 vero
2253 881 2358 934 rex
2388 881 2495 939 per
2520 862 2930 924 casaubonum
2962 865 3048 922 lo-

420 948 667 1025 objectis
699 949 1019 1023 respondet
1032 944 1095 1031 ²).
1130 950 1300 1008 Alter
1329 954 1532 1008 tomus
1551 967 1706 1008 corn-
1764 970 1952 1026 quens
1982 951 2307 1011 Ecclesiam
2325 971 2628 1012 romanam
2661 972 2696 1011 a
2716 953 2903 1012 veteri
2923 953 3048 1011 dis-

422 1038 711 1113 plectitur
742 1036 1016 1115 Replique
1046 1058 1124 1096 au
1156 1041 1248 1100 roi
1277 1041 1346 1097 de
1396 1040 1456 1096 la
1486 1040 1709 1115 yrandc
1763 1041 2016 1100 sensisse
2060 1041 2345 1118 reposuit,
2394 1060 2461 1101 eo
2493 1061 2611 1118 quo
2657 1060 2818 1101 nunc
2848 1043 2959 1102 illa
2997 1053 3046 1104 1.

421 1128 713 1205 Bretoyne
744 1122 807 1209 (J
812 1127 1030 1187 acobus
1061 1123 1132 1210 Ι).
1179 1129 1354 1187 Hunc
1388 1128 1708 1187 Petronius
1762 1129 1826 1188 in
1857 1129 2152 1189 Ecclesiae
2185 1130 2375 1190 officio
2421 1131 2701 1191 idiomate
2746 1131 3048 1210 incognito

421 1223 724 1291 tamquam
755 1216 1079 1294 principem
1126 1219 1404 1278 omnibus
1445 1216 1709 1276 numeris
1763 1221 1972 1277 utatur
2014 1223 2075 1278 et
2121 1238 2318 1279 sacrae
2351 1220 2691 1297 Scripturae
2733 1221 3048 1281 lectionem

422 1306 763 1365 absolutum
777 1307 1242 1378 commendabat,
1254 1306 1524 1383 nihilque
1541 1325 1708 1382 prae·
1763 1307 2112 1383 prohibeat3
2165 1317 2219 1369 2.
2254 1327 2373 1368 non
2405 1309 2715 1385 permittat
2744 1328 2923 1370 usum
2957 1330 3049 1369 ca-

423 1402 513 1454 ter
589 1395 861 1454 catholici
947 1398 1424 1473 praerogativam
1516 1395 1709 1454 eidem
1763 1396 1927 1468 licis;
1962 1405 2016 1461 3.
2037 1397 2251 1457 missae
2271 1398 2536 1473 privatae
2568 1400 2633 1458 in
2652 1417 2720 1458 ea
2751 1399 3049 1459 celebren-

422 1484 622 1543 deesse
655 1483 972 1544 asserebat.
1022 1486 1168 1545 Cum
1199 1505 1337 1563 ergo
1375 1504 1478 1544 rex
1508 1504 1569 1544 se
1601 1485 1710 1543 hoc
1763 1490 1866 1545 tur
1897 1488 1959 1545 et
1990 1497 2045 1550 4.
2078 1487 2363 1565 imagines
2385 1491 2724 1548 sanctorum
2760 1490 3049 1560 colantur3

422 1573 604 1633 titulo
617 1573 777 1631 haud
795 1574 1149 1648 privandum
1164 1579 1445 1646 censeret,
1467 1593 1534 1633 eo
1550 1573 1710 1650 quod
1764 1575 1840 1634 ad
1901 1576 2019 1636 duo
2080 1576 2283 1653 priora
2341 1577 2660 1653 respondet
2714 1579 3049 1648 PerroniuS,

423 1666 636 1721 cuncta
666 1663 739 1721 ad
773 1664 1030 1722 salutem
1050 1665 1381 1723 necessaria
1404 1666 1578 1740 juxta
1611 1681 1707 1721 ve·
1765 1668 1955 1725 morte
2005 1669 2363 1742 praeventus
2424 1667 2488 1725 in
2537 1668 2919 1742 responsione
2978 1668 3053 1727 ad

422 1758 616 1811 terum
625 1770 844 1810 morem
854 1753 1456 1824 crederet,Perronius
1467 1753 1625 1813 datis
1637 1752 1710 1811 ad
1764 1755 2105 1831 posteriora.
2127 1756 2363 1814 Tertius
2384 1758 2426 1814 t.
2448 1757 2865 1833 complectitur
2884 1777 3051 1834 prae-

427 1842 835 1902 Casaubonum
854 1842 1048 1901 literis
1067 1843 1406 1914 declaravit,
1428 1843 1587 1918 quod
1601 1861 1707 1902 no·
1766 1849 1858 1902 ter
1892 1845 2009 1903 alia
2038 1852 2168 1903 acta
2186 1846 2448 1922 colloquii
2478 1864 2605 1905 cum
2628 1847 2929 1926 Mor-noco,
2980 1847 3053 1906 de
3122 1857 3127 1863 ’

430 1951 558 1990 men
589 1933 852 1990 catholici
871 1951 990 1991 non
1022 1934 1436 2008 cujuscunque
1453 1932 1587 1991 fidei
1607 1931 1710 1992 sed
1765 1952 1884 2008 quo
1917 1952 2098 2010 supra
2118 1935 2365 2011 egimus.
2401 1934 2573 1994 Dicta
2605 1936 2707 1994 illa
2741 1938 2932 2005 acuta,
2966 1936 3051 1995 fa-

424 2020 854 2081 communionis
885 2021 1123 2098 signum
1145 2023 1226 2079 sit
1254 2021 1536 2096 illiusque
1555 2021 1708 2086 fidei,
1767 2027 1915 2092 ceta,
1950 2024 2153 2081 critica
2172 2027 2301 2093 etc„
2334 2042 2488 2098 quae
2521 2024 2632 2083 sub
2652 2026 2892 2084 nomine
2913 2026 3052 2084 Per-

423 2129 576 2184 quae
607 2113 844 2187 praeter
875 2111 1203 2169 necessaria
1221 2111 1400 2169 etiam
1429 2110 1606 2169 utilia
1636 2109 1710 2168 ad
1765 2114 2019 2170 roniano
2039 2113 2540 2171 circumferuntur
2560 2117 2621 2173 et
2642 2115 2879 2190 saepius
2894 2114 3055 2173 edita

423 2199 679 2257 salutem
708 2203 769 2258 et
813 2200 1171 2275 generaliter
1216 2200 1415 2258 omnia
1463 2218 1569 2274 per
1601 2200 1707 2257 Ec·
1766 2200 1948 2269 fuere,
1998 2220 2213 2277 magna
2257 2219 2325 2259 ex
2371 2206 2539 2277 parte
2585 2203 2869 2261 cardinali
2911 2203 3053 2261 Per-

428 2287 666 2346 clesiam
712 2289 956 2347 definita
998 2292 1060 2346 et
1103 2287 1324 2347 tradita
1368 2289 1585 2347 credit:
1637 2287 1710 2347 ad
1765 2290 1934 2347 ronio
2010 2289 2262 2348 adscribi
2338 2298 2677 2366 nequeunt,
2770 2310 2906 2350 cum
2984 2295 3055 2351 ut

430 2377 541 2434 hoc
560 2379 752 2437 tamen
774 2382 844 2436 ut
861 2381 1062 2454 patres
1083 2377 1241 2437 circa
1259 2378 1553 2452 quendam
1575 2377 1709 2435 fidei
1765 2378 1881 2436 rite
1913 2381 2082 2436 notat
2114 2378 2321 2447 Feller,
2373 2380 2472 2437 vix
2503 2379 2783 2439 credibile
2817 2381 2914 2452 sit,
2963 2381 3051 2439 vi-

427 2466 742 2526 articulum
776 2467 1055 2526 unanime
1101 2467 1453 2544 suffragium
1499 2467 1709 2526 tulisse
1767 2487 1901 2526 rum
1921 2472 2046 2526 tam
2067 2467 2370 2526 eruditum
2390 2472 2453 2527 et
2472 2468 2711 2528 doctum
2734 2469 2888 2528 dieta
2909 2470 3052 2529 adeo

427 2555 723 2626 dicantur,
757 2556 1059 2617 asserebat
1089 2556 1251 2617 haud
1291 2575 1529 2617 necesse
1562 2575 1709 2626 esse,
1767 2557 2020 2633 puerilia
2051 2559 2112 2617 et
2142 2559 2345 2635 inepta
2373 2558 2709 2633 protulisse.
2742 2559 2971 2619 Laudat
2990 2560 3053 2618 in

431 2650 501 2703 ut
530 2646 756 2724 singuli
785 2646 1038 2706 eundem
1079 2647 1402 2717 stabiliant,
1451 2648 1549 2705 sed
1586 2646 1710 2706 suf·
1770 2647 2036 2707 Perronii
2067 2647 2346 2722 operibus
2368 2644 2627 2730 Dupin1)
2658 2653 2899 2726 praeter
2929 2649 3052 2719 illa,

431 2735 612 2806 ficere,
659 2740 730 2794 ut
762 2755 831 2794 ex
863 2737 1153 2812 cujusque
1200 2737 1460 2796 nationis
1491 2736 1712 2812 praeci·
1769 2756 1920 2813 quae
1941 2756 2127 2813 supra
2153 2737 2544 2809 laudavimus,
2580 2738 2709 2797 stili
2727 2739 3054 2815 puritatem

426 2825 532 2902 pui
564 2825 738 2884 illum
769 2825 1024 2897 tradant,
1058 2827 1204 2900 quin
1237 2827 1454 2885 erroris
1487 2826 1714 2884 fuerint
1769 2830 1829 2885 et
1861 2826 2263 2902 eloquentiam
2297 2827 2545 2904 logicam
2580 2828 2882 2898 invictam,
2919 2846 3054 2887 con-

425 2914 708 2984 accusati,
740 2915 834 2973 vel
857 2914 1026 2973 illum
1052 2920 1384 2991 proponant
1404 2920 1713 2990 tamquam
1769 2920 2054 2991 ceptuum
2074 2916 2527 2988 sublimitatem,
2544 2935 2723 2976 usum
2744 2915 3054 2976 admodum

426 3003 760 3063 doctrinam
771 3004 845 3061 ab
856 3004 1403 3064 universaEcclesia
1415 3004 1481 3062 in
1493 3003 1606 3062 fide
1623 3023 1713 3063 re·
1769 3011 1976 3082 aptum
2000 3023 2076 3064 ss.
2094 3008 2350 3081 patrum,
2371 3006 2758 3066 conciliorum
2774 3010 2852 3076 et,
2874 3025 3052 3082 quam

426 3098 671 3169 ceptam.
704 3092 789 3150 Ex
809 3093 902 3151 his
935 3093 1228 3152 inferebat
1242 3094 1563 3152 Perronius
1590 3112 1712 3152 see·
1770 3095 2211 3153 accuratissime
2241 3100 2506 3166 noverat,
2559 3095 2839 3155 historiae
2871 3097 3055 3155 eccle-

426 3182 612 3242 tarios
645 3200 766 3239 non
799 3181 1030 3242 credere
1063 3202 1147 3253 ea,
1191 3202 1343 3258 quae
1375 3201 1576 3242 omnes
1609 3203 1711 3242 an·
1770 3184 2041 3243 siasticae
2062 3183 2348 3243 adversus
2369 3185 2647 3245 sectarios
2666 3206 2679 3255 ;
2701 3188 2900 3244 censet
2917 3204 3055 3244 vero

428 3272 585 3348 tiqui
631 3277 835 3347 patres
868 3272 1208 3332 universam
1247 3275 1307 3330 et
1353 3273 1714 3331 unanimiter
1770 3293 1839 3332 ea
1871 3292 2290 3348 nonnunquam
2324 3273 2506 3332 nimis
2548 3292 2673 3333 esse
2715 3273 2934 3333 diffusa
2966 3278 3054 3334 at-

429 3361 735 3420 tenuerint
766 3367 828 3419 et
871 3365 1175 3434 tamquam
1220 3361 1549 3420 necessaria
1588 3381 1713 3420 cre·
1739 3384 1745 3451 Ι
1770 3382 1887 3438 que
1918 3363 2191 3423 nonnihil
2222 3363 2489 3421 aberrare
2522 3373 2887 3440 argumente.
2935 3363 3054 3422 Ne—

429 3449 706 3509 diderint.
740 3449 832 3507 Ad
860 3451 967 3509 has
984 3451 1247 3509 Perronii
1276 3450 1477 3509 literas
1498 3451 1711 3509 Casan·
1769 3471 1886 3527 que
1950 3471 2017 3511 ex
2083 3452 2559 3528 protestantibus
2626 3452 2877 3523 desunt,
2949 3453 3054 3529 qui

432 3540 622 3599 bonus
668 3538 874 3597 Jacobi
921 3540 1076 3616 regis
1122 3541 1358 3600 nomine
1409 3539 1715 3616 respondit
1770 3542 2120 3600 Perronium
2153 3541 2417 3600 laudent.
2452 3541 2702 3618 Magnus
2726 3541 2829 3599 ille
2861 3544 3053 3601 etcu-

432 3628 734 3697 cardinali,
770 3629 874 3702 qui
905 3633 1109 3688 tamen
1140 3649 1243 3705 per
1279 3640 1312 3690 6
1349 3624 1594 3709 libros²)
1618 3647 1710 3688 so·
1769 3630 1964 3689 riosus
1997 3630 2377 3705 antiquitatis
2421 3629 2739 3706 indagator
2772 3629 2993 3690 dicitur
3023 3650 3057 3688 a

432 3717 714 3777 lidissime
745 3716 1025 3777 diluendo
1059 3724 1289 3788 cuncta,
1322 3736 1476 3793 quae
1507 3718 1712 3778 adver·
1775 3716 2093 3802 Dallaeo²)‚
2144 3720 2317 3795 cujus
2368 3720 2607 3778 nomine
2656 3718 2891 3778 nullum
2937 3722 3054 3778 sere

432 3807 622 3865 sarius
669 3806 1015 3882 excipiebat,
1062 3807 1345 3876 ostendit,
1394 3826 1471 3866 ss.
1517 3812 1714 3884 patres
1769 3812 1859 3866 est
1878 3808 2036 3884 apud
2056 3807 2422 3867 adversarios
2441 3808 2762 3876 illustrius,
2790 3809 2895 3883 qui
2914 3828 3052 3867 auc·

430 3895 726 3954 Ecclesiae
759 3896 995 3956 nomine
1027 3914 1146 3954 non
1197 3896 1549 3955 intellixisse
1581 3916 1712 3955 coe-

433 3989 561 4044 tum
583 3985 848 4044 omnium
867 3989 1160 4043 sectarum
1177 3988 1238 4043 et
1252 3986 1711 4045 christianarum
1848 4020 1884 4078 1)
1914 4013 1973 4068 L·
2001 4031 2029 4067 0
2053 4055 2065 4079 ν
2095 4015 2195 4067 ubi
2221 4014 2392 4067 etiam
2419 4015 2620 4069 refert:
2650 4017 2733 4079 ’,ΙΙ
2760 4015 2903 4069 5¹30st
2921 4017 3053 4070 ,3333-

1770 4086 1886 4138 fort
1909 4085 2051 4138 dans
2076 4086 2132 4139 la
2152 4086 2381 4156 dispute
2402 4085 2472 4139 de
2494 4085 2622 4140 vive
2644 4088 2792 4152 voix,
2818 4090 2877 4141 et
2901 4088 3055 4141 telle·

1770 4159 1930 4210 ment
1971 4157 2303 4212 redoutable
2323 4198 2335 4221 ‚
2381 4174 2492 4225 que
2536 4158 2615 4212 les
2660 4160 2790 4228 plus
2835 4159 3055 4213 habiles

515 4235 547 4293 ¹)
598 4226 787 4281 Aliam
839 4227 1145 4281 editionem
1198 4226 1417 4280 curavit
1466 4227 1590 4281 Nic.
1646 4227 1714 4281 de
1771 4226 2061 4281 Ministres
2081 4228 2364 4282 n’osoient
2382 4232 2570 4283 entrer
2585 4246 2654 4283 en
2677 4231 2783 4284 lice
2798 4246 2935 4283 avec
2954 4229 3055 4293 lui,

437 4300 475 4352 C
493 4317 524 4352 o
540 4317 569 4354 e
586 4299 615 4351 f
626 4299 692 4352 fe
710 4302 734 4351 t
749 4315 783 4351 a
800 4316 836 4351 u
868 4298 1114 4352 Ebroicis
1137 4303 1276 4355 1620
1304 4315 1355 4357 v,
1381 4303 1414 4354 2
1435 4298 1496 4351 in
1521 4302 1572 4355 8.
1770 4302 1830 4353 et
1854 4300 1997 4366 qu'il
2018 4316 2051 4352 a
2072 4301 2332 4369 toujours
2346 4300 2641 4354 confundu
2659 4318 2817 4360 ceux.
2839 4301 2938 4368 qui
2955 4302 3057 4353 ont

507 4374 550 4442 ⁸)
578 4370 659 4424 Cf.
687 4370 886 4424 horum
911 4369 1186 4438 analysim
1208 4369 1363 4440 apud
1383 4369 1574 4438 Dupin
1603 4369 1639 4423 1.
1668 4387 1714 4423 c.
1771 4371 1862 4429 ete
1881 4388 2031 4424 assez
2053 4371 2247 4424 bardis
2267 4388 2413 4440 pour
2433 4372 2484 4425 le
2505 4372 2699 4428 faire.‘⁴
2722 4373 2955 4425 Fatetur
2974 4374 3055 4424 ta-

436 4459 492 4510 p.
517 4445 645 4499 28—
658 4445 745 4498 31.
773 4439 1180 4510 Complectitur
1203 4444 1394 4494 autem
1423 4442 1530 4495 hoc
1555 4457 1714 4511 opus,
1770 4457 1900 4495 men
1927 4460 2343 4510 nonnunquam
2370 4443 2677 4496 desiderari
2712 4444 2858 4496 hanc
2886 4442 3055 4496 disse-

437 4531 548 4581 quo
575 4512 798 4568 nullum
823 4512 974 4566 inter
1011 4512 1360 4566 adversarios
1385 4513 1565 4582 magis
1606 4514 1714 4566 ela·
1771 4514 1935 4566 rendi
1981 4513 2359 4567 subtilitatem
2411 4516 2471 4567 et
2526 4514 2769 4585 rigorem
2819 4515 2881 4568 in
2932 4515 3055 4583 ejus

437 4586 699 4640 boratum
758 4582 970 4653 reperit
1017 4583 1216 4638 Petrus
1267 4583 1585 4638 Molinaeus
1634 4584 1716 4656 (in
1772 4584 2015 4652 scriptis..
2068 4585 2259 4638 Minus
2299 4586 2608 4639 honorifice
2647 4586 2716 4640 de
2756 4602 2822 4639 eo
2867 4590 3057 4640 censet

436 4657 610 4725 praef.
623 4657 660 4711 1.
671 4655 911 4709 Novitas
922 4655 1374 4725 papismicontra
1387 4655 1715 4709 Petronium
1773 4656 2017 4709 Huetius
2044 4656 2107 4709 in
2134 4657 2371 4710 Pensees
2398 4656 2603 4711 divers,

437 4728 671 4798 scripti),
715 4742 906 4780 omnes
944 4727 1059 4780 fere
1099 4726 1523 4789 controversias,
1569 4742 1716 4796 quae
1846 4734 1887 4793 ²)
1916 4728 1997 4782 De
2025 4744 2159 4782 vero
2185 4745 2292 4781 usu
2320 4731 2549 4797 patrum
2571 4746 2628 4798 p.
2645 4732 2779 4790 155:
2808 4728 2877 4782 de
2901 4746 3056 4799 pseu·

436 4798 585 4853 inter
610 4797 915 4853 catholicos
940 4799 999 4851 et
1021 4796 1365 4866 Anglicanos
1392 4799 1678 4869 vigebant.
1771 4798 1992 4869 depigr.
2018 4802 2198 4870 apost.
2226 4801 2268 4863 I,
2294 4806 2344 4857 1.
