3625 5193
404 203 486 255 69
1227 185 1540 253 1110111ιεί113,
1566 186 1831 252 Croquet,
1860 184 2175 239 Cartenius.

2940 203 3018 257 70

405 366 569 452 ler¹)‚
616 364 905 450 Reusch2)
957 371 1065 429 etc.
1116 369 1397 429 Omnium
1447 371 1685 429 nomine
1741 373 1971 447 septem
2019 372 2307 448 theologis
2356 377 2416 430 et
2466 392 2499 429 a
2543 372 2648 431 Pio
2681 371 2777 430 IV.
2829 372 3024 431 dictus

405 461 686 521 audiatur
736 459 1113 529 Possevinus,
1165 459 1269 534 qui
1320 460 1391 518 de
1441 477 1509 518 eo
1542 458 1685 517 scri·
1739 465 1832 518 est
1863 460 2171 536 episcopus
2204 461 2560 519 Daventriae
2582 456 2830 543 (1561),
2853 463 3024 537 cujus

403 546 589 630 bit³):
655 547 1002 617 ‚Cornelius
1064 549 1387 608 Jansenius
1447 548 1511 607 in
1560 567 1683 608 om·
1740 552 1943 609 tamen
1961 550 2233 608 ecclesiae
2252 550 2516 627 regimen
2534 568 2844 626 nunquam
2860 550 3023 609 adire

405 640 598 708 nibuS,
664 656 816 714 quae
877 636 1134 713 scripsit,
1212 637 1560 712 praesertim
1623 637 1685 696 in
1739 639 1954 714 potuit.
1996 639 2064 697 In
2102 638 2302 698 odium
2324 638 2738 698 fideiaGeusis
2758 640 3023 697 vulneri-

404 727 772 787 concordiam
834 726 1232 803 evangelicam
1295 731 1355 785 et
1417 727 1482 785 in
1542 726 1683 785 Pro·
1738 727 1852 786 bus
1884 728 2187 787 confossus
2226 731 2286 785 et
2334 747 2443 803 pro
2493 729 2727 786 mortuo
2777 727 3019 787 relictus

405 816 621 887 verbia,
655 821 727 874 ut
771 815 949 873 etiam
999 814 1064 873 in
1095 815 1342 891 reliqua,
1377 834 1437 873 se
1469 834 1684 893 magno
1738 819 1833 874 est
1886 826 1940 878 4.
1976 816 2104 875 Oct.
2162 824 2359 887 15723
2410 816 2650 875 videtur
2680 813 2716 882 †
2756 828 2852 879 10.
2886 818 3019 891 Maj.

404 906 697 964 valentem
724 903 948 979 judicio
968 904 1062 961 uti
1082 907 1141 962 et
1160 904 1461 963 eruditum
1484 907 1681 963 osten·
1749 913 1930 968 1577.
1981 902 2338 986 Reliquit¹):
2390 906 2651 981 Epitome
2697 908 3019 963 annotatio·

404 995 508 1065 dit,
560 994 620 1052 id
671 993 831 1069 quod
880 993 1087 1051 testati
1138 997 1297 1062 sunt,
1362 994 1467 1069 qui
1517 993 1682 1052 illius
1737 1013 1879 1052 num
1913 991 2007 1077 (ex
2041 994 2104 1052 V.
2138 990 2252 1075 ed.)
2300 995 2529 1054 Erasmi
2567 995 2632 1053 in
2664 993 2835 1064 N.T.,
2870 998 3021 1052 Ant·
3085 1060 3090 1066 .

404 1082 739 1142 harmoniae
769 1082 1168 1156 subscripsere
1186 1082 1480 1140 dicentes:
1514 1082 1683 1141 Com-

400 1172 720 1231 mentarios
754 1172 882 1247 ejus
915 1170 980 1229 in
1021 1171 1388 1231 concordiam
1430 1190 1682 1247 evange·

403 1262 574 1320 licam
609 1265 740 1319 tum
771 1259 993 1336 pietate
1044 1278 1111 1318 ac
1158 1264 1392 1320 maturo
1433 1260 1681 1336 judicio,

401 1355 532 1408 tum
590 1349 920 1408 eruditione
969 1349 1217 1424 scriptos
1265 1350 1395 1425 ejus
1445 1349 1686 1425 propria

404 1458 585 1499 manu
617 1438 851 1497 futuros
885 1437 1254 1499 utilissimos
1288 1438 1507 1497 Verum
1524 1437 1683 1497 enim

402 1546 540 1586 vero
571 1527 913 1604 negandum
945 1546 1065 1585 non
1098 1530 1189 1585 est
1224 1523 1320 1607 (ut
1340 1545 1541 1586 omnes
1563 1544 1682 1585 non

404 1616 599 1675 omnia
661 1611 1021 1695 possumus),
1101 1616 1389 1691 quaedam
1450 1616 1514 1673 in
1574 1616 1683 1674 hoc

406 1724 578 1780 opere
611 1724 643 1762 a
675 1704 819 1763 viris
850 1704 1040 1763 doctis
1083 1723 1205 1763 000
1250 1704 1493 1779 probari
1526 1748 1537 1760 .
1573 1749 1585 1761 .
1621 1748 1633 1761 .
1667 1748 1681 1762 .

402 1794 829 1852 Desiderantur
860 1793 923 1851 in
944 1793 982 1851 J
985 1792 1225 1852 ansenio
1248 1793 1557 1852 citationes
1579 1812 1679 1869 pa-

399 1886 579 1949 trum,
632 1902 662 1940 e
712 1882 933 1957 quibus
997 1882 1186 1940 multa
1247 1883 1515 1958 apposite
1579 1881 1680 1939 de-

399 1972 709 2048 prompsit.
746 2016 758 2027 .
794 2015 805 2027 .
840 2016 853 2027 .
884 1971 955 2029 In
989 1990 1071 2041 ea,
1119 1989 1271 2045 quae
1318 1971 1683 2029 disseruerat

399 2061 466 2119 in
501 2063 556 2118 6.
580 2061 830 2118 Joannis
848 2060 951 2119 Ev.
971 2067 1163 2133 caput,
1199 2079 1316 2119 non
1347 2060 1554 2130 defuit,
1576 2059 1681 2135 qui

400 2149 623 2207 librum
655 2148 907 2224 scripsit,
930 2148 1184 2207 Didacus
1217 2144 1677 2229 Castillus⁴)‚

400 2257 575 2314 quem
608 2238 830 2297 librum
861 2238 1183 2296 novissime
1234 2238 1418 2296 edidit
1463 2238 1681 2296 Romae

406 2323 653 2407 (1593),
687 2328 796 2385 1100
826 2326 1033 2385 titulo:
1081 2327 1418 2399 Disputatio
1450 2329 1513 2385 in
1544 2346 1590 2386 c.
1624 2330 1680 2384 6.

398 2435 446 2474 3.
482 2417 735 2475 Joannis
768 2415 838 2473 de
884 2434 1024 2474 vera
1068 2420 1128 2473 et
1173 2415 1317 2474 reali
1363 2415 1679 2474 manduca·

400 2504 561 2563 tione
593 2503 986 2563 eucharistiae
1021 2505 1301 2562 adversus
1324 2504 1380 2563 C.
1402 2503 1679 2563 3003001-

399 2614 503 2652 um
552 2599 614 2653 et
663 2594 826 2664 alioS,
879 2593 984 2670 qui
1034 2590 1108 2653 ad
1157 2593 1522 2669 spiritualem
1574 2612 1683 2671 per

399 2683 572 2741 fidem
606 2684 670 2741 in
701 2682 998 2741 Christum
1030 2683 1355 2741 referunt<<

494 2870 572 2923 33
606 2861 867 2919 «Ioannes
910 2860 1342 2919 Mahusius
1387 2856 1529 2942 (van
1560 2861 1681 2918 Ma-

400 2946 564 3030 hieu)
614 2950 676 3008 Ο.
720 2951 861 3007 Min.
907 2949 1367 3009 Aldernadensis
1415 2944 1681 3030 (Auden-

399 3039 557 3108 arde,
622 3036 1028 3115 Oudenaarde)
1089 3039 1422 3115 theologiae
1483 3038 1680 3109 lector,

398 3128 638 3186 nomine
669 3128 885 3185 Mariae
919 3128 1108 3204 Belgii
1128 3127 1565 3203 gubernatricis
1586 3128 1678 3185 in·

400 3217 610 3274 terfuit
659 3215 907 3275 00001110
961 3217 1289 3275 tridentino
1352 3236 1485 3275 cum
1549 3215 1680 3273 aliis

481 3465 517 3524 1)
545 3458 733 3528 Biogr.
762 3459 919 3514 univ,
950 3459 1044 3524 IV,
1071 3464 1192 3516 575.

476 3537 515 3599 ··’)
544 3530 785 3600 Allgem.
813 3529 1083 3584 deutsche
1110 3529 1213 3583 Bio
1258 3549 1300 3584 r.
1330 3535 1415 3595 13,
1441 3535 1562 3587 704.

473 3607 514 3664 ³)
545 3599 691 3657 Bibl.
731 3602 828 3655 sel.
862 3602 900 3656 1.
928 3607 978 3657 2.
1007 3618 1051 3655 0.
1080 3605 1165 3658 18.
1265 3618 1389 3656 0110
1418 3619 1461 3655 0.
1491 3606 1577 3658 15.
1605 3601 1684 3654 (11-

398 3674 561 3726 xerat
604 3672 748 3726 sein
770 3690 893 3726 eam
922 3671 1141 3726 venisse
1178 3672 1553 3726 sententiam:
1595 3671 1684 3733 „Si

401 3744 530 3812 quis
555 3760 620 3798 eo
646 3743 877 3813 ingenio
905 3761 969 3797 ac
993 3744 1206 3825 pietate
1226 3742 1429 3810 valuit,
1448 3743 1685 3797 utdisci-

403 3814 578 3885 plinis
616 3815 933 3869 instructus
959 3814 1188 3868 divinas
1214 3814 1409 3869 literas
1437 3814 1688 3884 potuerit

403 3887 825 3956 paraphrastice
851 3886 1231 3956 interpretari,
1254 3885 1430 3941 simul
1449 3886 1585 3940 item
1608 3888 1689 3952 (at

401 3958 724 4026 separatim)
753 3958 1159 4012 commentaria
1197 3958 1397 4011 iisdem
1424 3957 1685 4028 adjicere,

403 4030 523 4083 fore
551 4032 615 4081 ut
640 4029 921 4095 ejusmodi
938 4029 1026 4081 vir
1045 4045 1210 4082 omne
1230 4029 1290 4082 in
1308 4029 1686 4098 interpretan-

402 4099 474 4153 do
503 4098 649 4152 ferat
668 4103 965 4169 punctum.
994 4098 1156 4164 Quod
1174 4100 1384 4153 sanein
1401 4100 1686 4169 plerisque

402 4168 561 4250 libris
624 4172 797 4224 sacris
840 4171 1138 4240 „praestitit
1187 4170 1387 4226 eximie
1439 4171 1471 4223 J
1490 4189 1684 4225 anse-

403 4258 443 4293 n
458 4258 478 4293 1
491 4259 527 4293 u
543 4255 615 4295 s.·‘

474 4315 519 4376 ⁴)
545 4312 648 4367 Hic
676 4312 1053 4367 Salmanticae
1081 4316 1263 4379 natus,
1302 4311 1362 4365 in
1390 4312 1687 4382 palentina

408 4382 641 4437 ecclesia
667 4384 825 4454 prior
864 4386 923 4437 et
946 4384 1248 4438 canonicus
1276 4382 1505 4453 scripsit
1530 4399 1686 4452 prae-

405 4456 557 4508 terea
583 4457 820 4522 Defensa
846 4457 982 4509 dela
1022 4459 1210 4511 venida
1249 4473 1287 4524 y
1328 4454 1684 4524 predicacion

405 4526 736 4596 evangelica
763 4525 831 4578 de
860 4526 1167 4597 Sant-Jago
1193 4544 1264 4580 en
1292 4525 1533 4596 Raparia,
1558 4525 1688 4579 Cae-

1737 1083 1977 1159 verpiae
2017 1092 2203 1152 1538,
2254 1084 2557 1158 prohibita
2606 1084 2790 1142 donec
2840 1083 3022 1142 corri-

1737 1174 1947 1248 gatur3
2012 1172 2103 1229 Fr.
2165 1171 2647 1232 Titelmanni
2703 1168 2764 1253 (†
2827 1168 3020 1252 1553)

1738 1263 2186 1320 commentarius
2234 1263 2296 1318 in
2348 1261 2606 1320 Psalmos
2649 1262 2714 1319 in
2747 1278 3020 1337 compen—

1737 1350 1905 1409 dium
1936 1350 2229 1427 redactu8‚
2272 1359 2464 1420 1553;
2512 1369 2555 1408 3.
2601 1351 2650 1409 Β
2672 1369 2705 1409 0
2725 1370 2766 1408 0
2788 1369 2822 1408 a
2842 1369 2878 1407 v
2900 1369 2930 1408 e
2950 1371 3019 1408 n·

1737 1442 1964 1498 turae
1996 1441 2059 1496 in
2092 1439 2315 1497 Lucam
2350 1443 2663 1508 enarratio,
2699 1439 2776 1497 ib.
2822 1448 3021 1511 1539;

1738 1527 3021 1604 (150.0017303100110010111000101000·

1736 1617 2025 1676 tariorum
2045 1616 2110 1675 in
2125 1617 2225 1678 Ev.
2245 1617 2523 1675 Matthaei
2542 1635 2709 1693 00113,
2728 1617 3014 1676 hactenus

1736 1706 2094 1782 inscriptum
2130 1705 2290 1779 Opus
2319 1707 2712 1781 imperfectum
2744 1705 2817 1764 ab
2850 1707 3020 1765 Aria·

1735 1814 1950 1854 norum
1982 1795 2244 1854 faecibus
2276 1799 2598 1872 purgatum
2630 1798 2692 1853 et
2725 1814 2928 1854 recens
2949 1794 3020 1853 ad

1736 1884 1958 1942 vetusti
2007 1884 2359 1960 exemplaris
2405 1883 2580 1943 fidem
2630 1884 3019 1961 recognitum,

1736 1973 1816 2031 ib.
1867 1982 2049 2035 1537.
2080 2005 2168 2016 -—
2199 1974 2465 2032 Andreas
2497 1973 2828 2049 Croquet
2862 1972 2926 2031 O.
2963 1972 3016 2030 S.

1737 2063 1954 2121 Bened.
1991 2061 2302 2120 Duacenus
2333 2057 2400 2144 (†
2442 2058 2632 2141 1580)
2686 2065 2818 2119 tum
2870 2080 3020 2119 com·

1737 2152 2086 2209 mentarium
2138 2152 2201 2208 in
2251 2152 2547 2224 epistolam
2599 2151 2677 2208 ad
2709 2151 3022 2224 Romanos,

1739 2238 1923 2297 Duaci
1977 2248 2140 2301 1577
2192 2240 2255 2296 in
2291 2250 2363 2309 8.,
2415 2242 2547 2298 tum
2596 2241 3020 2296 enarrationem

1737 2327 1979 2403 reliquit
2031 2328 2299 2399 epistolae
2348 2329 2428 2385 ad
2476 2327 2770 2385 Hebraeos
2820 2347 2854 2385 a
2886 2345 3020 2403 syro

1737 2434 2004 2475 sermone
2055 2416 2118 2474 in
2170 2416 2423 2473 latinum
2475 2412 2873 2496 conversae2),
2941 2416 3020 2475 ib.

1746 2514 1819 2567 15
1834 2512 1929 2566 78.
1965 2538 2051 2547 -—
2079 2505 2298 2563 Eodem
2318 2524 2471 2564 anno
2492 2504 2745 2563 decessit
2759 2504 2798 2562 J
2800 2522 3018 2562 oannes

1736 2594 2046 2654 Carteni
2067 2613 2152 2653 us
2185 2590 2579 2675 (Carthenius,
2613 2590 2918 2674 cartigny)
2951 2593 3018 2656 O.

1738 2686 1922 2743 Carm.
1957 2683 2330 2753 valencenas,
2366 2683 2694 2759 theologiae
2724 2683 2926 2743 doctor
2958 2687 3020 2740 et

1735 2773 1922 2831 trium
1973 2773 2313 2849 linguarum
2365 2772 2597 2848 peritus
2666 2769 2727 2849 (†
2780 2781 2834 2831 6.
2889 2771 3012 2829 Oct.

1819 2967 1853 3026 ¹)
1884 2958 1965 3014 Cf.
1996 2959 2216 3013 Reusch
2241 2960 2302 3012 in
2331 2958 2576 3030 Allgem.
2605 2959 2657 3014 d.
2685 2958 3022 3027 Biographie

1737 3031 1858 3095 XX,
1885 3036 1984 3100 99;
2013 3030 2135 3084 Em.
2163 3030 2289 3084 Van
2322 3030 2667 3100 Arembergh
2693 3029 2879 3099 Biogr.
2907 3032 3023 3082 nat.

1739 3103 1809 3156 de
1837 3101 1997 3183 Belg.
2023 3102 2171 3165 XIII,
2199 3105 2463 3158 156-58.

1812 3177 1853 3244 ²)
1883 3173 1991 3226 Η10
2019 3175 2212 3227 tamen
2228 3171 2669 3228 commentarius
2685 3170 3025 3226 adscribitur

1737 3246 1912 3298 etiam
1932 3260 1966 3296 a
1981 3245 2057 3297 Le
2079 3243 2237 3314 Long
2267 3243 2554 3297 Matthaeo
2582 3246 2630 3297 G
2646 3243 2761 3296 ale
2779 3261 2815 3295 11
2833 3260 2865 3296 0
2892 3246 3025 3313 (vau

1739 3315 1937 3380 Galen,
1992 3316 2214 3386 Galien)
2265 3314 2686 3384 Westeapellio,
2738 3312 3024 3367 Zeelando

1738 3407 1794 3440 n.
1823 3391 1981 3451 1528,
2010 3387 2107 3456 qui
2133 3386 2375 3440 Lindani
2415 3386 2478 3439 in
2518 3384 2784 3439 cathedra
2813 3384 3024 3439 theolo-

1738 3459 1869 3530 gica
1920 3475 2205 3512 successor
2264 3457 2612 3511 academiam
2670 3454 3021 3523 dilinganam

1739 3547 1867 3584 vere
1894 3529 2223 3583 illustravit.
2251 3529 2408 3582 Obiit
2433 3524 2807 3581 cancellarius
2832 3526 3024 3579 acade-

1741 3602 1886 3655 miae
1932 3600 2217 3655 duacenae
2262 3602 2320 3651 et
2362 3597 2721 3670 praepositus
2761 3614 2803 3649 3.
2831 3597 3024 3651 Amati

1739 3690 1791 3734 a.
1844 3675 2002 3728 1573.
2066 3670 2296 3725 Celeber
2346 3671 2644 3739 Stapleton
2708 3668 3022 3722 orationem

1740 3743 2038 3796 funebrem
2056 3742 2116 3795 in
2132 3743 2256 3811 ejus
2268 3740 2496 3794 laudem
2508 3740 2655 3794 dixit
2664 3739 2834 3811 (inter
2844 3739 3025 3809 ipsius

1740 3832 1833 3884 op.
1863 3815 1928 3878 Π,
1953 3817 2276 3883 486-492).
2304 3812 2530 3866 Praeter
2556 3811 2672 3865 alia
2687 3810 2869 3865 edidit
2885 3828 3025 3865 com-

1741 3885 2083 3939 mentarium
2111 3889 2176 3938 de
2199 3888 2491 3940 christiano
2516 3893 2562 3938 et
2577 3886 2750 3937 cathol
2755 3887 2834 3936 ico
2851 3901 3025 3936 sacer-

1739 3959 1872 4019 dote,
1913 3954 2177 4026 Dilingae
2206 3959 2378 4014 1563:
2421 3959 2648 4023 oriyines
2686 3958 3026 4020 monasticas,

1740 4027 1817 4081 ib.
1845 4030 2014 4089 1563:
2065 4029 2126 4080 de
2153 4030 2347 4080 missae
2370 4030 2651 4095 sam-isicia,
2680 4024 3024 4092 Antverpiae

1743 4103 1900 4156 1574.
1941 4098 2078 4166 Ejus
2104 4101 2385 4152 catecheses
2424 4113 2524 4166 per
2565 4095 3025 4164 quinquennium

1740 4187 1926 4224 coram
1978 4169 2262 4223 auditorio
2325 4168 2528 4222 selecto
2592 4167 2823 4220 habiae
2882 4170 3026 4237 (219)

1742 4241 2075 4311 prodierunt
2114 4256 2249 4295 cura
2291 4243 2355 4293 A.
2398 4238 2685 4307 Croquetii
2731 4240 2862 4308 post
2905 4238 3026 4305 ejus

1742 4314 1982 4367 mortem
2012 4310 2191 4365 Duaci
2219 4315 2386 4373 1574;
2417 4310 2520 4364 sub
2546 4309 2659 4363 alio
2689 4308 2861 4362 titulo
2883 4308 3026 4377 Lug·

1743 4382 1883 4436 duni
1935 4387 2091 4441 1600.
2159 4382 2271 4435 Eae
2323 4380 2685 4436 constituunt
2735 4380 3026 4434 Summam

1743 4453 2067 4524 theologiae
2095 4453 2435 4508 theoreticae
2476 4456 2533 4506 et
2573 4452 2874 4521 practicae.
2926 4449 3025 4503 Re·

1743 4524 1907 4579 0111111,
1931 4529 2150 4580 Alcm’m'
2169 4529 2502 4588 rhetoricam,
2533 4525 2608 4577 ib.
2636 4526 2790 4579 1569.
2833 4520 2914 4574 Cf.
2943 4538 3027 4574 ac·

405 4599 771 4667 saraugustae
813 4601 953 4654 1608
992 4598 1053 4652 in
1078 4603 1128 4662 4,
1175 4597 1327 4667 quod
1354 4615 1498 4666 opus
1527 4597 1689 4667 prius
1742 4600 2000 4651 curatum
2047 4595 2294 4666 elogium
2336 4599 2565 4649 auctore
2593 4592 2940 4662 Bouquillon
2967 4591 3027 4645 in

405 4667 1020 4794 iixtliglritfomcripmm
1074 4668 1353 4724 Clementi
1404 4669 1552 4724 VIII.
1598 4669 1688 4722 ob·
1742 4668 1935 4796 :litbegoe
1953 4668 2050 4722 des
2066 4667 2320 4721 Scieuces
2347 4665 2475 4726 eccl,
2505 4665 2599 4719 XL
2627 4669 2824 4736 (1879),
2851 4668 3026 4719 232—

2635 4826 2703 4880 3*
