3625 5193
622 226 701 279 :31
727 227 746 276 1
1083 210 1452 265 1581-1600.
1481 206 1732 260 Historia
1756 206 1887 259 παι.
1916 209 2065 276 part.
2092 175 2275 275 Tyde,
2304 206 2495 273 Hand,
2526 206 2774 268 Gewold,
3110 223 3233 277 312

616 391 1060 462 reformatione,
1106 392 1322 450 iterum
1374 392 1608 468 legatus
1639 390 1904 450 mittitur
1957 409 2097 450 suae
2127 391 2552 461 bibliothecae3
2597 392 2840 450 seorsim
2874 390 3092 465 prodiit
3123 391 3238 449 Ro-

621 483 687 541 in
721 481 1073 540 sabaudiam
1103 484 1166 538 et
1197 481 1761 556 absensaGregorio
1777 499 1901 540 car·
1958 499 2088 539 mae
2128 490 2293 543 1594
2335 481 2370 538 l.
2415 481 2747 539 rarissimus
2794 475 2895 561 (m.
2946 476 3117 560 200).
3152 513 3235 522 —-—

617 571 840 629 dinalis
860 572 1097 628 creatur
1113 565 1171 650 (1
1190 565 1358 649 582).
1385 571 1436 627 Α
1457 569 1621 628 Sixto
1643 569 1708 628 V.
1732 587 1901 644 prae-
1959 569 2268 646 Wiguleus
2299 570 2355 627 H
2373 588 2413 627 0
2431 588 2472 627 11
2489 568 2527 627 (1
2562 566 2777 650 (Hunt,
2796 565 3032 649 Hundt)
3048 569 3238 627 Bava-

622 660 823 719 ficitur
852 658 1417 736 congregationibus
1449 676 1522 717 ss.
1569 658 1798 716 rituum
1844 660 1906 716 et
1956 677 2062 717 rus
2078 657 2585 734 n.Kaltenbergae
2608 667 2707 719 26.
2728 659 2850 717 Jul.
2881 668 2952 720 15
2971 669 2990 719 1
3009 668 3063 728 4,
3078 658 3237 733 juris

620 748 997 825 regularium.
1061 747 1299 806 Iteratis
1346 747 1574 805 vicibus
1625 746 1905 806 interfuit
1956 747 2207 822 peritus,
2244 747 2486 821 juvenis
2534 756 2634 811 23.
2669 767 2718 805 a.
2744 748 2870 823 jam
2902 747 3237 806 institutio-

617 838 903 908 conclavi,
937 841 1000 895 et
1017 836 1160 895 dum
1181 836 1505 895 cardinales
1525 836 1726 910 plures
1742 834 1815 894 de
1835 854 1903 894 eo
1957 854 2103 894 num
2135 835 2470 895 ordinarius
2514 836 2578 894 in
2610 836 2909 894 academia
2941 835 3237 912 ingolsta-

615 926 894 1003 eligendo
942 926 1007 983 in
1038 925 1380 1001 pontificem
1430 925 1776 1000 cogitarent,
1810 943 1903 983 re-
1957 924 2167 995 diensi,
2200 926 2338 1001 post
2366 924 2695 983 triennium
2726 928 2920 983 rector
2965 924 3237 1000 magnifi-

622 1014 856 1088 pulsam
885 1015 958 1072 ab
990 1015 1242 1072 aemulis
1284 1016 1375 1072 est
1404 1032 1627 1089 passus,
1680 1032 1799 1087 qua
1831 1014 1903 1071 de
1957 1030 2062 1072 cus
2092 1017 2154 1072 et
2182 1016 2320 1089 post
2350 1013 2463 1072 alia
2494 1032 2744 1072 munera
2772 1013 3090 1072 honorifica
3122 1014 3237 1072 Ba-

617 1122 686 1162 re
719 1123 795 1162 ne
843 1103 1155 1161 minimum
1205 1102 1447 1178 quidem
1490 1105 1584 1160 est
1628 1102 1901 1160 offensus.
1956 1102 2154 1162 variae
2186 1102 2593 1173 cancellatim,
2628 1101 3053 1160 consiliiaulici
3068 1120 3236 1178 prae·

625 1192 896 1250 Piissime
927 1187 1134 1272 obiitl)
1171 1193 1426 1252 21.Dec.
1468 1201 1651 1253 1592.
1686 1192 1904 1250 Nostra
1959 1209 2052 1249 ses
2085 1195 2147 1250 et
2178 1211 2212 1250 a
2243 1192 2484 1250 secretis
2529 1191 2809 1261 consiliis,
2857 1190 2952 1249 vir
2989 1209 3237 1268 magnae

622 1282 857 1340 demum
904 1283 1096 1339 aetate
1127 1280 1340 1338 Theod.
1373 1279 1784 1338 Wierzbowski
1814 1280 1902 1338 ed.
1957 1280 2349 1349 auctoritatis,
2374 1280 2631 1356 insignis
2664 1298 2774 1339 sec.
2813 1279 2962 1338 XVI.
2993 1278 3236 1338 histori-

637 1370 791 1428 Vinc.
825 1370 1057 1428 Laureo
1107 1388 1195 1427 ev.
1245 1368 1318 1427 de
1369 1368 1664 1438 Mondovi,
1715 1386 1903 1428 nonce
1958 1387 2060 1427 cus
2123 1365 2186 1451 (†
2238 1378 2337 1432 28.
2388 1369 2554 1428 Febr.
2610 1364 2824 1448 1588),
2888 1370 3098 1427 auctor
3145 1370 3239 1426 est

625 1458 1002 1533 apostolique
1022 1477 1097 1516 en
1113 1458 1369 1534 Pologne
1392 1453 1902 1539 (1574—1578),
1957 1452 2242 1536 operis2):
2276 1458 2610 1534 Metropoli-s
2624 1459 3068 1534 salisburyensis
3097 1473 3235 1515 con-

617 1553 684 1605 et
728 1565 822 1605 ses
872 1547 1157 1621 depeches
1201 1546 1455 1604 ineditas
1505 1566 1583 1604 au
1626 1546 1781 1607 card.
1831 1546 1903 1604 de
1957 1546 2158 1605 tinens
2210 1547 2547 1624 catalogum
2597 1546 2873 1605 videlicet
2903 1549 2966 1605 et
2996 1545 3233 1604 ordina·

616 1636 815 1704 Come,
837 1636 1108 1694 ministre
1128 1635 1434 1694 secretaire
1454 1635 1636 1693 d’etat
1650 1635 1733 1694 du
1752 1654 1903 1711 pape
1957 1636 2104 1694 riam
2168 1635 2599 1695 successionem
2662 1634 3234 1710 archiepiscoporum

624 1724 905 1800 Gregoire
920 1723 1075 1794 XIII,
1111 1724 1517 1783 eclaircissant
1541 1723 1594 1781 la
1609 1724 1903 1800 politique
1958 1724 2494 1801 salisburgensium
2526 1727 2586 1790 et
2617 1724 3099 1800 coepiscoporum
3128 1722 3234 1781 fri-

617 1813 705 1871 du
738 1813 821 1871 St.
855 1813 1025 1889 Siege
1057 1813 1204 1871 dans
1256 1813 1339 1871 les
1387 1815 1604 1871 annees
1637 1812 1903 1872 susdites
1958 1813 2344 1890 singensium,
2379 1813 2900 1883 ratisbonensium,
2932 1812 3235 1888 patavien-

623 1901 1035 1960 relativement
1065 1909 1099 1959 a
1131 1903 1188 1959 la
1220 1901 1495 1978 Pologne,
1530 1903 1587 1958 la
1617 1902 1900 1970 Franche,
1959 1902 2134 1972 sium,
2185 1920 2251 1961 ac
2301 1902 2732 1961 brixinensium
2784 1897 2883 1984 (ad
2929 1921 2977 1959 a.
3020 1896 3233 1980 1580),

623 1989 950 2048 l’Autriche
1001 1992 1062 2048 et
1091 1991 1149 2048 la
1181 1991 1406 2059 Russie,
1452 1989 1756 2049 recueilles
1787 2010 1903 2048 aux
1958 1991 2311 2067 Ingolstadii
2350 2000 2513 2054 1582
2551 1991 2614 2050 in
2645 1990 2704 2062 f.‚
2739 2008 2889 2065 opus
2920 2008 3138 2060 rarum,
3173 1989 3236 2047 in

615 2078 889 2138 archives
923 2082 1173 2138 secretes
1203 2079 1284 2137 du
1320 2079 1576 2150 vatican,
1628 2080 1903 2138 Varsovie
1958 2099 2077 2155 quo
2109 2079 2271 2154 quod
2302 2080 2518 2137 attinet
2549 2079 2858 2155 episcopos
2899 2078 3229 2155 passavien·
3298 2155 3301 2158 Ι

634 2176 814 2231 1887.
1959 2186 2051 2227 ses
2083 2168 2439 2227 Bruschium
2471 2169 2758 2244 sequitur.
2791 2166 2952 2225 Illud
2972 2167 3234 2226 Christo-

1957 2258 2181 2332 phorus
2243 2256 2546 2317 Gewold
2623 2253 2905 2337 (Gewald,
2983 2255 3238 2314 Gaboldt

722 2356 858 2409 135.
893 2346 1216 2405 Historiam
1248 2346 1610 2405 ecclesiarum
1633 2349 1903 2420 particu-
1957 2340 2093 2426 etc.)
2130 2346 2267 2405 duci
2296 2365 2328 2403 a
2358 2346 2623 2404 consiliis
2673 2351 2734 2403 et
2763 2339 3233 2426 archivia1·ius⁸),

617 2432 901 2516 larium)
936 2437 1333 2511 scripserunt:
1384 2433 1425 2492 J
1427 2436 1642 2495 acobus
1676 2435 1903 2510 Tyrie
1957 2434 2212 2511 insignis
2244 2435 2468 2510 pariter
2498 2434 2832 2504 historicus,
2882 2433 2988 2509 qui
3020 2450 3233 2509 paren-

627 2520 863 2607 (Tayre)
917 2524 969 2582 S.
1003 2524 1057 2581 J.
1110 2525 1335 2592 scotus„
1385 2523 1792 2599 philosophiae
1843 2527 1904 2581 et
1957 2522 2123 2582 tibus
2156 2524 2623 2599 protestantibus
2673 2527 2854 2582 natus
2902 2521 3077 2580 fidem
3110 2541 3234 2580 am·

620 2613 955 2689 theologiae
969 2613 1216 2671 Parisiis
1232 2614 1525 2686 professor
1542 2610 1903 2694 (†20.Mart.
1958 2613 2166 2687 plexus
2198 2616 2292 2672 est
2321 2613 2667 2672 catholicam
2699 2609 2765 2686 (†
2804 2609 3016 2691 1621),
3052 2612 3235 2670 soler-

632 2696 846 2780 1597),
880 2702 1052 2776 cujus
1084 2704 1373 2759 tractatus
1406 2702 1677 2759 eruditus
1707 2703 1777 2759 de
1797 2721 1902 2760 an·
1957 2704 2051 2759 ter
2083 2703 2456 2762 continuavit
2509 2703 2793 2777 auxitque
2837 2700 3114 2776 plurimis
3145 2700 3235 2758 di·

615 2791 881 2865 siquitem
953 2788 1304 2847 christianae
1377 2791 1679 2867 reliqionis
1744 2791 1904 2866 apud
1956 2790 2236 2866 plomatis
2327 2790 2633 2867 ediditque
2718 2790 3075 2865 inscriptum
3151 2789 3237 2846 W.

626 2876 830 2936 Scotos
880 2879 992 2936 sub
1024 2878 1259 2937 nomine
1292 2878 1562 2954 Gregorii
1595 2879 1818 2959 Thqm
1837 2900 1903 2955 p-
1958 2878 2229 2938 Hundii
2249 2881 2585 2953 Metropolis
2597 2879 3235 2956 salisburymsisaucta,

621 2984 759 3024 son
791 2986 825 3024 a
853 2967 1177 3026 Possevino
1194 2970 1468 3042 receptus
1485 2968 1602 3026 suit
1615 2969 1679 3027 in
1697 2969 1901 3027 LXVI.
1956 2969 2443 3028 annotationibus
2475 2968 2778 3027 illustrata
2810 2973 2872 3025 et
2903 2985 3011 3026 300
3045 2984 3238 3042 usque

1828 3048 1836 3057 ’
1958 3060 2216 3133 tempore
2248 3058 2610 3128 continuata,
2632 3057 2900 3116 Monachi
2931 3064 3093 3118 1620
3119 3074 3172 3113 v.
3199 3064 3234 3118 3

1957 3147 2020 3204 in
2070 3146 2142 3216 f.;
2196 3147 2553 3205 Ratisbonae
2611 3157 2794 3216 1719,
2844 3162 2994 3221 quae
3039 3149 3239 3202 tamen

1958 3235 2140 3293 editio
2173 3236 2453 3294 mendosa
2484 3238 2593 3294 est.
2656 3235 2836 3293 Tomo
2877 3234 3068 3309 primo
3100 3251 3238 3292 con-

696 3302 735 3399 3)
760 3332 1008 3386 ,joannes
1034 3332 1226 3387 More
1244 3348 1327 3386 au
1355 3333 1678 3405 morellus),
1708 3333 1903 3387 doctor
1955 3323 2230 3382 tinentur
2260 3324 2588 3399 primordia
2617 3323 2966 3382 christianae
2997 3322 3238 3422 religio-

617 3403 949 3457 sorbonicus
998 3407 1057 3457 et
1116 3404 1417 3458 canonicus
1481 3405 1902 3459 cenomanensis
1955 3412 2054 3470 nis
2085 3431 2190 3488 per
2221 3413 2518 3488 Bojariam
2563 3416 2624 3471 et,
2668 3414 2793 3471 1002
2831 3410 3119 3486 quaedam
3150 3429 3237 3468 vl-
3302 3420 3307 3427 ·

623 3475 790 3545 (vixit
833 3476 1020 3529 adhuc
1062 3479 1215 3540 1584,
1253 3476 1422 3544 juxta
1472 3475 1614 3530 alios
1663 3486 1690 3538 †
1741 3479 1902 3547 1573)

615 3546 942 3616 composuit
966 3549 1432 3601 Nomenclaturam
1476 3564 1574 3601 seu
1602 3546 1902 3616 legendam

619 3633 852 3671 auream
878 3617 1211 3687 pontificum
1238 3618 1729 3672 cenomanensium
1756 3620 1902 3689 (902-
2036 3622 2072 3689 ¹)
2100 3618 2390 3688 cognatus
2416 3619 2535 3689 ejus
2579 3621 2664 3673 est
2690 3618 3023 3672 Vincentius
3060 3618 3238 3671 Maria

622 3692 799 3754 1572),
827 3705 972 3756 quae
1001 3691 1190 3742 tamen
1216 3689 1439 3758 integra
1459 3705 1756 3757 nunquam
1776 3707 1903 3758 pro-
1957 3689 2105 3742 Cim
2123 3690 2347 3744 arelli
2375 3689 2436 3743 Ο.
2467 3689 2659 3744 Praed.
2687 3700 2736 3757 (†
2763 3694 2942 3761 1660),
2968 3691 3129 3743 cu'us
3152 3705 3238 3742 ex-

619 3759 745 3821 diit,
772 3761 868 3812 sed
893 3763 1122 3812 tantum
1162 3760 1313 3814 vitae
1354 3759 1725 3828 singularium
1769 3776 1904 3828 quo·
1958 3761 2108 3815 stat:
2154 3766 2318 3816 είονίε
2355 3765 2485 3816 dello
2523 3771 2661 3817 stato
2694 3762 2972 3825 d'Urbirw,
3064 3760 3237 3814 rixiae

620 3831 862 3883 tundam
912 3831 1301 3900 episcoporum
1361 3830 1422 3883 in
1486 3831 1642 3884 Actis
1693 3829 1788 3885 SS.
1832 3864 1900 3873 --
1959 3836 2115 3895 1642,
2156 3849 2301 3901 opus
2345 3834 2558 3901 absque
2590 3832 2813 3903 judicio
2865 3832 3059 3886 critico
3112 3848 3235 3885 con·

620 3901 825 3957 Joanni
852 3902 906 3953 M
925 3920 954 3955 e
970 3919 996 3952 c
1015 3901 1053 3953 h
1070 3901 1096 3953 t
1111 3901 1177 3953 el
1203 3901 1472 3955 canonico
1494 3902 1652 3970 prius
1668 3901 1901 3956 limbur-
1959 3902 2250 3972 scripturn.

620 3972 780 4041 gensi
831 3975 1032 4042 (1595),
1083 3970 1214 4024 (1010
1267 3972 1564 4025 trevirensi
1630 3972 1905 4027 tribuitur
2032 3983 2070 4039 θ’)
2098 3974 2181 4029 Cf.
2207 3975 2278 4027 M.
2310 3973 2503 4043 Mayer
2528 3975 2727 4039 Leben,
2756 3973 3003 4028 kleinere
3028 3971 3236 4026 Werke

623 4047 949 4123 Limburyer·
967 4046 1251 4106 Chronica,
1292 4059 1440 4123 quae
1467 4046 1659 4133 tamen
1698 4046 1902 4115 maj0ri
1958 4044 2077 4099 und
2127 4045 2514 4100 Briefwechsel
2582 4045 2681 4099 des
2730 4044 2825 4099 Dr.
2880 4044 2965 4098 W.
3017 4043 3237 4108 Hundt,

615 4130 691 4237 a
706 4113 1903 4256 amm0222313353332852323033
1957 4116 2472 4258 011)πὲξώῗὲ11
2496 4115 3241 4258 1910311111301

621 4272 687 4307 ea
714 4255 825 4308 fuit
851 4255 924 4309 ab
949 4254 1257 4309 Hontheim
1273 4255 1333 4307 in
1352 4254 1540 4317 Prodr,
1559 4257 1901 4313 hist.trevir.
1956 4275 2085 4311 men
2113 4276 2215 4312 aus
2241 4259 2418 4312 Maria
2436 4259 2619 4313 Laach
2636 4258 2810 4312 XLIV
2828 4262 3009 4327 (1893)
3024 4262 3239 4315 615-19.

621 4326 689 4389 ΙΙ,
735 4330 889 4386 1048,
943 4325 1162 4380 Prodiit
1202 4326 1391 4381 critice
1437 4328 1583 4381 curis
1623 4330 1685 4382 A.
1720 4328 1900 4397 Wyss,
1957 4329 2261 4383 Eiaenhart
2286 4332 2352 4384 A.
2380 4331 2651 4384 deutsche
2686 4328 2768 4383 Bi.
2798 4329 2947 4395 XIII,
2972 4334 3235 4387 392—99.

622 4397 1556 4467 Hannover1883.—Augustinus
1581 4399 1901 4470 Lapioni
2030 4405 2071 4463 ³)
2107 4400 2301 4454 Edidit
2334 4399 2381 4454 is
2422 4417 2649 4470 quoque
2687 4401 2921 4482 Magni
2958 4403 3239 4455 chronicon

617 4469 980 4525 concinnavit
1011 4471 1207 4524 Diarto
1244 4474 1524 4538 florentino
1547 4473 1622 4525 ab
1647 4489 1696 4525 a.
1724 4476 1900 4529 252-
1956 4471 2283 4526 monasterii
2321 4471 2860 4541 reichensbergensis
2888 4476 3054 4541 1611;
3105 4470 3239 4524 alia-

622 4544 776 4602 1596,
804 4540 957 4620 quod
999 4542 1227 4621 demum
1266 4541 1445 4595 edidit
1468 4542 1581 4622 Jos.
1610 4542 1902 4597 Odoardus
1957 4560 2063 4610 que
2091 4560 2237 4611 quae
2276 4545 2343 4596 cf.
2386 4542 2542 4667 alssid
2583 4542 2771 4598 Oefele
2809 4542 2940 4637 allg.
2970 4542 3022 4595 d.
3049 4540 3152 4595 Bio
3195 4560 3235 4595 r.

622 4611 925 4675 Corazzmi,
954 4610 1270 4666 Florentiae
1300 4618 1457 4676 1900,
1502 4630 1561 4665 10
1592 4630 1706 4681 quo
1732 4612 1903 4682 plura
1957 4614 2050 4679 IX,
2069 4618 2330 4686 131-134;
2358 4616 2421 4667 A.
2490 4615 2866 4668 urrwaechter
2880 4613 3155 4668 bnGewo
3183 4612 3237 4678 d,

615 4680 1279 4752 referunturpretiosaad
1297 4701 1336 4737 s.
1365 4683 1524 4736 Pium
1545 4683 1609 4743 V,
1637 4688 1696 4737 et
1719 4703 1760 4740 s.
1778 4686 1898 4738 Car.
1957 4684 2063 4738 Ein
2130 4684 2358 4754 Beitrag
2419 4702 2523 4738 zur
2581 4685 3078 4755 Gelehrtengesch.
3143 4685 3242 4739 der

617 4751 979 4807 Borromeum
1008 4754 1341 4823 spectantia.
1957 4757 2535 4825 Gegenreformation,
2562 4756 2838 4826 Freiburg
2863 4761 3023 4814 1904.

622 3191 738 3317 Ἧι)
765 3189 847 3245 cf.
877 3188 1026 3260 Eggs
1054 3189 1220 3259 Purp.
1248 3167 1446 3244 doctae
1470 3191 1506 3244 1.
1534 3196 1567 3248 5
1585 3196 1725 3248 n.30
1740 3210 1792 3261 p.
1811 3195 1903 3249 ss·
