3625 5193
597 223 675 277 79
942 209 1313 264 mat—«1580.
1340 204 1686 276 Disciplinae
1713 206 1785 260 ad
1812 223 1882 260 ss.
1909 205 2103 261 literas
2129 207 2466 275 spectantes.
2494 205 2860 271 Nacchiante,
3129 223 3209 275 30

594 389 854 468 clantus)
887 395 947 450 et
980 392 1148 450 Sixt
1168 412 1207 450 u
1227 410 1255 450 s
1288 391 1584 463 Senensis,
1613 396 1873 466 uterque
1930 392 2104 449 Petro
2137 391 2455 449 Fratino
2488 385 2606 471 (vel
2637 386 2915 471 Fradino)
2950 409 2998 448 a.
3042 398 3203 453 1567

594 481 816 541 ordinis
878 480 1365 556 praedicatorum,
1418 484 1671 556 uterque
1720 498 1876 539 anno
1931 480 2032 538 vol
2067 489 2100 541 2
2137 479 2200 537 in
2231 479 2268 536 f.
2301 479 2466 537 Inter
2497 479 2640 538 haec
2675 478 3107 538 Enarrationes
3128 524 3140 535 .
3162 524 3210 540 ..

591 571 795 630 eodem
820 563 1045 651 (1569)
1070 570 1406 628 defunctus
1438 570 1547 628 Ille
1566 570 1874 641 EtruscuS,
1930 570 1993 626 in
2038 585 2124 642 ep.
2157 568 2232 626 D.
2265 567 2446 627 Pauli
2487 568 2605 642 Ap.
2657 570 2735 625 ad
2781 568 3063 645 Ephesios
3079 586 3102 639 ‚·
3151 570 3213 627 in

594 659 974 717 Florentinus
1027 658 1236 733 patria,
1299 659 1597 718 Bononiae
1661 658 1876 717 studiis
1933 676 2004 733 ep
2051 701 2065 717 .
2116 700 2132 715 .
2178 701 2192 715 .
2240 657 2318 715 ad
2378 658 2672 716 Romanos
2685 699 2707 729 ‚
2774 676 2822 715 s.
2878 657 3215 736 Scripturas

594 768 829 825 operam
862 747 1042 817 dedit,
1079 747 1182 806 ubi
1216 747 1557 806 Michaelem
1593 747 1877 806 Ghisleri·
1932 741 2182 805 medulla
2214 747 2310 805 vel
2343 764 2690 805 arcanorum
2726 745 2958 814 Christi,
2993 745 3214 820 quibus

593 857 712 908 um,
722 841 928 912 postea
942 836 1278 912 pontificem
1296 836 1616 894 maximum
1632 835 1876 897 PiumV.
1935 836 2205 912 singulae
2239 837 2384 894 sunt
2411 835 2616 893 mundi
2641 835 3035 910 locupletatae
3055 838 3212 893 aeta-

593 926 964 985 consodalem
999 925 1223 983 habuit.
1245 924 1469 984 Exinde
1500 924 1741 983 Romam
1772 943 1876 983 vo·
1931 928 2060 994 tes3
2092 925 2460 983 tractationes
2490 925 2823 1002 theoloqales
2856 918 2992 1004 (18)
3015 942 3100 981 ex.
3122 943 3212 1000 gr.

595 1020 762 1073 catus
797 1014 1120 1073 confratres
1152 1033 1290 1073 suos
1335 1013 1770 1090 philosophicas
1816 1016 1879 1072 et
1934 1014 2004 1071 de
2025 1012 2376 1072 exsistentia
2394 1013 2838 1087 exsistendique
2857 1012 3029 1072 modo
3051 1012 3214 1071 Chri·

592 1103 952 1179 theologicas
973 1102 1178 1161 docuit
1198 1103 1572 1178 disciplinas:
1604 1121 1721 1178 quo
1744 1122 1874 1161 mu·
1934 1102 2013 1161 sti
2047 1102 2303 1177 corporis
2334 1102 2397 1159 in
2428 1104 2825 1171 sacrament03
2860 1102 2931 1160 de
2964 1101 3214 1159 maximo

596 1212 735 1252 nere
769 1193 912 1250 dum
946 1193 1160 1250 Romae
1194 1192 1255 1249 in
1287 1192 1533 1268 collegio
1556 1209 1599 1249 s.
1623 1192 1878 1250 Thomae
1933 1191 2283 1266 pontificatu
2302 1191 2628 1250 maximove
2650 1190 2978 1249 sacerdotio
2990 1190 3028 1248 J
3033 1189 3213 1249 .Chri-

593 1282 667 1340 ad
702 1282 1022 1339 Minervam
1056 1280 1427 1357 fungeretur,
1450 1281 1516 1339 in
1547 1279 1876 1339 collationi·
1937 1281 2034 1350 sti,
2071 1281 2142 1338 de
2174 1279 2595 1356 augustissimo
2627 1280 2756 1355 ejus
2806 1297 3018 1356 regn03
3064 1280 3216 1337 theo-

592 1372 724 1441 buS,
777 1389 927 1446 quae
976 1369 1134 1428 inter
1179 1370 1445 1428 eruditos
1497 1370 1569 1429 ad
1613 1386 1876 1428 mensam
1932 1376 2156 1428 remam
2195 1377 2270 1431 14
2305 1368 2653 1445 theologica,
2692 1368 3214 1444 16metaphysica,

593 1460 766 1518 Pauli
817 1458 921 1515 111.
973 1459 1284 1517 assidentis
1345 1459 1734 1529 habebantur,
1792 1457 1880 1515 ita
1944 1469 2015 1521 15
2052 1457 2377 1527 naturalia;
2412 1458 2789 1532 quaestiones
2826 1467 2881 1519 4.

599 1549 834 1617 claruit,
857 1550 928 1605 ut
947 1547 1261 1624 praeclaris
1290 1547 1452 1605 illius
1483 1547 1723 1606 dotibus
1742 1565 1878 1622 per-

595 1637 811 1712 spectis
861 1654 1129 1694 summus
1181 1636 1447 1711 pontifex
1492 1636 1664 1694 illum
1696 1636 1877 1694 eccle·
2027 1646 2126 1698 39.
2162 1636 2361 1695 Sixtus
2394 1656 2429 1695 a
2460 1636 2654 1711 patria
2685 1654 2794 1694 sua
2839 1635 3217 1711 cognomina-

596 1727 714 1785 siae
795 1725 1077 1801 Cluginae
1156 1726 1277 1784 sive
1354 1726 1566 1784 Fossae
1644 1723 1877 1784 Clodiae
1934 1729 2032 1784 tus
2066 1725 2454 1795 Senensis,
2502 1724 2729 1801 origine
2779 1728 2905 1783 erat
2950 1723 3218 1782 Judaeus

596 1811 927 1897 (Chioggia)
942 1814 1291 1890 praefecerit
1310 1814 1637 1873 antistitem
1658 1822 1712 1876 3.
1733 1813 1876 1871 Jun.
1932 1833 1990 1872 n.
2024 1834 2074 1877 a.
2116 1823 2300 1877 1520.
2339 1814 2662 1890 Amplexus
2692 1816 2889 1871 tamen
2922 1815 3013 1871 est
3042 1812 3216 1871 fidem

604 1911 787 1967 1544.
821 1902 1107 1961 Interfuit
1137 1902 1386 1962 concilio
1407 1903 1753 1973 tridentino,
1770 1901 1878 1960 ubi
1933 1903 2282 1962 catholicam
2344 1905 2406 1962 et
2466 1903 2732 1961 ordinem
2795 1902 3105 1978 ingressus
3171 1919 3215 1959 a.

596 1993 859 2068 graviter
889 1991 1161 2050 invectus
1195 1995 1288 2051 est
1319 1992 1382 2049 in
1412 1992 1592 2051 verba
1637 1990 1876 2062 decreti,
1934 1992 2230 2050 Francisci
2279 1991 2515 2067 fuitque
2570 1990 2867 2049 Ambrosii
2915 1989 3216 2049 Catharini

596 2081 814 2156 quibus
878 2082 1168 2140 statuitur
1233 2081 1588 2139 traditiones
1652 2080 1880 2157 aequali
1934 2081 2276 2155 discipulus,
2296 2080 2518 2139 Verum
2534 2080 2606 2139 de
2627 2080 2858 2140 haeresi
2879 2082 3215 2155 suspectus,

595 2170 837 2245 pietatis
870 2174 930 2227 et
962 2170 1324 2228 reverentiae
1359 2169 1574 2228 affectu
1616 2187 1740 2228 esse
1787 2188 1878 2227 re·
1936 2173 2271 2240 accusatus,
2298 2170 2605 2228 convictus
2650 2168 2945 2243 mortique
2990 2187 3097 2244 per
3127 2168 3218 2245 ig-

597 2259 898 2335 cipiendas
931 2277 997 2317 ac
1030 2258 1385 2334 Scripturas.
1436 2259 1590 2317 Hinc
1620 2259 1749 2330 ejus
1781 2276 1875 2316 or·
1935 2277 2068 2318 nem
2102 2261 2196 2317 est
2228 2258 2518 2327 addictu8‚
2555 2276 2732 2332 quam
2753 2257 2954 2315 subire
2975 2256 3218 2315 debuis-

596 2348 874 2407 thodoxia
895 2349 957 2406 in
979 2347 1231 2407 dubium
1252 2348 1591 2417 vocabatur,
1613 2365 1720 2405 nec
1739 2348 1877 2405 ante
1936 2351 2043 2417 set,
2075 2347 2192 2406 nisi
2222 2347 2473 2405 Michael
2505 2346 2760 2405 Ghisleri
2805 2341 3038 2427 (postea
3070 2345 3216 2404 Pius

597 2457 774 2512 quam
796 2455 858 2495 se
879 2438 1217 2496 reverenter
1249 2455 1672 2495 consensurum
1702 2436 1878 2494 obtu-
1937 2432 2030 2517 V.)
2065 2454 2109 2494 s.
2149 2435 2560 2510 inquisitionis
2607 2435 3048 2493 commissarius
3098 2453 3217 2493 non

597 2527 732 2584 lerit
764 2525 1017 2593 decret0‚
1058 2525 1220 2600 quod
1253 2526 1408 2582 tanti
1439 2528 1642 2582 coetus
1674 2527 1876 2582 aucto·
1934 2528 2058 2583 tam
2089 2524 2423 2582 rationibus
2455 2542 2633 2599 quam
2664 2523 2922 2583 lacrimis
2954 2526 3016 2581 et
3046 2542 3216 2582 man-

596 2616 743 2674 ritas
776 2615 1228 2690 comprobasset,
1263 2614 1496 2672 veniam
1539 2613 1802 2672 obtinuit
1820 2612 1879 2690 ¹).
1937 2614 2252 2673 suetudine
2299 2633 2411 2672 sua
2456 2633 2592 2672 eum
2638 2613 3009 2673 dedocuisset
3056 2632 3218 2672 erro-

596 2705 791 2762 Etiam
852 2707 1058 2777 postea
1119 2701 1482 2777 suspiciones
1545 2719 1753 2778 graves
1815 2701 1880 2759 in
1934 2722 2057 2762 rem
2105 2702 2563 2777 adduxissetque
2611 2703 2685 2760 ad
2734 2703 2901 2761 illius
2934 2702 3216 2777 ejuratio·

597 2793 775 2850 rebus
807 2791 1114 2867 religionis
1148 2790 1219 2849 de
1244 2790 1352 2849 hoc
1373 2789 1649 2866 episcopo
1671 2808 1878 2865 super·
1937 2811 2088 2860 nem,
2111 2811 2228 2867 qua
2248 2791 2403 2850 facta
2423 2791 2578 2849 vitae
2598 2792 2929 2867 promeruit
2947 2791 3217 2867 gratiam.

598 2885 909 2940 venerunt.
946 2879 1100 2948 „Sed
1134 2879 1219 2936 fas
1254 2881 1343 2937 est
1375 2879 1627 2948 credere,
1675 2879 1881 2937 scribit
1937 2881 2137 2939 Sixtus
2168 2883 2372 2938 tamen
2404 2899 2508 2938 seu
2527 2880 2687 2939 vitae
2708 2880 2902 2939 taedio
2926 2897 3032 2937 seu
3051 2880 3218 2937 futu-

599 2969 1116 3038 Pallavicino‚
1168 2967 1465 3027 insontem
1503 2968 1689 3027 fuisse
1723 2986 1879 3027 com·
1935 2990 2034 3029 rae
2067 2969 2300 3044 sibique
2353 2969 2666 3044 superstiti
2711 2969 3080 3028 imminentis
3125 2968 3216 3026 in-

596 3063 852 3134 pertum,
904 3061 1214 3133 propterea
1263 3058 1420 3131 quod
1465 3060 1601 3132 post
1647 3057 1880 3133 aliquot
1936 3058 2146 3116 famiae
2179 3059 2337 3116 inter
2369 3075 2507 3118 suos
2539 3058 2793 3116 Minores
2824 3058 3040 3116 timore
3086 3075 3219 3133 per-

601 3165 786 3206 annos
820 3146 1044 3222 synodo
1077 3146 1189 3203 sub
1210 3146 1314 3203 Pio
1338 3146 1432 3204 IV.
1454 3146 1735 3204 restituta
1760 3165 1881 3205 non
1936 3148 2158 3216 culsus,
2192 3148 2346 3205 latae
2370 3147 2499 3223 jam
2533 3146 2849 3205 adversum
2895 3164 2957 3204 se
3007 3146 3219 3220 capitis

602 3235 775 3294 modo
807 3236 909 3293 ille
940 3234 1233 3302 interfuit,
1270 3235 1372 3292 sed
1406 3255 1440 3293 a
1469 3236 1682 3312 legatis
1720 3235 1878 3293 fruc·
1937 3236 2266 3294 sententiae
2360 3236 2793 3295 revocationem
2882 3234 3218 3310 respuebat,

597 3327 766 3382 tuose
800 3323 1073 3382 admotus
1109 3324 1310 3382 arduis
1342 3325 1742 3400 gravibusque
1776 3342 1879 3381 ne·
1937 3325 2125 3401 magis
2159 3324 2383 3401 eligens
2416 3324 2598 3383 vitam
2634 3324 2981 3382 commerita
3013 3323 3220 3381 mortis

598 3413 795 3489 gotiiS,
848 3413 1069 3487 quibus
1122 3413 1471 3471 admovendi
1520 3431 1640 3470 non
1691 3415 1878 3481 erant,
1937 3432 2128 3488 poena
2174 3412 2525 3488 praecidere,
2560 3432 2736 3488 quam
2770 3412 3050 3470 infamem
3083 3428 3222 3486 pro—

598 3502 713 3559 nisi
760 3503 861 3576 qui
908 3519 1124 3578 magno
1169 3502 1231 3558 in
1274 3501 1467 3576 pretio
1499 3501 1878 3568 haberentur,
1937 3502 2148 3561 ducere
2182 3519 2317 3560 cum
2351 3502 2539 3560 sociis.
2601 3504 2682 3560 At
2715 3501 3050 3559 Ghislerius
3102 3500 3221 3558 Deo

598 3610 717 3649 non
781 3590 970 3648 solum
1034 3591 1108 3649 ob
1161 3590 1439 3665 pietatem
1493 3589 1881 3665 studiumque
1937 3591 2172 3649 afflante
2224 3610 2331 3649 ceu
2381 3590 2572 3649 futuri
2616 3591 2939 3665 praesciuS‚
2989 3589 3223 3647 Sixtum

597 3680 918 3754 religioniS,
955 3679 1057 3737 sed
1089 3679 1163 3736 ob
1196 3678 1504 3737 consilium
1537 3681 1599 3736 et
1618 3679 1880 3753 pruden-

599 3768 740 3825 tiam
758 3777 805 3824 <‘.
840 3768 1199 3825 Prodierunt
1224 3767 1352 3842 ejus
1374 3785 1551 3842 opera
1562 3764 1611 3847 Β)
1634 3770 1881 3825 curante

1937 3848 2119 3901 Adam
2146 3864 2262 3901 non
2329 3850 2589 3910 eccasset,
2617 3863 2790 3914 quam
2810 3845 3225 3915 impensissime

1938 3917 2201 3973 defendit
2299 3918 2590 3978 uolantum
2634 3916 2982 3988 D'Argentre
3032 3919 3226 3970 tamen

599 3989 823 4059 scriptis
875 3993 932 4042 et
980 3988 1475 4044 lucubrationibus
1514 3988 1883 4043 celebratissi-
1939 3990 2008 4043 de
2033 3988 2313 4058 praedest.
2342 4005 2399 4057 p.
2427 3993 2531 4046 130
2556 3992 2751 4044 monet
2769 4005 2899 4042 eum
2920 3992 3085 4043 caute
3107 4004 3226 4041 esse

601 4078 745 4115 mus.
795 4059 869 4112 Et
891 4076 1088 4114 revera
1127 4061 1345 4114 Markel
1385 4077 1441 4128 p.
1482 4064 1587 4117 275
1632 4060 1884 4130 plurima
1939 4059 2247 4130 legendum
2261 4059 2746 4115 circalibertatem
2764 4077 2892 4114 cum
2916 4059 3227 4130 praescien-

601 4131 855 4200 ejusdem
906 4134 1176 4197 recenset,
1229 4132 1369 4200 quin
1409 4131 1696 4201 significet
1743 4149 1883 4185 num
1941 4131 2023 4185 tia
2049 4129 2154 4185 Dei
2180 4131 2620 4186 conciliandam.
2671 4131 2813 4185 Cum
2849 4147 2982 4185 vero
3023 4131 3083 4183 in
3109 4131 3229 4184 suis

599 4201 819 4256 fuerint
859 4202 1028 4257 edita.
1079 4203 1216 4272 Ejus
1261 4201 1587 4273 explanatio
1635 4209 1688 4257 in
1726 4223 1803 4271 ep.
1833 4206 1883 4260 d.
1940 4201 2361 4256 commentariis
2387 4205 2448 4256 in
2475 4203 2675 4273 primis
2700 4203 2973 4273 dogmata
3012 4205 3071 4256 et
3102 4218 3227 4256 con-

597 4277 775 4328 Judae
802 4273 1019 4342 prodiit
1045 4273 1302 4328 Venetiis
1324 4277 1478 4331 1576.
1508 4273 1590 4327 Ea
1615 4274 1886 4344 graphice
1940 4273 2246 4327 troversias
2273 4273 2402 4328 fidei
2430 4275 2521 4328 vel
2548 4273 2771 4328 scholae
2799 4290 2899 4344 pro
2926 4273 3106 4327 oculis
3133 4274 3229 4326 ha-

603 4346 1014 4400 haereticorum
1040 4345 1275 4415 ingenia
1302 4343 1588 4400 describit.
1940 4345 2051 4409 bet,
2092 4344 2175 4396 ita
2214 4345 2284 4397 de
2324 4361 2390 4401 eo
2433 4345 2632 4399 statuit
2677 4345 2892 4411 Simon,
2931 4345 3074 4399 Hist.
3102 4345 3228 4398 crit.

679 4422 715 4472 Γ)
743 4415 1090 4471 Pallavicino
1120 4417 1262 4469 Hist.
1290 4433 1438 4469 cone.
1468 4415 1597 4470 trid.
1632 4416 1720 4478 VI,
1751 4420 1834 4472 14.
1941 4415 2021 4469 du
2033 4414 2179 4470 N.'r.
2196 4419 2358 4472 c.38:
2397 4415 2770 4479 „J.Naelante
2793 4459 2805 4472 .
2829 4456 2859 4480 .,
2886 4416 3013 4470 doit
3036 4415 3230 4486 plutot

674 4491 714 4558 ⁹)
743 4490 824 4543 Cf.
866 4487 1100 4553 Echard,
1144 4488 1454 4568 Scriptores
1494 4485 1557 4542 Ο.
1596 4486 1790 4541 Praed.
1817 4487 1887 4540 II.
1943 4489 2060 4541 etre
2086 4486 2249 4556 place
2291 4488 2473 4557 parmi
2516 4487 2597 4541 les
2632 4486 2985 4558 theologiens
3012 4489 3227 4541 contro·

599 4564 720 4616 202.
773 4559 967 4629 Magni
1009 4575 1137 4612 eum
1182 4560 1322 4612 facit
1360 4557 1766 4612 Thomassinus
1817 4557 1887 4611 de
1943 4557 2222 4621 versiones,
2265 4575 2376 4626 que
2405 4557 2591 4630 parmi
2632 4558 2714 4613 les
2753 4562 3228 4614 commentateurs

599 4630 818 4683 Incarn.
846 4631 885 4685 l.
911 4635 961 4686 8.
989 4647 1035 4685 c.
1062 4634 1111 4685 7.
1137 4635 1246 4694 §4;
1276 4629 1313 4683 l.
1341 4633 1392 4684 2.
1418 4646 1465 4687 c.
1492 4632 1542 4692 6,
1570 4629 1668 4683 ubi
1691 4646 1888 4683 eorum
1943 4629 2023 4683 du
2051 4629 2121 4683 N.
2152 4629 2244 4683 '12⁴⁶

600 4702 939 4755 sententiam
967 4699 1171 4768 rejicit,
1211 4700 1312 4768 qui
1337 4702 1579 4753 tuentur
1606 4700 1779 4755 Verbi
1804 4701 1886 4753 in·
2023 4704 2058 4770 ¹)
2089 4700 2172 4754 Cf.
2200 4700 2380 4771 Epist.
2409 4702 2709 4771 nuncupat
2733 4700 2836 4756 Pio
2864 4702 2932 4755 V.
2956 4701 3231 4771 inscripta

600 4772 987 4826 carnationem
1034 4771 1205 4824 etiam
1258 4771 1319 4824 in
1364 4771 1685 4840 hypothesi,
1732 4771 1889 4841 quod
1943 4771 2212 4827 Biblioth.
2240 4788 2375 4826 auae
2401 4775 2630 4827 sanctae
2657 4772 2920 4844 praefixa.
