3625 5193
582 277 745 331 1207
916 262 1111 315 1641-
1130 262 1285 316 1663.
1312 255 1506 310 Theol.
1535 258 1855 327 pastoralis.
1883 255 2178 328 Megalius,
2205 254 2454 318 Palafox,
2482 255 2738 308 Gebauer
2763 258 2868 309 etc.
3031 271 3195 325 1208

576 446 883 506 Cracoviae
923 453 1084 505 1662
1121 444 1184 502 10
1228 454 1332 512 16;
1366 445 1637 504 Coloniae
1671 454 1854 507 1697.
1910 443 2012 520 qui
2048 443 2183 500 aliis
2216 440 2619 501 occasionibus
2666 439 3090 500 aestimationis
3130 441 3200 498 in

576 534 1280 595 ——JoannesHuchon
1311 534 1372 591 in
1392 535 1539 593 urbe
1563 533 1855 593 insulensi
1912 533 2254 591 societatem
2296 530 2444 588 Jesu
2495 530 2665 606 signa
2711 530 2867 588 haud
2917 530 3198 605 ambigua

577 628 782 702 pastor
812 623 1086 683 ecclesiae
1117 642 1161 684 e.
1195 623 1511 682 Salvatoris
1552 623 1859 699 evulgavit
1913 621 2076 680 dedit
2107 614 2167 701 (†
2202 630 2300 682 30.
2335 620 2491 695 Sept.
2529 615 2740 698 1659).
2775 653 2860 660 -
2893 618 3072 677 Utilis
3104 623 3202 677 est

575 715 908 789 theoloyiam
960 714 1283 787 practicam
1343 714 1412 769 de
1468 713 1860 771 Sacramentis
1913 708 2225 768 Methodus
2257 709 2380 767 sive
2411 727 2618 766 norma
2655 708 2997 766 visitationis
3028 709 3197 766 eccle·

575 823 710 863 cum
756 801 1175 861 commentario
1221 800 1295 858 ad
1337 813 1386 863 1.
1434 820 1487 876 p.
1537 800 1861 860 Enchiridii
1911 801 2179 859 siasticae
2209 817 2317 873 pro
2350 798 2578 856 ratione
2627 797 2912 870 temporis
2943 797 3203 855 dioecesi

578 892 738 951 Petri
803 890 1193 950 Binsfeldi
1248 886 1327 968 (p.
1383 887 1575 970 355),
1639 889 1859 949 Insulis
1916 887 2383 948 wratislawiensi
2442 885 2879 945 accommodata
2941 906 2975 942 a
3024 887 3204 946 Petro

587 992 743 1043 1641
786 980 851 1037 in
892 988 1093 1041 12.—-—
1131 980 1439 1038 Marcellus
1474 979 1859 1056 Megalius
1917 979 2267 1038 Gebauer
2330 997 2364 1034 a
2429 974 2650 1052 Diirgai
2721 975 3204 1034 administratore

580 1072 716 1129 cler.
731 1089 851 1145 reg.
869 1068 1247 1145 Sqillacensis
1264 1066 1324 1148 (†
1340 1078 1437 1131 26.
1454 1069 1650 1127 Martii
1674 1064 1862 1144 1643)
1913 1068 2043 1126 1000
2065 1067 2166 1124 diu
2187 1065 2451 1125 absentis
2473 1065 2750 1140 episcopi,
2773 1063 3205 1132 archidiacone,

578 1160 844 1236 plurium
894 1177 1142 1233 operum
1194 1162 1403 1216 auctor
1419 1155 1462 1237 ¹)
1482 1203 1495 1229 ,
1548 1159 1704 1216 inter
1748 1157 1864 1215 alia
1918 1157 2143 1216 seniore
2175 1161 2236 1212 et
2273 1155 2444 1213 aulae
2492 1154 2843 1230 episcopalis
2888 1153 3205 1228 praefect0‚

578 1249 794 1307 edidit:
848 1247 1235 1306 Institutionis
1284 1249 1769 1321 confessariorum
1814 1253 1864 1303 et
1920 1244 2256 1321 Glogoviae.
2290 1244 2375 1302 Ex
2406 1244 2511 1301 illa
2541 1243 2765 1301 discere
2796 1243 3033 1300 tristem
3065 1242 3210 1300 licet

570 1338 977 1414 poenitentium
1000 1335 1201 1412 pp.111
1234 1341 1275 1395 t.
1297 1346 1332 1397 4
1352 1380 1366 1406 ‚
1403 1337 1668 1395 Mutinae
1701 1345 1860 1398 1618
1919 1334 2228 1412 religionis
2262 1332 2585 1392 catholicae
2617 1351 2721 1407 per
2768 1331 2900 1389 illas
2931 1332 3207 1408 regiones

583 1435 837 1489 ·-1621
893 1425 956 1483 10
1007 1437 1076 1494 4;
1128 1427 1369 1484 consilia
1415 1441 1515 1483 seu
1558 1427 1865 1484 decisiones
1919 1423 2333 1484 conditionem.
2380 1423 2522 1480 Erat
2567 1422 2777 1479 Petrus
2824 1420 3209 1497 Grosglaviae

581 1518 941 1574 diversorum
971 1533 1209 1573 camum
1243 1515 1582 1589 praesertim
1621 1514 1695 1572 ad
1727 1532 1862 1572 con·
1920 1518 2096 1572 natus
2133 1520 2185 1574 8.
2209 1513 2367 1586 Sept.
2398 1520 2581 1580 1575,
2617 1511 2834 1569 Romae
2867 1509 2930 1568 in
2950 1509 3206 1585 collegio

582 1604 866 1663 scientiae
888 1604 1080 1660 forum
1105 1604 1554 1678 pertinentium,
1589 1604 1668 1665 ib.
1698 1612 1861 1665 1625
1921 1602 2256 1680 germanico
2290 1600 2629 1669 institutuS,
2669 1600 2826 1658 unde
2862 1599 3042 1657 rediit
3073 1599 3210 1657 doc-

585 1694 645 1752 in
683 1703 753 1762 4;
802 1692 1283 1767 Promptuarium
1314 1693 1699 1767 theoloyicum,
1746 1709 1866 1749 mo-
1923 1697 2018 1751 tor
2037 1689 2442 1765 philosophiae
2475 1694 2537 1747 et
2569 1689 2918 1764 theologiae,
2952 1707 3209 1763 moxque

584 1782 1154 1855 mle-scholasticum,
1205 1784 1544 1839 canonicum
1594 1801 1661 1838 ac
1709 1781 1869 1838 civile
1924 1782 2113 1839 factus
2145 1796 2236 1837 est
2266 1779 2586 1838 canonicus
2619 1782 2679 1835 et
2705 1776 3083 1836 concionator
3116 1796 3214 1835 ca·

586 1871 957 1947 alphabetici
989 1871 1138 1929 serie
1172 1871 1585 1945 compositum,
1621 1869 1868 1944 Neapoli
1925 1869 2210 1928 thedralis
2243 1873 2424 1942 atque
2474 1868 2714 1926 altiores
2747 1866 3092 1924 conscendit
3125 1867 3218 1924 di·

593 1969 758 2022 1633
794 1979 846 2017 v.
883 1969 915 2020 2
952 1959 1016 2018 10
1048 1959 1117 2029 f.;
1149 1959 1373 2035 prodiit
1400 1965 1599 2017 tamen
1631 1962 1868 2016 tantum
1925 1959 2203 2036 gnitates.
2239 1953 2466 2036 01111151)
2492 1966 2546 2018 8.
2569 1956 2727 2031 Sept.
2759 1964 2944 2018 1646.
2967 1955 3221 2014 —Gui-

586 2057 629 2111 t.
660 2049 889 2125 primus
931 2068 1001 2106 ex
1033 2055 1323 2124 quatuor;
1374 2051 1674 2106 variarum
1714 2066 1868 2106 reso·
1926 2050 2143 2107 lelmus
2191 2046 2264 2104 de
2311 2045 2714 2121 Welsperg
2765 2046 3043 2102 alumnus
3096 2045 3222 2104 col·

584 2141 865 2197 lutionum
899 2140 1227 2213 moralium,
1269 2140 1678 2196 cano-nicarum
1709 2145 1759 2194 et
1790 2139 1869 2194 ci·
1925 2138 2063 2214 legii
2097 2135 2437 2213 germanici,
2480 2134 2737 2192 illustris
2783 2133 3060 2192 ecclesiae
3091 2135 3223 2192 bri-

586 2230 801 2302 viliu-m,
834 2227 911 2285 ib.
954 2238 1117 2290 1634
1153 2230 1194 2284 t.
1233 2237 1265 2287 2
1302 2228 1365 2285 in
1398 2228 1434 2285 f.
1478 2260 1564 2269 -—
1610 2226 1870 2286 «Ioannes
1928 2227 2187 2285 xinensis
2234 2224 2468 2299 praesul
2517 2217 2926 2305 (1628-41)
2975 2223 3226 2299 reliquit

588 2318 1054 2375 Franciseus
1106 2317 1456 2375 Rhemensis
1508 2316 1573 2377 Ο.
1624 2317 1759 2391 Cap.
1814 2312 1872 2395 (†
1927 2317 2160 2391 insigne
2207 2314 2571 2373 Sacerdotale
2601 2313 2969 2386 Brixinense,
3026 2322 3213 2380 1640,

599 2417 713 2468 165
728 2403 788 2485 8)
824 2407 887 2463 10
921 2406 1217 2482 theologia
1261 2406 1515 2481 mystica
1544 2409 1749 2463 auctor
1780 2404 1871 2461 in·
1928 2426 1962 2463 a
1994 2404 2333 2463 Baruffaldo
2360 2402 2775 2462 collaudatum.
2829 2435 2897 2444 —
2951 2401 3210 2459 Joannes

589 2496 778 2572 signis
830 2495 1079 2570 reliquit
1140 2495 1179 2557 l.
1229 2496 1553 2571 insriptum
1604 2495 1874 2551 Director
1932 2494 2198 2569 Baptista
2235 2485 2596 2550 *Escardo
2653 2492 2705 2548 S.
2757 2489 2813 2550 J.
2865 2489 3208 2557 Palmensis,

577 2585 865 2660 pacificus
896 2586 1373 2643 conscientiarum
1404 2605 1501 2660 pp.
1539 2593 1594 2653 2,
1631 2582 1873 2641 Parisiis
1929 2581 2341 2642 missionarius
2376 2582 2457 2660 (n.
2495 2589 2594 2642 23.
2627 2579 2762 2656 Maj.
2807 2589 3004 2648 1581;
3044 2577 3080 2645 †
3116 2587 3218 2641 23.

598 2682 761 2737 1638
797 2677 859 2731 et
896 2684 1061 2736 1643
1096 2678 1138 2731 t.
1166 2683 1232 2735 2:
1282 2674 1431 2731 Vera
1452 2675 1729 2747 perfectio
1762 2673 1869 2730 hu·
1929 2673 2072 2731 Jun.
2117 2668 2304 2740 1652)
2341 2670 2579 2744 scripsit
2611 2671 2916 2728 Rhetorica
2936 2669 3215 2728 Chr-[stia-

581 2764 684 2838 jus
720 2762 872 2820 vitae
916 2763 979 2820 10
1022 2762 1295 2822 exercitio
1343 2761 1715 2837 praesentiae
1747 2762 1871 2828 Dei,
1929 2782 2007 2820 na
2039 2763 2072 2819 ό
2105 2762 2242 2818 Idea
2274 2761 2344 2819 de
2391 2760 2476 2817 los
2524 2778 2639 2833 que
2686 2759 2905 2817 desean
2948 2756 3214 2832 predicar

591 2852 668 2910 ib.
730 2860 923 2919 1646;
990 2860 1186 2917 16483
1238 2851 1515 2927 Lugduni
1572 2860 1753 2912 1649.
1787 2885 1875 2892 -
1931 2870 2039 2909 000
2070 2850 2320 2925 espiritu
2349 2869 2388 2925 y
2422 2848 2611 2907 frutto
2644 2847 2716 2905 de
2750 2848 2836 2906 los
2872 2849 3066 2915 almaS,
3114 2863 3212 2903 es-

593 2939 824 3008 Quibus
870 2940 1122 2997 addatur
1153 2940 1412 2999 Joannes
1449 2940 1520 2999 de
1553 2939 1780 2998 Palas
1789 2958 1874 2997 ox
1930 2940 2178 2998 condida
2211 2959 2283 2997 en
2331 2939 2417 2997 los
2463 2938 2673 3007 aviSOS,
2723 2956 2838 3012 que
2872 2956 2933 2995 se
2978 2936 3098 2994 dan
3143 2953 3222 2993 en

591 3033 652 3087 et
684 3027 959 3086 Mendoza
1004 3030 1357 3105 Aragonius.
1406 3030 1510 3103 qui
1558 3032 1877 3103 postquam
1930 3033 2022 3087 est
2055 3029 2206 3087 libro
2256 3048 2401 3103 para
2445 3027 2708 3085 declarar
2753 3027 2811 3084 la
2855 3025 3099 3101 parabla
3150 3025 3227 3083 de

592 3118 819 3177 obierat
880 3136 1127 3175 munera
1187 3118 1506 3176 honorifica
1568 3117 1873 3187 secularia,
1937 3118 2071 3176 Dios
2105 3137 2212 3176 con
2246 3115 2533 3191 provecho
2581 3116 2653 3173 de
2687 3116 2774 3173 los
2807 3118 3050 3191 oyentes
3087 3121 3223 3183 etc„

592 3207 747 3266 viam
768 3207 905 3265 iniit
923 3207 1276 3274 clericalem,
1311 3207 1618 3281 factusque
1640 3210 1733 3264 est
1753 3206 1875 3280 epi·
1933 3207 2209 3265 Mallorca
2251 3214 2410 3267 1647
2462 3205 2526 3261 10
2561 3214 2615 3266 4.
2654 3238 2731 3248 --
2770 3203 2877 3263 Cui
2920 3202 3071 3261 adde
3129 3221 3226 3261 so·

592 3315 803 3373 scopus
847 3296 1350 3373 angelipolitanus
1397 3292 1646 3376 (Puebla
1685 3294 1757 3353 de
1790 3296 1876 3353 los
1932 3296 2126 3354 dalem
2175 3296 2496 3353 Robertum
2544 3294 2648 3352 Gu
2661 3298 2839 3370 yart
2884 3291 3128 3350 Gallum
3164 3289 3229 3371 (†

593 3382 880 3468 Angelos)
927 3386 992 3444 in
1042 3405 1194 3445 nova
1238 3386 1527 3460 Hispania
1574 3384 1877 3443 Americae
1941 3396 2034 3448 16.
2071 3385 2239 3442 Mart.
2281 3379 2492 3464 1663),
2540 3383 2710 3458 cujus
2755 3386 2848 3441 est
2894 3381 2977 3438 Le
3023 3382 3231 3439 Sairzct

593 3472 838 3556 (1639),
890 3477 1232 3535 mexicanae
1265 3474 1596 3551 provinciae
1642 3492 1875 3547 prorex,
1934 3474 2275 3533 Clearactere
2318 3473 2386 3530 de
2435 3470 2774 3547 l’eloquence
2821 3470 3016 3529 sacrae
3070 3489 3226 3544 vray

590 3565 831 3623 demum
896 3565 1232 3624 oxumensis
1307 3564 1583 3623 ecclesiae
1643 3562 1881 3639 praesul
1933 3570 2367 3638 contrapoyson
2387 3561 2458 3619 de
2491 3561 2923 3634 l'Eloquencea
2954 3560 3013 3616 la
3031 3557 3222 3617 Mode.

597 3650 840 3734 (1653).
872 3655 1139 3730 Reliquit
1171 3654 1426 3729 plurima
1455 3654 1692 3729 scripta,
1727 3671 1879 3728 quae
1934 3653 2163 3710 Extrait
2193 3652 2295 3709 des
2329 3651 2468 3726 plus
2496 3650 2818 3724 Eloquents
2852 3649 3114 3707 hommes
3138 3646 3226 3704 du

593 3744 837 3801 collecta
868 3745 1217 3817 prodierunt
1248 3743 1474 3802 Matriti
1517 3751 1678 3805 1762
1715 3746 1758 3803 t.
1801 3752 1872 3803 15
1934 3742 2146 3799 Monde
2180 3741 2241 3797 11.
2281 3750 2333 3809 3,
2370 3742 2421 3798 A
2454 3741 2513 3797 la
2544 3739 2754 3797 Fleche
2795 3747 2977 3801 1638.

596 3833 658 3888 in
697 3840 773 3893 13
809 3850 861 3887 v.
894 3832 956 3888 in
987 3832 1042 3901 f.,
1094 3832 1246 3890 inter
1283 3851 1431 3906 quae
1480 3832 1705 3889 multae
1738 3833 1880 3888 sunt

596 3918 1015 3977 instructiones
1057 3919 1394 3996 pastorales
1442 3920 1647 3994 Neque
1681 3925 1879 3977 tamen
2028 3928 2173 3981 529.
2207 3919 2451 3976 Selectas
2471 3926 2520 3976 et
2529 3920 2830 3991 practicas
2850 3916 3227 3974 resolutiones

598 4008 755 4064 hisce
800 4006 941 4063 adeo
974 4007 1150 4067 debet
1195 4009 1290 4066 sui
1322 4009 1575 4067 nominis
1627 4007 1879 4066 celebri·
1935 4008 2005 4066 de
2038 4008 2268 4066 casibus
2301 4015 2563 4082 tempore
2597 4008 2807 4064 mortis
2854 4004 3223 4063 occurrent-i-

596 4100 800 4165 tatem,
837 4115 1014 4170 quam
1047 4098 1169 4155 suis
1202 4114 1335 4154 cum
1361 4097 1614 4156 Jesuitis
1649 4101 1877 4155 contro·
1933 4098 2047 4155 bus
2079 4101 2199 4155 tam
2247 4098 2309 4154 in
2353 4095 2866 4153 administratione
2912 4098 2974 4151 et
3017 4110 3224 4167 recep-

598 4185 818 4247 versiiS.
866 4185 928 4242 in
962 4185 1180 4260 quibus
1212 4186 1392 4245 nimio
1425 4206 1531 4261 pro
1573 4187 1698 4245 suis
1724 4187 1877 4261 juri·
1936 4187 2095 4244 tione
2142 4189 2638 4244 sacramentorum
2679 4203 2855 4258 quam
2901 4183 2965 4240 in
3009 4182 3226 4240 ceteris

596 4276 710 4333 bus
742 4276 863 4333 zelo
895 4284 1094 4334 motus
1139 4275 1610 4335 mansuetudinis
1656 4275 1879 4333 limites
1937 4276 2008 4332 ad
2042 4294 2177 4333 eum
2211 4274 2549 4335 conflictum
2583 4273 2848 4331 omnium
2897 4271 3226 4329 maximum

597 4360 925 4443 excessit2).
973 4365 1106 4424 Non
1138 4368 1334 4424 tamen
1366 4382 1651 4441 negamus
1697 4364 1878 4439 insig-
1935 4365 2342 4439 spectantibus
2388 4363 2553 4421 dedit
2600 4363 2812 4420 Petrus
2854 4361 2996 4419 Ain
3012 4379 3100 4436 go
3151 4359 3230 4417 de

597 4474 733 4512 nem
780 4472 916 4512 eum
967 4455 1147 4513 tuisse
1193 4454 1534 4529 episcopum
1568 4453 1640 4510 de
1684 4453 1879 4510 salute
1941 4490 1984 4494 —
2035 4490 2046 4493 ν

598 4543 927 4600 animarum
946 4544 1056 4601 sibi
1074 4544 1513 4602 commissarum
1534 4542 1878 4609 sollicitum,
2015 4539 2052 4603 ¹)
2081 4534 2161 4589 Cf·
2213 4536 2307 4590 Dr·
2355 4533 2624 4614 Jungnitz
2669 4531 3117 4611 Archidiacquus
3163 4529 3225 4584 P.

1938 4607 2211 4660 Gebauer.
2261 4605 2366 4659 Ein
2408 4604 2547 4659 Ze1t-
2586 4604 2700 4657 und
2741 4601 3079 4658 Lebensbild
3117 4616 3228 4655 aus

884 4748 901 4758 ,
1937 4678 2037 4731 der
2076 4678 2270 4732 schleS.
2313 4676 2746 4745 Kirchengesch.
2784 4675 2882 4728 des
2909 4678 2992 4731 17.
3019 4671 3224 4726 Jahrb.

676 4752 717 4885 ὲ)
745 4747 825 4869 32:
854 4747 1376 4881 003011ὲὲ0,
1937 4745 2941 4875 32ffi²sz³33515³21÷¹15⁰b⁶³<³⁶⁵⁰¹²
2971 4743 3064 4797 ‘¹⁶³
3083 4742 3226 4797 ⁰⁰¹¹·

608 4685 647 4689 -—
668 4684 919 4691 —-..——-.
