3625 5193
611 201 679 254 11
696 200 774 253 35
933 184 1302 238 1641—1663.
1330 179 1473 233 Hist.
1501 179 1766 233 ordinum
1791 181 1852 234 et
1875 180 2228 235 missionum.
2254 180 2537 243 Brasseur,
2565 178 2798 248 Huynes
2823 180 2930 233 etc.

3070 197 3099 248 l
3121 197 3256 249 136

603 386 736 438 nus,
757 367 949 443 patria
967 366 1450 436 Interamnensis,
1482 364 1892 441 philosophiae
1947 369 2065 425 est:
2119 366 2386 442 On’yines
2435 366 2692 424 omnium
2725 364 3077 424 Harmoniae
3121 383 3263 423 coe·

606 461 669 517 et
686 455 1018 532 theologiae
1039 455 1241 524 lector,
1277 474 1525 514 munere
1554 454 1893 515 chronistae
1947 456 2250 515 nobiorum
2299 464 2334 518 8
2388 454 2450 516 ll.
2500 453 2763 513 breviter
2810 454 3076 531 digestae
3095 498 3110 523 ‚
3164 454 3261 512 ib.

606 564 746 605 suae
790 544 1128 620 provinciae
1175 543 1419 603 functus
1451 546 1561 605 est.
1627 543 1893 603 Decessit
1957 554 2121 608 1650
2156 544 2222 604 in
2263 553 2359 606 12.
2388 576 2474 587 ·—-
2493 543 2832 603 Ludovicus
2863 544 3202 602 Beurrie
3221 563 3261 601 r

605 635 701 694 die
746 652 924 709 quem
969 631 1340 709 praedixerat
1391 642 1488 696 16.
1530 634 1672 708 Apr.
1723 642 1888 697 1658
1949 634 2014 696 Ο.
2047 634 2198 694 Coel.
2230 633 2607 693 carnotensis
2641 626 2701 713 (†
2741 641 2836 696 18.
2857 633 3000 708 Apr.
3045 629 3261 712 1645)

605 723 831 783 relictis
865 721 1140 797 pluribus
1186 722 1485 797 operibus,
1534 722 1693 780 inter
1739 740 1892 797 quae
1954 727 2161 783 narrat
2206 721 2334 781 Vies
2381 723 2451 780 de
2476 722 2821 795 fondateurs
2864 724 2926 781 et
2958 721 3262 780 reforma-

619 811 927 872 Theatrum
957 811 1304 886 triumphale
1336 811 1458 870 sive
1488 811 1664 870 index
1692 829 1892 869 rerum
1949 817 2116 871 teurs
2149 811 2254 869 des
2289 811 2495 870 ordres
2517 811 2822 887 religieux,
2856 810 3024 869 Paris
3054 819 3258 879 1635,

605 900 958 961 notabilium
1002 918 1142 959 suae
1187 900 1518 976 provinciae
1554 899 1894 958 Lusitaniae
1950 920 2101 977 opus
2152 900 2398 959 minoris
2448 899 2643 976 pretii.
2726 900 2931 958 Melior
2985 903 3077 958 est
3131 898 3258 958 Hi-

606 990 739 1049 XVI
761 989 953 1048 choris
971 989 1339 1059 distinctum,
1370 988 1670 1063 Olisipone
1699 995 1890 1053 1634;
1949 993 2125 1049 stoire
2156 990 2237 1047 du
2271 990 2591 1047 monestere
2621 990 2720 1047 des
2738 988 3006 1047 Gelestins
3038 989 3109 1046 de
3130 987 3257 1046 Pa-

607 1080 717 1138 LL.
742 1089 776 1141 3
805 1079 875 1136 de
907 1079 1052 1136 viris
1085 1078 1409 1138 illustribus
1439 1077 1894 1152 antiquissimae
1950 1081 2054 1155 ris,
2100 1087 2266 1141 1634
2301 1079 2366 1136 in
2402 1088 2458 1139 4.
2519 1077 2888 1136 Introductio
2935 1077 3009 1136 ad
3050 1077 3255 1137 scien-

608 1167 943 1244 provinciae
974 1166 1393 1226 Lusitanian.
1412 1167 1505 1227 Fr.
1527 1168 1583 1224 S.
1603 1167 1776 1243 Aug„
1809 1165 1894 1223 ib.
1949 1168 2097 1227 tiam
2142 1168 2212 1225 de
2254 1169 2650 1242 sacramentis,
2702 1165 2782 1225 ib.
2821 1176 2978 1229 1631
3040 1165 3104 1223 in
3148 1175 3255 1228 12.

617 1267 816 1325 16423
853 1256 1233 1332 Chronoloyia
1263 1257 1581 1314 monastica
1614 1256 1893 1328 lusitana,
1952 1290 2039 1303 --
2089 1257 2349 1316 Histoire
2401 1255 2666 1333 ρέηέναίο
2723 1257 2792 1314 de
2845 1255 2886 1313 l'
2903 1255 3120 1331 abbaye
3165 1257 3252 1313 du

609 1346 674 1404 in
707 1365 823 1422 qua
854 1363 1056 1405 omnes
1090 1345 1279 1404 sancti
1309 1364 1376 1403 ac
1406 1344 1586 1415 beati,
1622 1362 1687 1404 ac
1716 1344 1893 1404 etiam
1953 1347 2114 1405 Mont
2145 1346 2228 1409 δῖ.
2260 1341 2473 1405 Michel
2502 1364 2580 1403 au
2610 1345 2765 1421 peril
2795 1344 2869 1403 de
2898 1345 2958 1402 la
2988 1363 3115 1402 mer
3134 1344 3246 1403 Jo-

610 1434 978 1494 venerabiles
1009 1452 1287 1509 personae
1328 1434 1651 1510 regulares,
1696 1433 1801 1509 qui
1832 1433 1896 1490 in
1952 1435 2124 1496 annis
2157 1436 2476 1511 Huynes
2509 1434 2573 1492 Ο.
2609 1434 2663 1493 S.
2696 1435 2839 1494 Ben.
2871 1433 3084 1509 prioris
3114 1451 3250 1492 mo·

612 1522 949 1582 Lusitaniae
1003 1522 1200 1598 reguis
1259 1522 1508 1597 ejusque
1567 1521 1896 1581 ditionibus
1952 1525 2200 1585 nasterii
2245 1543 2288 1582 s.
2324 1523 2607 1583 Florentii
2654 1541 2839 1599 prope
2881 1522 3252 1581 Salmurium

612 1615 788 1671 natae
820 1615 926 1669 aut
957 1612 1226 1686 sepultae
1273 1614 1435 1682 sunt,
1484 1610 1894 1686 perhibentur,
1953 1615 2017 1673 in
2038 1613 2292 1673 dioecesi
2315 1612 2709 1690 andegavensi
2729 1605 2812 1693 (fl.
2839 1605 3051 1690 1647),
3072 1613 3252 1687 cujus

611 1700 807 1776 quoad
838 1699 966 1758 fieri
997 1701 1214 1774 potuit,
1261 1699 1605 1758 fidelissime
1650 1718 1717 1759 ac
1757 1699 1895 1757 bre·
1953 1704 2131 1762 etiam
2164 1703 2476 1762 historiam
2510 1701 2845 1778 scripserat,
2879 1698 3105 1774 prodiit
3139 1700 3254 1758 de-

612 1789 852 1848 vissime
871 1788 1228 1859 referuntur,
1249 1788 1328 1848 ib.
1355 1799 1381 1850 1
1398 1798 1432 1850 6
1447 1797 1520 1851 42
1545 1788 1609 1845 in
1627 1798 1663 1850 4
1679 1810 1693 1859 3
1714 1788 1895 1847 Chro-

613 1878 744 1937 nica
775 1879 842 1934 de
871 1879 1273 1954 antiquissima
1310 1878 1607 1953 provincia
1650 1878 1719 1936 de
1749 1876 1897 1936 Por-

614 1966 771 2044 tuyal
803 1966 878 2024 da
908 1965 1093 2025 orden
1123 1966 1228 2026 dos
1266 1967 1558 2026 Eremitas
1590 1966 1663 2025 de
1693 1967 1746 2030 S.
1765 1967 1896 2042 Ag„

615 2056 690 2118 ib.
731 2074 828 2131 pp.
862 2063 894 2115 2
941 2064 1128 2117 1642.
1159 2087 1248 2099 —-
1287 2055 1544 2114 Didacus
1592 2076 1625 2113 a
1659 2057 1898 2114 Matre

614 2145 722 2204 Dei
754 2144 1080 2203 Toletanus
1113 2143 1368 2203 vicarius
1400 2145 1692 2221 generalis
1726 2144 1791 2201 Ο.
1820 2160 1898 2204 ss.

616 2234 778 2295 Trin.
808 2233 950 2291 Bed.
976 2233 1138 2308 Capt.
1158 2234 1493 2308 composuit
1515 2231 1802 2291 Chronica
1832 2232 1901 2290 de

616 2324 701 2382 los
731 2322 1036 2381 Descalzos
1066 2323 1135 2380 de
1165 2323 1224 2381 la
1250 2322 1355 2383 SS.
1383 2322 1687 2391 Trinidad,
1730 2330 1895 2383 1652

616 2430 717 2488 pp.
755 2419 789 2474 2
824 2414 934 2473 etc.

708 2544 851 2598 493.
899 2535 1114 2592 Petrus
1148 2534 1427 2593 Rovier
1458 2530 1794 2615 (Boverius)
1844 2533 1899 2591 S.

614 2624 674 2686 J.
707 2624 1140 2683 Avenionensis
1184 2624 1250 2681 in
1293 2624 1488 2682 literis
1537 2623 1899 2682 humaniori-

616 2713 730 2772 bus
763 2712 1048 2771 excellens
1082 2708 1144 2792 (†
1170 2708 1363 2794 1649)
1396 2716 1604 2771 auctor
1634 2715 1727 2771 est
1758 2730 1900 2786 ope·

617 2804 733 2860 ris:
782 2802 1070 2859 Reomaus
1114 2819 1219 2859 seu
1263 2800 1509 2859 historia
1554 2801 1903 2860 monasterii

618 2909 664 2949 s.
698 2889 947 2948 Joannis
977 2889 1352 2948 Reomaensis
1381 2890 1445 2947 in
1476 2892 1679 2949 tractu
1709 2889 1901 2966 liugo-

618 2977 790 3037 nensi
835 2977 1146 3052 primariae
1188 2978 1345 3037 inter
1376 2979 1587 3055 gallica
1619 2978 1904 3037 coenobia

618 3066 997 3141 antiquitatis
1038 3067 1111 3125 ab
1144 3088 1194 3126 a.
1228 3067 1447 3127 Christi
1480 3077 1624 3131 430.
1658 3067 1903 3125 collecta

619 3158 680 3215 et
710 3155 1029 3214 illustrata.
1052 3189 1136 3199 -
1157 3157 1365 3232 Neque
1384 3156 1782 3232 praetermitti
1802 3156 1902 3214 de-

621 3245 722 3304 bet
754 3244 1071 3320 Philippus
1103 3245 1482 3304 Brasseur
1524 3245 1707 3321 Belga
1738 3244 1903 3302 Mon·

619 3334 785 3393 tibus
833 3353 888 3391 n.
945 3345 969 3394 1
988 3343 1131 3403 597,
1183 3334 1499 3393 canonicus
1547 3329 1608 3414 (†
1643 3342 1743 3395 24.
1777 3332 1903 3393 Oct.

1952 1812 2117 1851 mum
2148 1810 2290 1850 cura
2320 1791 2469 1867 Eug.
2504 1790 2580 1848 da
2609 1789 3020 1864 Beaurepaire,
3065 1789 3251 1847 Roto-

1955 1882 2112 1958 magi
2182 1888 2365 1946 1872.
2417 1912 2501 1922 —
2554 1879 2824 1955 Denique
2877 1877 3253 1936 Philibertus

1958 1972 2210 2029 Monet
2260 1969 2317 2031 S.
2359 1968 2414 2028 J.
2465 1968 2677 2044 gallus,
2729 1967 2971 2044 linguae
3021 1967 3252 2025 latinae

1955 2059 2355 2135 peritissimus
2389 2054 2450 2139 (†
2475 2067 2546 2119 31
2577 2057 2750 2116 Mart.
2787 2051 2979 2137 1643)
3012 2060 3255 2131 praeter

1954 2149 2145 2206 multa
2155 2147 2230 2206 ad
2247 2148 2452 2206 literas
2469 2146 2846 2205 humaniores
2861 2145 3190 2220 spectantia
3205 2143 3254 2222 1)

1956 2237 2337 2296 concinnavit
2399 2237 2600 2293 literas
2644 2253 2876 2293 annuas
2916 2234 3043 2297 Soc.
3101 2232 3252 2291 Jesu

1958 2346 2008 2385 a.
2068 2334 2433 2396 1612-14,
2489 2324 2770 2400 Lugduni
2825 2330 3016 2386 1618.
3081 2332 3248 2385 1619

1956 2419 1999 2476 t.
2036 2424 2090 2476 2.
2126 2447 2212 2459 —-
2242 2413 2500 2473 Jacobus
2546 2412 2931 2472 d‘Amiens
2979 2407 3250 2490 (Damia-

1955 2498 2097 2586 nus)
2122 2505 2174 2562 S.
2196 2502 2252 2565 J.
2272 2502 2692 2562 Atrebatensis
2712 2500 2790 2579 (n.
2816 2512 2872 2564 6.
2892 2501 2932 2560 J
2935 2520 3028 2559 an.
3056 2510 3249 2567 1599,

1957 2589 1993 2658 †
2034 2604 2126 2657 16.
2162 2593 2298 2657 Dec.
2351 2587 2546 2671 1650)
2593 2591 2904 2667 proposuit
2948 2590 3255 2666 synopsim

1954 2680 2138 2759 primi
2186 2682 2360 2741 seculi
2411 2681 2708 2740 Societatis
2756 2681 2899 2740 Jesu
2911 2725 2931 2756 ,
2999 2679 3252 2739 Tornaci

1966 2782 2125 2836 1641
2164 2772 2230 2830 in
2260 2771 2318 2843 f.,
2351 2789 2500 2847 opus
2532 2769 2919 2839 rarissimum,
2959 2768 3121 2845 quod
3156 2769 3252 2826 in-

1947 2861 2249 2930 cendium,
2296 2864 2369 2919 ut
2400 2859 2610 2929 fertur,
2657 2857 3060 2935 absumpserit
3090 2856 3252 2916 inte-

1957 2970 2126 3027 gram
2158 2949 2282 3007 fere
2314 2948 2742 3024 exemplarium
2772 2947 3018 3024 copiam.

2051 3101 2196 3155 494.
2230 3092 2377 3151 Cum
2408 3091 2517 3148 hoc
2551 3090 2748 3148 seculo
2772 3090 3076 3147 missiones
3095 3088 3255 3146 mul-

1959 3187 2088 3242 tum
2109 3183 2406 3250 florerent,
2440 3197 2562 3238 non
2580 3178 2902 3237 defuerunt
2921 3178 3024 3252 qui
3046 3177 3250 3253 copio-

1959 3291 2052 3331 sas
2084 3271 2156 3329 de
2188 3271 2264 3329 iis
2298 3268 2647 3345 colligerent
2676 3267 2940 3326 notitias.
3004 3266 3255 3324 Praeter

1959 3362 2165 3420 Franc.
2201 3359 2328 3417 Col
2348 3358 2420 3416 in
2452 3356 2734 3432 aliosque,
2768 3355 2842 3414 de
2873 3355 3096 3432 quibus
3116 3374 3147 3412 e
3158 3355 3255 3431 gi-

629 3434 743 3486 165
758 3418 840 3501 9).
887 3422 1286 3481 Illustrandae
1317 3424 1474 3481 enim
1507 3421 1789 3481 historiae
1810 3440 1902 3480 ec·
1963 3468 2095 3508 mus
2128 3468 2229 3507 nn·
2250 3445 2541 3523 praeced„
2576 3446 2693 3505 huc
2725 3447 3001 3521 Spectant
3018 3444 3064 3501 F
3081 3464 3112 3502 ι.
3125 3463 3159 3502 3
3179 3462 3253 3501 n,

620 3511 979 3572 clesiasticae
1012 3511 1355 3570 Harmoniae
1400 3514 1566 3570 totus
1607 3510 1902 3579 incubuit,
1962 3540 2198 3597 oiscug
2218 3535 2661 3612 Andegavengis
2678 3532 3257 3609 0·03p‚qujd0301·i-

622 3620 799 3677 quam
832 3601 1105 3660 versibus
1130 3601 1396 3671 heroicis,
1432 3601 1706 3676 pluribus
1727 3600 1905 3658 editis
2003 3628 2082 3685 sit
2113 3628 2440 3685 Hgstorgam
2489 3625 2781 3683 „2533502253
2812 3622 2932 3680 FF,
2969 3622 3052 3680 00
3211 3623 3224 3634 ·

620 3689 856 3759 libellis,
890 3690 995 3765 qui
1025 3709 1143 3749 non
1176 3691 1377 3748 carent
1396 3690 1586 3765 pretio
1608 3689 1903 3758 historice,
1960 3647 2170 3774 {orum
2214 3708 2290 3774 ad
2337 3733 2589 3792 regnum
2619 3711 2905 3771 Marochii
2951 3711 3015 3769 in
3048 3641 3257 3768 m

622 3779 961 3837 celebravit.
1011 3779 1397 3838 constituunt
1428 3779 1544 3853 ipsi
1564 3798 1753 3837 unum
1775 3796 1904 3836 cor-

622 3884 735 3941 1³⁰⁴s
769 3866 1120 3940 inscriptum
1155 3866 1208 3923 P
1203 3868 1508 3925 '‘OdrOmW
1534 3866 1906 3940 Hamwniassae
1963 3892 2085 3941 trus
2113 3885 2154 3940 C
2171 3904 2202 3940 o
2220 3903 2249 3939 e
2267 3904 2306 3939 n
2323 3904 2348 3940 s
2373 3883 2649 3947 Halensis,
2687 3880 2986 3936 canonicus
3012 3882 3258 3933 antwer-

625 3954 688 4009 in
710 3971 830 4026 quo
846 3952 1128 4011 describit
1143 3958 1307 4029 gesta
1321 3973 1543 4023 eorum,
1568 3955 1671 4029 qui
1689 3954 1906 4012 sancti·
1961 3958 2173 4028 piensis
2202 3961 2249 4028 (†
2275 3962 2323 4013 7.
2344 3958 2488 4027 Aug.
2511 3958 2670 4024 1645)
2698 3970 2814 4007 uon
2838 3950 3122 4006 inerudite
3144 3951 3256 4005 dis-

624 4044 770 4107 tate,
788 4038 1097 4116 dignitate,
1112 4042 1357 4100 scientia
1368 4043 1717 4104 floruerunt.
1738 4043 1908 4101 Prior
1960 4029 2192 4100 ‘putav'st
2217 4033 2281 4083 de
2305 4032 2509 4097 oriqtm
2536 4030 2897 4095 Bssfffnafflm
2922 4034 2968 4078 εἰ
2989 4026 3255 4091 Beqlu‘na-

629 4146 765 4204 pars
793 4128 1180 4205 Paneyyricus
1211 4137 1538 4189 sanctorum
1562 4130 1909 4190 Harmoniae

1958 4106 2174 4170 yion-um
2215 4103 2398 4170 Belqa't',
2441 4115 2568 4151 cum
2603 4094 2892 4151 ad‘unctis
2919 4094 3090 4157 notiS,
3132 4093 3256 4162 qui-

1961 4173 2064 4226 bus
2080 4170 2388 4226 declaratio
2404 4169 2679 4239 veridica(
2732 4184 2761 4221 e
2773 4186 2811 4247 g
2821 4183 2852 4247 e
2862 4166 2924 4219 ri
2943 4182 3057 4220 van
3073 4164 3257 4217 Hont·

627 4218 847 4293 prodiit
878 4218 1184 4277 montibus
1239 4228 1438 4289 1644;
1486 4221 1672 4278 albem
1731 4221 1908 4279 Thea·
1963 4262 2085 4297 sum
2111 4239 2556 4311 Antverpiensis,
2597 4254 2853 4292 canonici
2877 4240 2938 4292 et
2958 4235 3257 4306 poeniten-

627 4315 782 4366 trum
816 4308 1180 4366 abbatiarum
1203 4308 1280 4366 ib.
1310 4318 1471 4372 1645
1497 4309 1560 4368 in
1588 4320 1697 4380 123
1729 4309 1909 4368 tertia
1965 4314 2121 4368 tiarii
2162 4312 2505 4367 cathedralis
2544 4321 2572 4373 τ
2598 4315 2682 4368 19.
2710 4308 2837 4363 Jan.
2881 4311 3057 4378 1643).
3098 4306 3257 4375 quod

628 4416 685 4472 p·
738 4397 960 4473 sydera
1009 4399 1323 4456 gumerium
1378 4400 1767 4473 30r5p30mm‚
1827 4397 1906 4458 ib,
1964 4385 2253 4456 Beghinae
2278 4399 2505 4447 nomen,
2531 4380 2861 4435 institutum
2888 4382 2945 4433 et
2970 4378 3254 4449 originem

637 4495 796 4550 1637
842 4486 905 4545 in
947 4495 1039 4549 12.
1101 4487 1245 4546 Tota
1286 4488 1554 4547 collectio
1600 4490 1692 4546 est
1730 4487 1908 4545 raris·

1964 4457 2218 4512 habeant
2254 4472 2288 4508 a
2328 4473 2369 4508 s.
2398 4454 2590 4536 Begga
2629 4450 2970 4533 Brabantiae
3010 4449 3255 4530 ducissa,

1963 4528 2300 4591 illustratur,
2338 4524 2551 4589 Leodu,
2579 4528 2719 4582 1629
2758 4541 2817 4575 in
2845 4526 2897 4579 8.
2941 4522 3066 4591 Ipse
3104 4518 3255 4573 illud

626 4576 775 4634 sima
806 4577 999 4651 plane.
1050 4576 1290 4635 Praeter
1321 4577 1438 4635 alia
1454 4572 1500 4657 ¹)
1522 4578 1651 4652 ejus
1670 4593 1909 4652 quoque
1965 4599 2190 4654 ἀπίης,
2207 4614 2240 4651 a
2257 4597 2553 4651 Lamberto
2574 4594 2627 4649 ιθ
2641 4596 2686 4647 Β
2703 4613 2732 4650 e
2746 4613 2785 4664 g
2800 4611 2840 4647 u
2854 4611 2900 4659 e,
2921 4592 3250 4662 presbytero

710 4750 744 4817 ι)
772 4746 852 4800 Cf.
894 4745 1084 4816 Biogr.
1124 4746 1343 4802 nation.
1382 4746 1526 4815 belg.
1558 4746 1621 4811 11,
1647 4749 1768 4803 909.
1810 4743 1909 4797 Pe-

1962 4669 2255 4734 leodiensi,
2284 4669 2386 4739 qui
2412 4667 2604 4723 floruit
2630 4664 2776 4721 circa
2801 4680 2856 4721 a.
2881 4667 3035 4722 1173.

2043 4746 2081 4813 ¹)
2109 4742 2190 4795 cf.
2218 4739 2639 4810 Sommervogel
2664 4737 2731 4804 V,
2759 4736 3126 4794 1207—1212.
