3625 5193
609 275 769 329 1091

1295 258 1492 311 1641-
1507 257 1665 311 1663.
1690 253 2038 325 Patrologia.
2066 257 2260 323 Mer10,
2288 258 2545 326 Vigerus.

3063 272 3230 326 1092

604 449 666 505 et
696 442 1015 519 perfectius
1061 460 1266 501 vacare
1309 446 1532 518 posset,
1579 444 1717 501 voto
1751 461 1883 520 spe·
1941 444 2105 503 Petri
2139 442 2427 512 Damiani,
2463 442 2622 501 Petri
2652 441 2968 507 Blesensis‚
3005 440 3234 499 Salvia-

605 534 736 593 ciali
770 531 1151 607 cupiditatem
1180 531 1446 608 plurium
1467 531 1884 590 beneficiorum
1941 534 2005 591 ni
2036 533 2206 591 novis
2240 531 2623 599 sectionibus,
2670 531 2991 606 prooemiis
3021 534 3085 589 et
3126 549 3235 587 an·

603 628 664 683 et
696 621 1078 680 ambitionem
1099 620 1411 696 dignitatis
1437 620 1549 679 sibi
1572 620 1884 694 praecidit:
1942 621 2352 681 notationibus
2385 620 2695 679 illustrata.
2735 618 3067 678 Paradisue
3097 621 3234 676 ani-

602 729 815 786 corpus
849 727 1024 768 suum
1059 710 1134 768 ob
1176 709 1502 768 indefessos
1549 709 1882 768 studiorum

602 802 835 860 labores
867 817 986 857 non
1032 799 1176 858 adeo
1208 799 1471 856 validum
1504 799 1731 869 ciliciis,
1778 815 1886 857 no-

603 890 762 949 dosis
806 887 1109 957 funiculis,
1153 887 1401 963 jejuniis
1434 890 1496 945 et
1539 888 1888 962 quotidiana

602 979 722 1038 fere
767 976 966 1035 inedia
1014 977 1372 1047 macerabat,
1423 979 1495 1034 ut
1538 977 1885 1035 thesaurum

604 1067 892 1126 castitatis
914 1065 1146 1124 cautius
1167 1065 1490 1124 custodiret
1506 1109 1520 1136 ‚
1552 1066 1684 1124 ideo
1708 1067 1886 1124 etiam

603 1156 813 1215 multis
847 1155 1018 1213 annis
1053 1154 1337 1213 familiam
1368 1153 1527 1212 domi
1563 1173 1683 1213 non
1715 1155 1884 1223 aluit,

602 1248 841 1322 paratos
885 1263 917 1301 e
963 1244 1134 1302 domo
1179 1243 1376 1302 vicina
1416 1243 1578 1302 cibos
1624 1245 1887 1320 accipere

605 1334 836 1401 solitus,
873 1350 940 1390 ac
959 1333 1100 1391 licet
1122 1333 1414 1407 supremis
1436 1333 1605 1390 annis
1624 1351 1886 1392 sororem

1943 730 2069 769 mae
2100 712 2465 780 christianae,
2488 709 2759 769 Coloniae
2785 718 2973 777 1630,
3007 710 3234 767 iterum

1943 800 2164 876 prodiit
2198 799 2544 857 Dulmaniae
2583 805 2767 862 1898.
2794 832 2874 840 —
2905 796 3232 857 Eusebii

1942 887 2233 964 Pamphili
2281 887 2668 947 Caesariensis
2708 889 3232 962 praeparationem

1942 979 2320 1055 evanyelicam
2370 996 2439 1035 ex
2490 994 2627 1034 mss.
2678 975 2843 1035 codd.
2906 976 3231 1041 recensuit,

1943 1067 2127 1126 latine
2157 1066 2360 1136 vertit,
2407 1065 2568 1124 notis
2600 1065 2928 1124 illustravit
2958 1065 3232 1124 Francis-

1942 1176 2047 1216 cus
2077 1156 2381 1232 Vigerus
2416 1155 2468 1212 S.
2503 1153 2557 1211 J.
2592 1153 3103 1229 Rothomagensis,
3137 1156 3234 1212 in-

1943 1245 2132 1322 signis
2163 1245 2366 1303 rhetor
2388 1240 2449 1324 (†
2477 1252 2573 1305 15.
2594 1243 2727 1304 Dec.
2756 1240 2967 1323 1647).
2990 1243 3229 1318 Adjecti

1944 1338 2088 1392 sunt
2118 1334 2185 1391 de
2217 1334 2695 1391 demonstratione
2713 1333 3030 1409 evanqelica
3063 1333 3121 1393 u.
3148 1334 3233 1389 10

606 1422 763 1481 domi
793 1422 1146 1497 recepisset,
1199 1440 1508 1495 nunquam
1552 1424 1750 1480 tamen
1793 1422 1889 1481 vel
1941 1442 2147 1501 graece
2193 1426 2252 1481 et
2296 1421 2482 1479 latine
2528 1417 2878 1501 (interprete
2925 1421 3176 1479 Donat
3196 1440 3230 1479 0

605 1512 791 1587 ipsam
832 1511 927 1567 vel
974 1511 1147 1568 aliam
1194 1509 1355 1568 intra
1402 1510 1584 1568 limen
1629 1511 1889 1569 cubiculi

605 1601 697 1658 sui
712 1599 921 1675 pedem
941 1599 1157 1657 inferre
1173 1616 1381 1673 passus
1399 1603 1507 1668 est,
1522 1600 1890 1675 praescripta

606 1689 714 1748 hac
746 1687 1099 1764 epigraphe:
1153 1686 1460 1756 ,Mulieris
1506 1688 1684 1763 pedes
1733 1689 1888 1747 foras

1943 1506 2299 1591 veronensi),
2333 1512 2389 1568 ll.
2409 1514 2451 1569 2
2482 1517 2684 1568 contra
2705 1510 3042 1568 Marcellum
3079 1527 3229 1568 non-

1944 1602 2085 1659 dum
2118 1602 2402 1658 hactenus
2421 1598 2566 1657 editi
2582 1619 2595 1666 ;
2631 1600 2699 1656 de
2718 1598 3092 1657 ecclesiastica
3111 1600 3228 1656 the-

1943 1692 2129 1766 oloyia
2161 1691 2218 1747 ll.
2254 1690 2294 1747 3
2324 1691 2386 1747 et
2425 1695 2628 1745 contra
2661 1687 2981 1747 Hieroclem
3020 1706 3231 1764 graece

606 1780 840 1836 sunt0.‘
894 1777 1135 1835 Summo
1166 1776 1408 1835 ardebat
1438 1777 1729 1836 desiderio
1761 1778 1888 1836 cul·
1942 1783 2004 1837 et
2024 1779 2220 1849 latine,
2250 1778 2579 1851 interprete
2598 1779 2660 1834 et
2679 1777 3046 1835 illustratore
3067 1776 3231 1835 Rich.

605 1870 738 1925 tum
770 1864 1184 1941 augustissimi
1229 1866 1577 1925 sacramenti
1626 1866 1689 1924 in
1722 1885 1782 1925 se
1828 1870 1891 1925 et

606 1955 671 2013 in
719 1953 851 2012 aliis
915 1953 1328 2029 promovendi:
1391 1954 1552 2012 inter
1605 1973 1886 2026 summos,

606 2042 827 2120 quibus
889 2042 1142 2101 subinde
1202 2045 1582 2118 premebatur
1640 2044 1887 2114 dolore8‚

605 2132 943 2209 suspirabat
988 2131 1341 2190 identidem:
1392 2131 1599 2199 ,Adde
1645 2134 1891 2192 Domine

605 2222 855 2292 dolores,
892 2239 1042 2298 auge
1075 2220 1484 2296 patientiam<
1542 2221 1764 2280 Cecidit
1796 2240 1889 2280 ca-

605 2311 802 2370 ritatis
833 2309 1095 2379 victima,
1141 2329 1279 2368 nam
1311 2329 1446 2369 cum
1491 2315 1733 2390 aegroto
1765 2312 1890 2369 cui-

606 2400 742 2458 dam
771 2399 1091 2457 insanabili
1123 2399 1327 2458 morbo
1360 2400 1654 2457 laboranti
1675 2403 1737 2458 et
1765 2418 1889 2457 me-

606 2488 818 2564 phitim
868 2488 1308 2547 intolerabilem
1353 2488 1651 2547 exhalanti
1680 2489 1891 2547 diebus

608 2598 673 2637 ac
703 2578 982 2637 noctibus
1015 2577 1321 2648 astitisset,
1367 2578 1564 2636 tabem
1596 2578 1890 2637 letiferam

606 2667 917 2737 contraxit,
966 2686 1083 2741 qua
1114 2669 1501 2742 consumptus
1542 2667 1615 2725 ad
1646 2667 1890 2726 merito·

610 2776 743 2814 rum
787 2756 1048 2830 praemia
1092 2755 1339 2812 transiit
1388 2765 1488 2818 21.
1524 2758 1667 2830 Apr.
1719 2766 1889 2818 1644

607 2864 655 2901 a.
677 2844 892 2902 aetatis
918 2853 1016 2904 47.
1050 2843 1315 2917 Reliquit
1345 2846 1404 2901 et
1426 2844 1627 2919 plures
1652 2846 1891 2903 libellos

607 2933 889 2990 asceticos
910 2932 1190 3007 pietatem
1217 2932 1531 3008 spirantes,
1566 2934 1725 2992 inter
1743 2952 1891 3009 quos

608 3020 780 3079 laude
812 3021 1057 3097 dignus:
1092 3021 1313 3094 Septem
1346 3023 1515 3080 tubae
1554 3024 1708 3081 orbis
1737 3025 1889 3080 chri-

604 3111 783 3168 stiani
826 3110 897 3168 ad
943 3110 1417 3169 reformationem
1463 3112 1892 3170 ecclesiasticae

605 3199 952 3276 disciplinae
997 3202 1125 3258 toto
1171 3200 1311 3259 orbe
1343 3204 1405 3259 et
1448 3201 1793 3276 praesertim
1827 3201 1890 3259 in

607 3289 916 3348 Germania
947 3288 1020 3346 ad
1039 3289 1443 3365 praesentium
1470 3292 1530 3347 et
1551 3290 1889 3366 graviorum

1944 1867 2437 1935 MontacutiO,
2471 1865 2712 1924 Parisiis
2735 1873 2899 1928 1628
2935 1884 2990 1926 v.
3025 1874 3059 1926 2
3096 1866 3161 1923 in
3194 1865 3231 1922 f.

1946 1957 2151 2015 Versio
2185 1954 2390 2032 Vigeri
2431 1958 2525 2013 est
2556 1954 2866 2023 excellens,
2906 1953 3107 2030 judice
3139 1953 3232 2012 Si-

1944 2046 2141 2105 monio
2155 2040 2222 2128 ¹),
2240 2043 2631 2113 exactissima,
2664 2046 2724 2101 et
2735 2044 2911 2118 juxta
2928 2043 3233 2101 Labbeum

1943 2135 2272 2193 tersissima
2291 2136 2353 2191 et
2371 2133 2854 2209 castigatissima;
2886 2131 3065 2190 editio
3092 2150 3235 2192 vero

1944 2224 2072 2300 ipsa
2105 2227 2196 2282 est
2226 2242 2359 2280 rara
2387 2222 2707 2299 magnique
2738 2217 2886 2301 fit2).

2038 2411 2183 2463 469.
2207 2400 2634 2459 Constantinus
2655 2399 3040 2476 cajetanus
3060 2397 3233 2476 (Gae-

1946 2486 2100 2570 tani)
2137 2490 2202 2549 O.
2235 2490 2289 2548 S.
2320 2489 2463 2552 Ben.
2497 2508 2528 2548 e
2559 2488 2747 2547 nobili
2788 2487 3018 2546 familia
3065 2505 3233 2563 syra-

1946 2596 2163 2639 cusana
2212 2580 2380 2638 ortus
2428 2572 2654 2660 (1560)
2698 2578 2771 2636 ad
2811 2577 3236 2653 perscrutanda

1945 2668 2320 2744 antiquitatis
2351 2671 2735 2726 monumenta
2779 2686 2848 2726 ea
2880 2665 3062 2724 animi
3092 2684 3233 2725 con-

1945 2759 2214 2816 tentione
2269 2756 2563 2824 adhaesit,
2616 2760 2687 2815 ut
2731 2755 3059 2831 pervolutis
3109 2755 3234 2814 fere

1946 2847 2222 2905 omnibus
2274 2845 2484 2903 Italiae
2533 2845 2786 2904 archivis
2836 2845 2909 2903 ab
2959 2844 3234 2902 ecclesia-

1947 2936 2095 2994 stica
2143 2934 2448 2993 recondita
2508 2934 2847 3012 insignique
2896 2932 3235 2993 eruditione

1948 3044 2224 3100 magnum
2247 3024 2361 3081 sibi
2382 3042 2597 3081 nomen
2617 3022 3057 3098 comparaverit.
3078 3022 3235 3080 Hinc

1948 3113 2212 3172 Clemens
2242 3112 2397 3171 VIII.
2432 3112 2601 3170 illum
2627 3113 2867 3170 Romam
2904 3111 3230 3180 accersivit,

1947 3203 2051 3260 ubi
2081 3201 2372 3260 indefesso
2402 3201 2605 3259 labore
2636 3200 3063 3275 antiquitatum
3100 3203 3231 3257 stu·

1947 3291 2045 3348 dia
2064 3293 2305 3349 secutus
2336 3292 2534 3348 totum
2558 3291 2716 3349 vitae
2736 3308 2978 3348 cursum
3012 3289 3076 3346 in
3094 3288 3233 3364 pul-

604 3380 895 3438 malorum
928 3378 1255 3437 remedium
1279 3378 1610 3437 necessario
1643 3378 1889 3436 institu-
1944 3380 2277 3439 verulentis
2307 3379 2679 3439 archivorum
2721 3379 2956 3454 angulis
3002 3378 3232 3453 impen-

606 3468 816 3526 endam
847 3468 1186 3526 excitantes
1235 3466 1594 3543 Appendicis
1640 3468 1766 3526 loco
1798 3485 1889 3524 ac·

605 3557 823 3615 cedunt
854 3557 1230 3633 quaestiones
1256 3557 1452 3615 variae
1485 3557 1594 3615 hoc
1624 3559 1891 3632 tempore

605 3646 931 3720 plurimum
979 3645 1160 3703 utiles
1192 3647 1253 3702 et
1298 3646 1674 3716 necessariae,
1727 3645 1890 3704 Colo·-

607 3733 738 3792 niae
779 3743 944 3795 1635
992 3733 1055 3790 111
1091 3743 1165 3802 4.,
1215 3753 1365 3808 quae
1398 3735 1581 3794 editio
1629 3735 1889 3810 comple-

609 3823 794 3879 ctitur
839 3825 1065 3896 septem
1129 3824 1414 3895 opuscula
1461 3842 1535 3882 ss,
1585 3823 1887 3892 Bernardi,

609 3909 877 3984 Gregorii
928 3910 1021 3976 M„
1074 3908 1547 3993 chrysostomil),
1600 3912 1887 3986 Prosperi,

1947 3469 2055 3538 dit,
2104 3472 2165 3527 et
2196 3488 2227 3526 e
2258 3469 2555 3526 tinearum
2600 3467 2833 3543 injuriis
2877 3465 3230 3526 memorabi-

1945 3558 2025 3615 lia
2058 3557 2483 3616 ecclesiasticae
2527 3557 2806 3616 historiae
2846 3557 3232 3614 monumenta

1945 3646 2327 3705 laudabiliter
2357 3646 2649 3705 liberavit.
2682 3645 2872 3714 Quare
2903 3645 3086 3703 etiam
3115 3644 3231 3701 Ba-

1945 3736 2151 3794 ronius
2186 3735 2250 3794 in
2283 3735 2406 3793 suis
2447 3734 2867 3809 componendis
2912 3732 3229 3792 annalibus

1946 3825 2074 3900 ejus
2118 3843 2295 3899 opera
2325 3827 2416 3882 est
2459 3841 2625 3892 usus,
2678 3823 2843 3881 illius
2875 3840 3050 3897 saepe
3095 3841 3230 3880 cum

1945 3914 2121 3972 laude
2152 3914 2425 3971 meminit
2436 3909 2487 3993 ⁸)
2521 3911 2887 3987 curavitque,
2921 3914 2995 3970 ut
3024 3929 3058 3968 a
3080 3912 3230 3970 Pau·

1946 4004 2002 4060 lo
2022 4002 2090 4062 V.
2111 4002 2503 4061 bibliothecae
2522 4001 2825 4059 vaticanae
2846 4003 3045 4058 custos
3067 4018 3232 4074 prae-

1946 4091 2236 4161 ficeretur,
2273 4109 2389 4165 quo
2421 4091 2484 4148 in
2504 4108 2748 4148 munere
2773 4089 2847 4147 ob
2868 4088 3229 4165 singularem

769 4167 820 4221 S.
858 4165 918 4222 P.
959 4169 993 4222 J
996 4184 1045 4223 0.
1083 4169 1124 4223 C
1141 4169 1179 4222 h
1195 4186 1225 4222 r
1239 4187 1275 4236 y
1291 4186 1316 4222 s
1334 4186 1364 4222 o
1382 4188 1407 4222 s
1423 4172 1447 4221 t
1464 4184 1495 4223 o
1512 4187 1567 4222 m
1585 4168 1605 4222 i
1643 4173 1892 4225 homilias
1944 4180 2291 4238 meritorum
2324 4178 2751 4255 praestantiam
2788 4178 2987 4252 ipsum
3020 4177 3229 4235 confir-

704 4172 717 4204 l

608 4170 858 4304 xiim,
886 4257 1084 4310 graece
1106 4242 1163 4294 et
1188 4240 1368 4293 latine
1394 4239 1576 4293 edidit
1589 4239 1891 4295 Balthasar

607 4309 651 4362 E
670 4314 736 4363 tz
752 4310 909 4364 eliu
927 4329 951 4364 s
992 4312 1045 4365 S.
1073 4311 1122 4364 J.
1166 4310 1483 4364 Bremensis
1501 4352 1513 4374 ‚
1555 4310 1889 4382 linguarum

607 4379 973 4436 orientalium
1009 4382 1315 4436 admodum
1357 4381 1574 4450 peritus
1601 4387 1649 4454 (†
1675 4390 1724 4439 ⁶2.
1751 4383 1892 4453 Maji

2022 4392 2059 4451 Ι)
2090 4385 2232 4439 Bibl.
2261 4384 2471 4439 choisie
2498 4384 2539 4446 1,
2567 4388 2652 4440 35.
2676 4387 2761 4440 46.
2790 4382 2873 4437 cf.
2903 4381 3227 4436 Fabricium

607 4457 783 4522 1648),
824 4453 1156 4523 Moguntiae
1185 4458 1355 4510 1603:
1397 4455 1570 4508 vertit
1608 4455 1780 4508 etiam
1822 4472 1889 4507 ex
1947 4456 2580 4516 bibloth.fabric.1.83;
2608 4454 2838 4508 Saxium
2859 4453 2921 4508 in
2938 4457 3228 4508 Onomast.

607 4525 822 4591 syriaco
852 4542 936 4594 ep.
965 4531 1014 4581 2.
1042 4544 1083 4580 s.
1104 4525 1272 4589 Petri,
1292 4524 1489 4591 Judae,
1519 4533 1566 4582 2.
1590 4531 1646 4580 et
1667 4532 1716 4582 3.
1739 4544 1778 4580 s.
1797 4527 1889 4581 Jo-
1944 4528 2016 4580 ad
2044 4545 2093 4582 a.
2126 4532 2279 4584 1628.

606 4595 772 4648 annis
799 4613 1018 4650 necnon
1046 4598 1296 4666 ejusdem
1322 4598 1730 4666 apocalypsim,
1774 4614 1889 4666 qua

609 4665 864 4719 versione
893 4684 1026 4721 usus
1060 4672 1146 4721 est
1170 4668 1451 4722 serrarius
1486 4669 1547 4722 in
1586 4668 1704 4722 suis
1743 4685 1889 4721 com·
1945 4672 2111 4733 ctive,
2137 4669 2350 4725 Theolo

610 4734 918 4788 mentariis.
937 4736 1017 4790 Cf.
1036 4737 1094 4791 F.
1113 4738 1256 4793 Falk
1273 4739 1535 4792 Zeitschr.
1554 4740 1591 4793 f.
1619 4740 1672 4795 k.
1692 4739 1887 4793 Theol.

2022 4605 2060 4670 ⁹)
2089 4599 2169 4653 Cf.
2212 4599 2292 4653 De
2335 4598 2510 4679 Bure,
2556 4596 2984 4726 ξὲξὶίοςτῆρὴίθ
3023 4596 3227 4650 instru-

2418 4685 2447 4722 e
2475 4687 2531 4725 n.
2557 4679 2570 4698 ⁶
2666 4711 2678 4723 .

2018 4745 2058 4808 ³)
2088 4742 2169 4796 Cf.
2198 4687 2415 4795 Anna?¹
2444 4741 2518 4794 ad
2543 4757 2592 4795 a.
2622 4744 2760 4799 1065
2786 4758 2841 4796 11.
2871 4743 2965 4800 16:
3006 4753 3056 4792 a.
3085 4742 3225 4796 1072

614 4803 1119 4872 xxm(1899)‚367
1135 4810 1888 4880 s.;Sommerv0ge1111,481.
1944 4830 1997 4864 n.
2025 4817 2122 4874 34;
2151 4829 2201 4868 a.
2230 4818 2368 4870 1119
2394 4831 2447 4872 n.
2477 4816 2526 4871 3.
