3625 5193
582 276 718 331 303
1387 259 1752 314 lem-4640.
1781 253 2128 325 Patrologia.
2148 255 2427 321 Ducaeus,
3089 271 3223 327 804

580 446 633 505 ft.
670 454 706 506 6
739 443 806 501 in
833 442 892 514 f.,
932 441 1036 517 qui
1082 460 1124 500 s.
1170 440 1439 502 Doctoris
1485 441 1771 516 opuscula
1815 442 1877 499 et
1930 440 2102 499 Anno
2161 448 2324 503 1576
2376 439 2613 516 direpta
2660 457 2726 499 ac
2774 438 3013 499 foedata
3054 438 3220 499 bello

580 530 1044 591 commentarios
1075 530 1141 589 in
1169 528 1236 588 V.
1270 530 1330 589 Τ.
1364 529 1873 604 complectuntur;
1929 527 2300 604 flammisque
2318 528 2787 605 patriaDuacnm
2807 528 3065 598 secessit,
3087 534 3222 588 tum

578 619 803 680 deinde
834 640 884 678 a.
913 627 1076 683 1633
1112 619 1269 677 idem
1301 618 1381 677 cl.
1403 615 1683 678 Metellus
1715 636 1872 678 com·
1928 617 2247 688 Lutetiam,
2296 618 2403 676 ubi
2446 618 2866 681 indoctorum
2911 617 3220 696 hominum

589 709 913 769 menterios
944 708 1012 768 V.
1045 708 1106 766 Τ.
1153 726 1254 766 sex
1298 707 1364 766 in
1409 706 1445 765 f.
1487 709 1529 765 t.
1579 707 1651 765 ad
1697 706 1872 766 fidem
1928 708 2113 781 atque
2157 707 2536 782 ingeniorum
2579 706 2922 766 celebritate
2960 706 3111 767 vixit
3154 706 3221 765 in

586 798 1006 858 commelianae
1038 796 1179 856 edit.
1211 795 1430 855 emisit.
1471 796 1644 854 Anno
1675 800 1875 855 autem
1929 795 2214 853 familiam
2263 795 2525 855 adscitus
2570 796 2817 873 Augerii
2868 795 3217 871 Busbequii‚

599 896 763 950 1636
786 888 1077 963 integram
1098 884 1874 961 novamChrysostomiope-
1932 883 2285 943 Ferdinandi
2344 890 2406 944 et
2454 883 2840 944 Maximiliani
2885 884 2960 943 11.
3011 884 3217 945 Caesa·

581 995 726 1035 rum
757 975 1077 1034 editionem
1107 983 1181 1036 12
1208 973 1274 1033 iu
1303 974 1342 1037 f.
1374 983 1416 1032 t.
1440 976 1621 1048 atque
1661 984 1730 1037 11
1757 974 1873 1034 vol.
1931 990 2066 1031 rum
2080 972 2240 1049 apud
2255 973 2582 1033 Turcarum
2599 975 3010 1049 imperatorem
3026 992 3218 1049 quon-

591 1064 894 1141 publicam
924 1063 1065 1122 fecit
1094 1066 1267 1133 etc.,‘
1302 1080 1477 1137 quam
1512 1063 1874 1122 emendatio·
1930 1062 2066 1120 dam
2099 1062 2300 1139 legati.
2350 1062 2599 1121 Biennio
2645 1064 2848 1138 elapso
2879 1083 2913 1120 a
2943 1065 3113 1138 patre
3156 1062 3221 1120 in

580 1173 718 1213 mem
766 1152 952 1229 priori
1000 1152 1180 1221 dicit;
1244 1151 1617 1210 Francofurti
1677 1161 1874 1222 16983
1934 1150 2284 1227 Hispaniam
2316 1151 2534 1210 missus
2574 1151 2771 1211 haesit
2810 1152 3069 1228 primum
3099 1151 3221 1210 Ma-

603 1251 675 1307 17
684 1251 717 1303 2
729 1252 785 1305 3.
816 1241 1153 1302 Versionem
1173 1259 1419 1316 operum
1450 1258 1494 1303 s.
1515 1239 1555 1297 J
1558 1258 1608 1298 0.
1626 1240 1874 1315 Chryso·
1934 1239 2068 1298 triti
2087 1242 2149 1297 et
2168 1238 2480 1314 Compluti,
2515 1241 2673 1299 unde
2694 1239 2968 1300 Toletum
2992 1235 3219 1322 (1580)

579 1333 770 1391 atomi
801 1330 1048 1390 latinam
1069 1329 1337 1388 ediderat
1365 1329 1444 1389 ib.
1474 1340 1637 1392 1613
1673 1328 1717 1388 t.
1741 1340 1775 1391 6
1810 1329 1878 1389 in
1933 1346 2251 1405 progessus
2299 1346 2481 1405 super
2508 1329 2999 1404 competitoribus
3047 1348 3220 1405 grae-

589 1421 649 1491 f..
682 1419 1062 1495 Antwerpiae
1091 1427 1275 1487 1614,
1310 1417 1384 1476 de
1403 1437 1520 1491 qua
1548 1417 1637 1476 ita
1666 1418 1878 1477 scribit
1932 1435 2133 1477 carum
2166 1416 2475 1476 literarum
2518 1417 2861 1477 cathedram
2904 1418 2969 1477 in
3009 1417 3222 1476 acade-

583 1509 875 1569 -Labbez
917 1508 1043 1576 ,Ex
1073 1506 1276 1565 latinis
1306 1506 1690 1576 editionibus,
1725 1526 1877 1582 quae
1928 1505 2050 1564 mia
2080 1505 2361 1575 obtinuit,
2413 1509 2475 1565 et
2503 1506 2566 1565 in
2599 1506 2884 1565 familiam
2914 1526 2951 1564 a
2980 1506 3222 1566 Caesare

592 1598 702 1657 hoc
732 1597 929 1657 seculo
973 1598 1359 1666 emerserunt,
1408 1614 1472 1654 ea
1503 1595 1651 1654 mihi
1693 1595 1876 1654 maxi·
1935 1594 2194 1671 Quiroga
2253 1595 2383 1670 ejus
2448 1595 2616 1654 urbis
2676 1595 3111 1672 archiepiscopo
3158 1598 3226 1654 et

585 1706 687 1746 une
718 1685 1024 1762 probatur,
1070 1688 1281 1760 utpote
1326 1683 1591 1742 omnium
1636 1685 1875 1743 absolu·
1935 1682 2230 1741 cardinali
2261 1687 2524 1755 vocatus,
2564 1685 2888 1743 triennium
2919 1684 2977 1743 ei
3007 1684 3222 1743 adhae-

583 1776 843 1843 tissima,
892 1792 1046 1850 quae
1077 1792 1128 1833 a.
1168 1782 1332 1836 1613
1380 1772 1606 1848 prodiit
1636 1773 1877 1832 Parisiis
1937 1770 2030 1831 sit.
2064 1772 2213 1833 Tum
2261 1771 2335 1831 ab
2381 1774 2656 1851 episcopo
2702 1773 3102 1833 turiasonensi
3145 1772 3223 1831 ad

583 1864 883 1941 castigata
914 1863 1112 1923 studio
1145 1862 1208 1920 R.
1243 1862 1303 1919 P.
1337 1862 1428 1920 Fr.
1463 1862 1740 1921 Ducaei.‘
1774 1860 1875 1920 Ei·
1935 1860 2294 1920 academiam
2359 1865 2949 1940 caesaraugustanam
2989 1861 3221 1921 instau-

584 1952 729 2011 dem
762 1953 993 2010 Ducaeo
1034 1951 1346 2010 debemus:
1389 1969 1434 2015 s.
1468 1949 1721 2010 Joannis
1750 1951 1876 2010 Da—
1933 1949 2179 2008 rendam
2241 1949 2465 2010 accitus
2529 1946 2755 2033 (1584)
2819 1951 3223 2027 eloquentiam

582 2042 845 2100 mascem·
874 2058 1069 2116 opera,
1103 2039 1344 2098 Parisiis
1372 2049 1572 2110 1613;
1614 2050 1779 2102 1619
1814 2042 1879 2097 in
1932 2036 2034 2108 ibi,
2071 2039 2339 2115 linguam
2383 2058 2651 2116 graecam
2685 2043 2748 2099 et
2792 2040 3095 2099 historiam
3123 2057 3223 2097 ro·

589 2130 664 2196 f.;
696 2130 1014 2202 Nic-ephori
1035 2126 1260 2187 Callisti
1275 2130 1683 2187 ecclesiasticae
1700 2129 1878 2187 hiato-
1936 2146 2169 2186 manam
2190 2126 2408 2187 docuit.
2441 2129 2654 2205 Magna
2683 2130 2791 2188 hoc
2821 2132 3092 2204 tempore
3120 2127 3223 2186 be-

584 2221 719 2278 riae
749 2219 805 2277 ll.
843 2222 923 2278 18
968 2217 1031 2277 in
1068 2226 1101 2279 2
1137 2220 1181 2276 t.
1228 2218 1514 2287 distincti,
1560 2236 1626 2275 ac
1670 2235 1878 2295 graece
1932 2216 2271 2276 nevolentia
2318 2216 2629 2276 fruebatur
2673 2216 3002 2277 doctissimi
3032 2219 3223 2275 Anto-

591 2325 754 2367 nunc
784 2308 1043 2383 primum
1075 2306 1255 2366 editi:
1298 2306 1530 2382 adjecta
1558 2308 1652 2365 est
1691 2306 1881 2366 latina
1935 2303 2023 2364 nii
2071 2305 2416 2381 Augustini,
2481 2306 2903 2383 archiepiscopi
2962 2309 3223 2365 tarraco-

591 2396 1003 2472 interpretatio
1035 2395 1075 2453 J
1077 2413 1209 2455 oan.
1241 2394 1454 2472 Langii
1489 2414 1622 2455 cum
1651 2395 1880 2472 graecis
1934 2393 2137 2452 nensis
2150 2388 2218 2475 1),
2253 2395 2358 2469 qui
2376 2394 2576 2453 studia
2606 2414 2712 2454 sua
2731 2414 2866 2454 cum
2895 2395 3026 2470 ipso
3058 2413 3225 2454 com·

581 2486 807 2545 collata
836 2488 898 2543 et
912 2484 1236 2561 recognita,
1269 2484 1348 2542 ib.
1390 2492 1554 2547 1630
1588 2504 1641 2542 v.
1666 2493 1700 2544 2
1737 2484 1801 2542 in
1821 2484 1877 2554 f.;
1935 2482 2281 2542 municavit.
2302 2483 2449 2541 Cum
2469 2483 2712 2542 interim
2729 2483 3051 2559 accepisset
3069 2485 3225 2542 Ant-

583 2574 656 2633 :in
687 2574 884 2651 Migne
908 2574 972 2632 P.
991 2572 1103 2632 GL.
1123 2575 1167 2635 t.
1198 2581 1559 2636 145—147.
1596 2573 1881 2633 Theodori
1936 2571 2214 2647 wer-piam
2264 2591 2298 2631 a
2344 2573 2641 2648 parmensi
2692 2573 2841 2633 duce
2888 2573 3226 2632 Alexandro

590 2664 962 2722 Bal-samonis
1021 2664 1299 2736 expositio
1359 2663 1423 2719 in
1471 2680 1733 2738 canonae,
1799 2662 1879 2725 ib.
1939 2660 2214 2719 Farnesio
2264 2666 2427 2720 arcta
2477 2662 2781 2722 obsidione
2832 2662 3035 2738 premi,
3101 2661 3227 2720 voti

599 2762 624 2814 1
643 2761 766 2814 618
802 2750 867 2809 in
899 2750 968 2820 f.;
1031 2758 1215 2813 1621.
1266 2749 1532 2824 Reliquit
1576 2753 1879 2825 praeterea
1937 2749 2225 2825 religione
2256 2768 2320 2808 se
2351 2750 2673 2810 adstrinxit
2704 2750 3046 2810 societatem
3076 2750 3229 2809 Jesu

584 2839 1011 2899 annotationes
1072 2838 1133 2896 in
1195 2839 1578 2914 quamplures
1650 2841 1878 2899 veteres
1937 2838 2368 2918 ingressurum,
2433 2841 2485 2898 si
2546 2841 2910 2902 carissimam
2969 2839 3227 2915 patriam

586 2928 929 3002 scriptores,
986 2926 1139 2985 utin
1169 2926 1503 2997 Tatianum,
1550 2928 1877 2998 Irenaeum,
1933 2945 2068 2986 cum
2090 2929 2208 2986 Deo
2239 2946 2306 2986 ac
2333 2947 2474 3004 rege
2506 2947 2615 2988 suo
2648 2930 2712 2987 in
2743 2929 3002 3005 gratiam
3033 2927 3227 2986 redire

580 3016 910 3074 Pacianum
929 3058 943 3085 ,
1006 3016 1476 3093 Athenagoram,
1520 3016 1877 3076 Clementem
1935 3016 2326 3093 contingeret.
2390 3018 2740 3093 Antwerpia
2789 3022 2966 3094 capta
3016 3020 3225 3075 votum

584 3105 758 3175 alex„
791 3103 1138 3181 Gregorium
1168 3105 1675 3181 thaumaturgum,
1709 3106 1877 3164 Basi—
1936 3105 2255 3180 complevit
2286 3101 2533 3187 (1586),
2569 3107 2847 3176 Gandiae,
2878 3105 3093 3165 deinde
3108 3105 3225 3163 Ro-

581 3193 760 3265 'lium,
823 3193 1269 3270 Hieronymum,
1335 3194 1654 3253 Paulinum
1698 3194 1876 3253 Nola·
1934 3212 2064 3252 mae
2098 3197 2287 3253 artem
2317 3195 2667 3254 rhetoricam
2701 3195 2903 3254 docuit
2943 3193 3223 3263 triennio,

589 3291 757 3354 num,
792 3282 1181 3358 Theophilum
1202 3285 1330 3353 etc„
1365 3302 1516 3358 quae
1537 3283 1753 3360 passim
1783 3301 1878 3341 re·
1932 3281 2174 3341 demum
2207 3283 2272 3341 in
2289 3283 2544 3359 patriam
2563 3302 2836 3343 reversus
2865 3285 3062 3342 totum
3094 3285 3223 3342 stu·

580 3374 799 3448 ceptae
831 3375 977 3430 sunt
1021 3372 1084 3430 in
1115 3372 1327 3432 horum
1367 3391 1620 3448 operum
1659 3371 1878 3430 editio·
1935 3370 2035 3428 dio
2055 3388 2119 3428 se
2139 3369 2319 3441 dedit,
2350 3373 2784 3448 praeclarisque
2802 3372 3083 3431 exhibitis
3104 3371 3224 3429 vir·

581 3481 715 3532 -nes,
748 3461 982 3537 aliaque
1011 3463 1280 3520 veterum
1323 3462 1611 3536 opuscula
1655 3460 1880 3518 edenda
1935 3461 2139 3517 tutum
2159 3461 2439 3536 exemplis
2460 3462 2741 3521 occubuit
2762 3469 2862 3524 23.
2879 3461 3010 3523 Jan.
3036 3469 3220 3523 1629.

581 3551 823 3610 curavit
838 3547 903 3631 ¹).
1937 3547 2041 3606 Vir
2072 3547 2188 3606 fuit
2219 3548 2294 3606 ob
2326 3549 2636 3609 candorem
2677 3550 2862 3609 animi
2894 3554 2956 3609 et
2987 3549 3220 3608 bonita-

1934 3638 2055 3694 tem
2086 3654 2152 3694 ac
2184 3639 2702 3698 mansuetudinem
2733 3643 2997 3707 naturae,
3041 3656 3225 3713 quam

686 3737 830 3791 336.
864 3726 999 3785 Non
1031 3724 1275 3785 minoris
1321 3724 1692 3796 eruditionis,
1741 3724 1876 3783 dili·
1934 3724 2210 3800 religiosa
2240 3725 2532 3785 modestia
2562 3746 2628 3785 ac
2656 3728 2939 3786 comitate
2978 3745 3223 3785 exorna-

584 3816 825 3891 gentiae
857 3814 1270 3889 sollertiaeque
1315 3814 1381 3871 in
1412 3813 1690 3871 eruendis
1737 3814 1877 3872 illu·
1936 3817 2121 3882 verat,
2144 3812 2291 3887 ipsis
2313 3815 2493 3873 etiam
2512 3815 2650 3874 fidei
2673 3816 2945 3875 hostibus
2969 3833 3142 3874 carus
3161 3819 3227 3873 et

361 3893 369 3900 ’
459 3969 464 3974 ,
585 3902 975 3976 strandisque
1037 3901 1415 3976 antiquitatis
1476 3902 1878 3960 monumentis
1933 3902 1998 3959 in
2028 3901 2217 3976 pretio
2259 3921 2325 3962 ac
2353 3899 2813 3984 veneratione2).
2864 3904 3226 3973 ,Maximum

587 3989 711 4047 fuit
760 3989 977 4048 Ducaei
1027 3988 1244 4047 sodalis
1292 3989 1551 4047 Andreas
1604 3988 1876 4048 Schot-
1933 3991 2095 4049 inter
2125 4009 2325 4078 omnes
2357 4011 2465 4052 suo
2497 3994 2696 4052 seculo
2728 3979 3040 4052 literarum
3065 4011 3221 4052 com-

581 4081 739 4147 -tus,
775 4077 1154 4152 Antwerpiae
1179 4080 1356 4135 natus
1387 4087 1479 4142 12.
1502 4077 1661 4153 Sept·
1692 4087 1876 4140 1552.
1933 4079 2219 4137 mercium
2246 4081 2446 4139 coluit.
2483 4080 2690 4150 Quoad
2717 4081 3057 4157 politiorem
3085 4082 3223 4140 lite-

1934 4171 2212 4237 raturam,
2248 4187 2574 4244 omnesque
2594 4170 2817 4228 eruditi
2844 4170 2917 4228 ad
2936 4170 3137 4246 ipsum
3155 4189 3226 4228 ex

582 4300 987 4356 concrederent
1011 4308 1059 4366 st
1083 4305 1170 4357 17.
1193 4300 1307 4357 παι.
1335 4303 1514 4372 1583).
1553 4301 1642 4355 Ab
1668 4300 1758 4355 hin
1794 4303 1879 4368 ty-
1934 4256 2206 4314 ⁰¹¹³¹²ib¹¹³
2253 4257 2522 4335 EurOPssfl
2571 4258 2762 4336 Plagis
2812 4259 3227 4318 referebantur

586 4372 894 4444 Pogmphss
920 4372 1074 4427 haec·
1093 4388 1323 4442 Operum
1352 4372 1737 4441 Chrysostomi
1763 4372 1878 4426 edi„
1932 4362 2251 4419 Ipsumque
2296 4347 2465 4421 quasi
2511 4366 2689 4406 suum
2733 4352 3010 4406 centrum
3055 4365 3222 4424 Speo-

592 4444 673 4498 tio
697 4463 756 4498 m
773 4462 804 4499 o
819 4462 847 4497 r
861 4461 890 4498 e
907 4443 1001 4498 lli
1016 4459 1050 4496 a
1065 4461 1105 4496 n
1120 4459 1155 4497 a
1193 4443 1531 4512 appellatur.
1578 4445 1660 4498 Cf.
1689 4443 1874 4514 Biogr.
1934 4433 2163 4492 tabant.
2184 4434 2261 4492 Et
2282 4452 2419 4493 sane
2442 4436 2717 4495 omnibus
2730 4435 2978 4496 dotibus
2999 4437 3224 4496 instru-

585 4516 750 4597 uniy.
776 4521 863 4580 30,
891 4519 1168 4586 109-11;
1193 4515 1446 4569 Mittaire
1470 4515 1623 4569 vitae
1651 4518 1875 4585 typogr.

633 4603 760 4640 ans.

593 4603 631 4654 p
670 4661 708 4728 ¹)
735 4657 815 4710 Cf.
844 4655 1262 4726 Sommervogel
1287 4657 1384 4721 111,
1409 4660 1658 4714 233—49
1684 4658 1791 4712 sub
1820 4675 1876 4713 n.
2012 4660 2049 4729 ¹)
2076 4657 2264 4728 Hujus
2307 4661 2661 4714 undationem
2709 4662 2990 4730 funebrem
3039 4657 3230 4714 edidit

585 4730 691 4786 39:
715 4726 802 4781 Fr.
833 4727 1075 4782 Oudin
1109 4726 1264 4796 apud
1306 4727 1630 4783 Niceron
1657 4732 1743 4794 30,
1771 4731 1877 4786 103
1934 4728 2283 4784 Tan-aeonae
2318 4733 2475 4786 1586.

585 4800 751 4854 w-38,
2010 4803 2050 4872 2)
2079 4800 2365 4855 Sotvellus
2392 4819 2449 4872 p.
2475 4805 2561 4858 56.
