3625 5193
600 243 725 296 535

600 430 753 486 quae
797 411 865 467 ad
920 409 1075 468 illud
1119 412 1284 468 erant
1349 413 1702 481 necessaria;
1768 413 1884 470 imo

601 538 630 569 ,
645 518 875 557 summa
896 499 1075 556 etiam
1094 519 1159 557 ac
1179 518 1327 574 pene
1350 500 1703 576 prodigiosa.
1737 502 1882 559 Uni-

603 607 833 646 versam
898 588 1055 645 enim
1121 589 1398 647 historiae
1449 590 1884 648 ecclesiasticae

599 677 813 735 molem
878 678 1137 751 septenis
1199 678 1430 735 vi·.·ibus
1509 679 1882 737 retractavit:

599 765 777 824 toties
819 766 992 823 illum
1038 767 1239 823 orbem
1286 767 1619 826 studiorum
1653 769 1879 826 confec-

598 858 728 912 tum
745 855 1067 929 resumpsit
1095 855 1507 924 inchoandum,
1536 857 1882 931 priusquam

599 962 841 1001 manum
854 944 1239 1002 admoliretur
1259 945 1716 1011 conscribendis
1733 964 1882 1020 quas

597 1032 1001 1090 meditabatur
1049 1038 1108 1090 et
1153 1035 1489 1108 apparabat,
1525 1035 1790 1093 historiis
1825 1037 1885 1092 et

597 1122 910 1179 annalibus
945 1123 1371 1180 ecclesiasticis.
1424 1124 1606 1181 Plane
1640 1143 1790 1182 novo
1825 1130 1884 1181 et

597 1210 864 1268 inaudito
898 1212 1164 1285 exemplo
1215 1211 1288 1267 ab
1339 1213 1500 1270 omni
1533 1217 1693 1269 retro
1728 1212 1882 1270 anti-

601 1300 850 1372 quitate,
903 1299 1129 1357 heroico
1176 1307 1392 1358 conatu
1438 1305 1498 1358 et
1542 1301 1882 1376 praedican-

596 1385 798 1468 (101)·ι
833 1388 1110 1446 Libenter
1143 1389 1286 1448 alios
1321 1390 1474 1449 viros
1508 1389 1712 1448 doctos
1746 1408 1883 1447 con-

603 1477 855 1544 sulebat,
891 1483 1057 1552 grato
1095 1479 1389 1552 docilique
1425 1480 1620 1537 animo
1653 1497 1751 1536 eos
1777 1499 1882 1537 au-

599 1566 800 1622 diebat
812 1561 861 1644 2)
891 1585 1110 1623 memor
1136 1567 1449 1624 verborum
1478 1571 1603 1625 tum
1617 1570 1881 1644 sAugu·

601 1654 777 1711 stini:
847 1653 1107 1721 ,Verum
1142 1661 1202 1712 et
1235 1675 1496 1714 severum
1540 1656 1723 1732 diligo
1757 1677 1884 1716 cor-

597 1749 879 1800 rectorem
942 1753 1202 1812 meumst
1266 1749 1395 1802 tum
1459 1763 1502 1801 S.
1554 1746 1881 1804 Ambrosii:

604 1832 1139 1907 ,Unumquemque
1190 1833 1409 1892 fallunt
1441 1853 1550 1893 sua
1579 1835 1793 1909 scripta
1826 1839 1886 1891 et

683 2005 716 2072 ¹)
749 2003 830 2054 ltzi
875 2002 1247 2074 (anglicanus)
1299 2003 1540 2057 Richard
1593 2005 1885 2073 Monta-ign

626 2074 1022 2144 Montacutius)
1043 2077 1217 2142 praef.
1241 2075 1311 2128 ad
1329 2089 1525 2145 appar.
1541 2079 1673 2129 sect.
1690 2081 1776 2138 58,
1797 2081 1884 2132 59.

633 2144 680 2197 ‘t
704 2162 899 2213 appar.
927 2151 975 2200 9.
1006 2163 1045 2197 s.
1074 2149 1144 2201 48
1171 2146 1349 2210 addit,
1375 2147 1616 2200 Baronio
1649 2147 1887 2207 „intima

604 2216 778 2268 totius
842 2215 1141 2270 vetustatis
1193 2218 1505 2285 penetralia
1558 2221 1674 2271 tam
1726 2221 1890 2271 erant

601 2287 833 2356 cognita
859 2291 917 2341 et
941 2287 1260 2344 familiaria.
1299 2306 1468 2356 quam
1508 2292 1592 2342 est
1627 2290 1762 2342 mihi
1793 2290 1886 2343 do·

605 2376 727 2411 mus
753 2372 926 2412 mea.“
983 2360 1126 2413 Sane
1154 2359 1198 2411 B
1215 2377 1291 2413 ar
1307 2378 1337 2412 o
1357 2360 1480 2413 niu
1496 2377 1522 2414 s
1548 2361 1739 2414 omnia
1763 2361 1887 2429 ipse

603 2429 848 2498 collegit,
896 2432 1016 2499 ipse
1061 2430 1396 2500 conscripsit
1438 2433 1647 2499 absque
1675 2432 1887 2496 scribis,

605 2505 661 2554 et
688 2501 916 2569 quidem
946 2502 1196 2570 saepius;
1226 2502 1356 2554 hinc
1382 2500 1721 2556 bibliotheca
1748 2503 1889 2555 vati·

604 2589 744 2625 cana
767 2572 1051 2643 integrum
1080 2572 1262 2627 adhuc
1280 2573 1566 2643 exemplar
1581 2575 1700 2643 ejus
1715 2591 1891 2627 manu

605 2650 896 2697 exaratum
923 2644 1191 2711 possidet.
1242 2646 1378 2696 Cum
1409 2646 1696 2712 quondam
1723 2646 1888 2699 Baro·

605 2715 761 2767 nium
778 2716 1071 2783 episcopus
1088 2714 1317 2782 quidam
1344 2717 1734 2785 interrogaret,
1753 2719 1893 2784 quot

607 2787 1044 2839 amanuensibus
1070 2785 1130 2838 in
1159 2801 1325 2853 opere
1353 2789 1546 2840 tantae
1573 2787 1739 2840 molis
1765 2804 1891 2841 con·

607 2857 896 2908 scribendo
937 2859 1203 2917 uteretur,
1248 2858 1523 2917 „torcular
1557 2858 1768 2912 calcavi
1809 2877 1891 2912 so·

608 2927 742 2990 lus,··
775 2926 1197 2995 responditille.
1228 2926 1405 2991 Quare
1423 2946 1552 2983 vere
1567 2929 1891 2983 mirandum

605 3000 709 3061 est,
739 2998 1020 3065 quomodo
1047 2998 1383 3052 immensum
1430 3001 1536 3055 hoc
1581 3018 1720 3069 opus
1765 3018 1890 3054 con-

606 3070 842 3122 scribere
867 3069 1136 3137 potuerit,
1180 3071 1507 3138 praesertim
1549 3071 1594 3124 si
1635 3073 1892 3125 adverta-

605 3143 715 3202 tur,
743 3158 868 3192 eum
885 3140 1245 3208 antiquitatis
1263 3146 1625 3197 monumenta
1644 3144 1892 3196 nondum

605 3211 876 3281 reperisse
897 3214 1018 3279 jam
1045 3213 1293 3279 collecta,
1323 3216 1387 3266 ut
1425 3213 1681 3267 historici
1710 3217 1891 3283 poste·

606 3283 799 3347 riores,
825 3284 920 3337 sed
947 3283 1194 3352 primum
1235 3285 1490 3339 debuisse
1532 3285 1635 3338 illa
1672 3288 1733 3337 in
1773 3286 1891 3340 bib·

607 3355 864 3408 liothecis
890 3355 1181 3409 latitantia
1225 3357 1486 3423 detegere
1525 3359 1696 3424 atque
1740 3357 1891 3410 colli-

608 3443 755 3495 gere,
801 3445 1039 3494 eumque
1083 3422 1376 3496 praeterea
1424 3430 1512 3480 tot
1550 3427 1679 3480 aliis
1720 3428 1892 3481 fuisse

605 3499 846 3561 negotiis
911 3499 1238 3551 distentum.
1305 3498 1447 3551 Hinc
1499 3499 1619 3568 ipse
1670 3498 1893 3552 scribit:

611 3570 796 3631 „Haec
823 3573 1011 3623 autem
1059 3568 1213 3623 volui
1254 3569 1663 3624 consideranda
1691 3586 1893 3639 propo-

607 3641 796 3703 suisse,
827 3656 936 3707 quo
965 3640 1009 3693 si
1041 3641 1226 3693 minus
1253 3642 1397 3693 forte
1425 3657 1619 3695 omnes
1645 3642 1893 3710 explesse

607 3727 696 3764 me
740 3729 997 3764 numeros
1037 3710 1096 3762 in
1125 3713 1442 3764 Annalibus
1481 3713 1893 3766 conscribendis

610 3783 735 3849 quis
779 3781 1079 3844 invenerit,
1124 3786 1359 3841 excuset.
1406 3785 1557 3851 quod
1605 3801 1894 3852 nunquam

609 3852 747 3905 mihi
773 3852 1000 3906 licuerit
1040 3854 1129 3906 vel
1172 3853 1317 3907 diem
1359 3871 1529 3906 unam
1558 3872 1793 3907 valonam
1822 3856 1895 3909 ab

609 3924 865 3975 omnibus
916 3924 1395 3978 interventoribus
1440 3927 1649 3991 absque
1693 3927 1892 3980 alienis

608 3995 753 4046 curis
781 3999 950 4061 atque
979 3996 1250 4048 molestiis
1279 3996 1496 4049 felicem
1520 3997 1647 4049 albo
1670 3998 1892 4066 signan-

609 4066 740 4116 dum
769 4066 958 4135 lapide
986 4070 1292 4136 transigere
1320 4067 1686 4120 solitarium-⁶

686 4146 722 4197 ἕ)
753 4138 879 4191 ldeo
907 4139 1078 4192 etiam
1106 4140 1166 4191 in
1189 4138 1433 4208 append.
1452 4139 1523 4190 ad
1541 4141 1580 4190 t.
1603 4144 1682 4193 10.
1703 4139 1892 4191 annal.

609 4210 834 4262 scribit:
879 4211 996 4267 ..lta
1022 4210 1336 4279 comparati
1383 4227 1586 4267 sumus,
1629 4215 1692 4261 ut
1717 4210 1891 4262 moni-

611 4284 755 4333 tores
792 4285 1012 4334 nostros
1050 4284 1341 4346 tamquam
1371 4280 1616 4348 insignes
1645 4282 1893 4334 colamus

612 4352 1007 4413 benefactores,
1027 4368 1059 4401 a
1079 4350 1280 4416 quibus
1303 4366 1404 4402 uec
1434 4369 1756 4420 separamus
1783 4370 1891 4413 eos,

610 4424 707 4490 qui
737 4424 949 4490 seipsos
994 4422 1438 4473 adversariorum
1467 4422 1588 4476 loeo
1624 4424 1892 4476 constitu-

609 4500 727 4556 unt,
758 4495 890 4545 dum
920 4496 1106 4545 nostra
1135 4492 1354 4545 infenso
1382 4494 1573 4548 animo
1601 4497 1888 4563 carpunt.“

611 4564 675 4617 In
727 4563 832 4615 hac
883 4563 1195 4632 appendice
1245 4580 1439 4617 revera
1483 4565 1644 4632 plura
1686 4584 1892 4630 eorum,

612 4650 754 4701 quae
796 4635 947 4701 prius
993 4636 1302 4704 scripserat,
1356 4638 1597 4701 corrigit.
1653 4636 1895 4690 Exhibet

614 4706 748 4758 haec
805 4707 1132 4760 possevinus
1183 4710 1240 4760 in
1290 4726 1388 4761 suo
1433 4711 1722 4777 Apparatu
1763 4710 1798 4762 l.
1846 4716 1890 4767 1.

611 4794 668 4845 p.
695 4783 991 4834 ’.ἐῶ-285.

1236 229 1603 282 1601-1620.
1631 223 1884 281 Historia.
1913 226 2305 280 ecclesiastica.
2332 225 2609 279 Batonius

3102 244 3224 296 536

1941 416 2238 470 auctorem
2255 415 2638 487 praetereunt
2650 416 2831 487 atque
2845 417 2913 469 ut
2930 411 3036 468 filii
3049 412 3228 469 etiam

1942 502 2229 559 deformes
2272 501 2582 568 delectant,
2633 501 2714 559 sic
2761 502 2939 558 etiam
2974 501 3228 576 scripto-

1941 609 2066 648 rem
2101 590 2397 648 indecores
2447 609 2743 648 sermones
2794 590 2888 647 sui
2918 590 3224 665 palpant.⁴¹

1943 679 2265 737 Duodecim
2296 682 2487 738 tomos
2521 680 2766 753 perfecit
2788 679 3091 749 BaroniuS,
3124 679 3226 753 qui

1942 769 2423 841 complectuntur
2454 787 2639 826 annos
2663 789 2694 826 a
2714 768 3029 826 nativitate
3066 767 3228 825 Chri-

1941 858 2019 914 sti
2053 876 2243 931 usque
2276 857 2347 913 ad
2383 878 2429 913 a.
2474 867 2657 918 1198.
2726 857 3081 916 Prodierunt
3113 857 3225 914 Ro-

1939 965 2069 1004 mae
2113 956 2564 1010 1588—1607.
2600 946 2830 1004 Priores
2852 947 3039 1003 recusi
3063 945 3229 1003 fuere

1943 1032 2279 1114 (nonnullis
2316 1035 2560 1109 adjectis
2583 1036 2679 1093 vel
2699 1031 2997 1113 correctis)
3029 1044 3191 1096 1593
3214 1056 3226 1103 ;

1940 1124 2126 1183 editio
2178 1123 2432 1182 secunda
2480 1124 2703 1198 prodiit
2753 1124 3017 1183 Venetiis
3060 1133 3224 1185 1595

1941 1232 2031 1282 ss,‚
2069 1213 2218 1271 aliae
2250 1213 2541 1271 editiones
2578 1213 2927 1288 prodierunt
2957 1213 3228 1271 Coloniae

1948 1312 2108 1364 1596
2178 1321 2283 1372 ss‚;
2354 1313 2550 1372 16093
2622 1311 2818 1366 1624:
2884 1302 3223 1378 Moguntiae

1952 1401 2132 1460 1601,
2169 1392 2257 1448 ed.
2294 1391 2480 1458 bona,
2514 1393 2890 1466 Autwerpiae
2932 1401 3093 1452 1597
3133 1409 3228 1460 ss.;

1948 1490 2147 1548 1675;
2184 1479 2443 1537 Venetiis
2485 1491 2667 1543 1705.
2710 1481 2907 1538 Bonae
2941 1480 3226 1538 editiones

1942 1574 2084 1626 sunt
2129 1587 2373 1626 romana
2413 1574 2474 1627 et
2518 1569 2994 1643 antwerpiensi&
3041 1570 3227 1644 magis

1941 1657 2245 1716 commoda
2296 1659 2647 1733 moguntina
2706 1669 2859 1720 1601
2940 1655 3025 1738 (et
3074 1658 3225 1715 colo-

1940 1747 2181 1814 niensi8‚
2247 1766 2401 1822 quae
2434 1746 2684 1827 [quidem
2768 1747 3062 1805 inferioris
3139 1749 3228 1803 est

1943 1832 2165 1912 pretii),
2215 1835 2373 1909 quod
2421 1836 2673 1893 aliorum
2720 1837 2899 1893 verba
2934 1835 3228 1892 distinctis

1941 1943 2214 1999 expressa
2246 1925 2369 1982 sint
2401 1925 2562 2000 typis
2596 1929 2656 1983 et
2688 1925 2938 2002 paginae
2986 1924 3046 1981 in
3079 1924 3225 1982 duas

1941 2013 2163 2072 divisae
2196 2014 2535 2082 columnas3
2570 2015 2834 2072 omnium
2850 2018 3052 2071 tamen
3068 2012 3223 2088 opti-

1940 2123 2039 2160 ma
2087 2106 2179 2160 est
2227 2122 2310 2170 ea,
2378 2122 2555 2177 quam
2608 2103 2839 2161 curavit
2902 2104 2972 2159 cl.
3038 2101 3222 2159 Mansi

1942 2192 2130 2248 Lucae
2157 2201 2586 2253 1738—1757
2612 2212 2662 2249 v.
2691 2201 2767 2256 ss
2790 2192 2852 2248 in
2869 2192 2908 2253 f.
2931 2189 3032 2272 (m.
3053 2188 3223 2270 900).

1943 2299 2092 2354 quae
2108 2281 2520 2355 complectitur
2538 2281 3039 2339 continuationem
3054 2281 3145 2338 Ra
3154 2300 3225 2355 y-

1943 2368 2178 2436 naldi,
2233 2370 2497 2427 criticam
2546 2369 3227 2444 historico-chronologi-

1944 2476 2070 2515 cam
2105 2458 2164 2514 in
2198 2459 2440 2515 annales
2473 2459 2712 2516 Baronii
2744 2459 2989 2530 Antoni-i
3028 2458 3224 2533 Pagi,

1947 2551 2302 2622 apparatum
2336 2547 2575 2606 Baronii
2608 2555 2747 2615 etc.;
2795 2566 2864 2606 ea
2911 2547 3092 2605 editio
3138 2551 3228 2604 est

1945 2656 2095 2704 rara,
2131 2636 2235 2695 sed
2264 2656 2383 2694 non
2418 2642 2510 2695 sat
2557 2642 2831 2694 correcta.
2895 2637 3226 2694 Novissime

1947 2726 2124 2783 aliam
2156 2726 2388 2783 curavit
2419 2726 2670 2783 Theiner
2702 2745 2877 2800 quam
2913 2725 3223 2783 continua·

1947 2814 2037 2871 vit
2090 2824 2124 2873 3
2180 2814 2425 2888 adjectis
2477 2821 2519 2875 t.
2586 2815 2691 2889 qui
2754 2814 3227 2889 complectuntur

1946 2903 2357 2978 pontificatum
2409 2903 2674 2979 Gregorii
2726 2902 2883 2967 XIII,
2942 2905 3046 2960 Bai
3059 2901 3228 2961 oduci

1956 3001 2334 3057 1864—75;
2384 2992 2623 3050 Palisiis
2678 3000 3018 3055 1876——83
3068 3000 3110 3048 t.
3148 3000 3221 3053 37

1948 3078 2096 3162 (non
2128 3081 2419 3154 completa
2468 3081 2536 3137 fr.
2570 3079 2739 3160 280).
2790 3080 3227 3138 Praetermitti-

1948 3188 2078 3226 mus
2110 3170 2316 3244 elogia,
2340 3170 2561 3243 quibus
2582 3187 2701 3228 non
2723 3169 2911 3228 solum
2935 3169 3223 3238 catholici,

1950 3258 2048 3316 sed
2085 3259 2178 3315 vel
2210 3261 2605 3333 protestantes
2638 3259 2809 3317 hosce
2857 3258 3095 3316 annales
3128 3276 3226 3315 cu-

1948 3348 2272 3404 mularunt.
2337 3348 2546 3405 Omnia
2605 3348 2752 3404 dixit
2811 3347 3021 3404 horum
3073 3364 3227 3404 unus

1950 3436 2235 3511 Georgius
2272 3436 2475 3493 Horn
2510 3432 2866 3517 scribens¹):
2925 3436 3127 3505 ‚Plus
3160 3439 3229 3491 ut

1947 3528 2105 3582 recte
2139 3528 2411 3582 notatum
2438 3545 2470 3581 a
2496 3524 2766 3598 quodam,
2788 3525 3027 3581 annales
3051 3526 3226 3581 Baro-

1949 3615 2053 3681 nii,
2088 3633 2266 3687 quam
2300 3615 2739 3672 controversiae
2757 3613 3227 3671 Bellarminino·

1950 3705 2259 3760 cue1·unt.‘
2295 3702 2427 3760 Non
2463 3710 2659 3761 tamen
2675 3706 2989 3776 propterea
3021 3701 3230 3758 diffite-

1949 3811 2099 3859 mur,
2126 3792 2361 3866 saepius
2393 3810 2620 3849 errasse
2636 3792 2951 3849 Baronium
2973 3792 3037 3847 in
3053 3809 3229 3864 quae-

1951 3880 2247 3938 stionibus
2266 3880 2577 3947 historicis,
2597 3879 3025 3956 geographicis,
3062 3880 3226 3935 chro-

1949 3969 2238 4045 nologicis
2261 3969 2620 4043 criticisque,
2647 3970 2819 4026 hosce
2836 3986 3064 4026 errores
3082 3986 3227 4043 apo-

1950 4058 2298 4115 sterioribus
2334 4057 2742 4131 scriptoribus,
2780 4060 2848 4114 ut
2882 4057 2956 4114 ab
2978 4059 3229 4131 utroque

1954 4146 2212 4222 Pugio,
2275 4145 2849 4213 Tillemonti0‚
2915 4146 3228 4203 Norisio

1950 4235 2130 4292 fuisse
2152 4235 2521 4292 emendatos:
2559 4235 2659 4292 sed
2693 4234 2837 4305 illoi,
2868 4235 2971 4309 qui
3008 4234 3103 4292 vel
3142 4233 3229 4290 bis

2029 4427 2063 4492 ¹)
2092 4422 2267 4475 Praef.
2298 4423 2370 4475 ad
2398 4423 2521 4478 lec-t.
2551 4421 2784 4489 Sulpitii
2805 4421 3009 4475 Severi.
3036 4422 3229 4473 Faten-

1949 4493 2081 4546 dum
2110 4495 2283 4546 etiam
2311 4498 2395 4546 est
2418 4494 2478 4546 in
2506 4509 2700 4546 omnes
2728 4492 3060 4561 disciplinas
3083 4494 3231 4544 theo-

1950 4565 2160 4628 logicas
2188 4566 2435 4619 maxima
2473 4567 2849 4619 emolumenta
2892 4581 2958 4617 ex
3003 4562 3230 4617 Batonii

1949 4636 2246 4688 annalibus
2272 4636 2626 4698 redundasse,
2654 4635 3084 4702 universamque
3110 4651 3229 4704 pro·

1948 4708 2079 4760 inde
2107 4707 2449 4777 theologiam
2476 4706 2779 4774 plurimum
2809 4706 3037 4759 omnino
3065 4705 3113 4757 ei
3142 4705 3229 4758 de·

1951 4781 2093 4831 bere.
