3625 5193
625 249 698 301 61
719 249 740 299 1
889 234 1256 287 1601—1620.
1285 228 1595 298 Theologia
1623 230 1765 298 past.
1791 227 2167 298 Paedagogia.
2194 229 2441 299 Mengus‚
2469 230 2828 283 Antonianas
2855 233 2959 284 etc.
3110 248 3232 301 512

621 418 982 480 revelatione
1014 416 1306 474 divinitus
1343 414 1498 473 facta
1526 434 1568 472 s.
1605 414 1668 472 V.
1703 414 1895 473 Julia-
1953 420 2278 475 mantuano
2312 411 2375 497 (†
2418 411 2608 494 1610)
2643 416 2972 474 condidisse
3018 416 3237 475 dicitur

619 529 748 581 nae,
809 506 967 582 quod
1016 523 1163 582 opus
1216 503 1414 580 magni
1466 503 1817 562 aestimatur
1863 522 1897 560 a
1952 510 2139 564 artem
2173 505 2593 563 exorcisticam.
2629 505 2877 581 Scripsit
2904 505 3067 563 enim
3086 523 3236 563 com-

621 599 762 657 viris
792 597 984 656 doctis
999 592 1065 676 ¹).
1098 627 1183 637 —-
1216 593 1255 652 J
1258 612 1473 652 oannes
1503 612 1619 651 van
1664 593 1895 667 Lang·
1942 595 2156 666 pendia
2188 592 2315 651 dell’
2330 601 2455 652 arte
2472 596 2872 653 essorcisticae
2892 594 3229 671 possibilita

621 688 949 762 hecruys
1014 681 1531 766 (Langhecrucius‚
1584 681 1655 740 de
1717 681 1897 756 longa
1954 683 2105 741 delle
2157 683 2414 741 mirabili
2460 703 2492 742 e
2542 683 2838 758 stupende
2900 683 3235 758 operationi

619 775 844 856 cruce),
879 777 1078 850 Belga,
1127 772 1540 830 humaniorum
1586 770 1896 828 literarum
1953 772 2096 831 delli
2117 771 2353 831 demoni
2373 790 2404 830 e
2426 771 2497 830 de
2520 772 2765 831 malefici
2797 790 2904 831 con
2929 772 2971 830 li
2992 772 3234 847 remedij

617 866 863 925 Lovanii
892 865 1194 940 magister,
1220 860 1374 936 juris
1406 859 1597 919 civilis
1631 863 1691 918 et
1723 876 1894 917 cano·
1952 862 2276 936 opportuni
2293 861 2407 919 alle
2433 860 2720 919 infirmita
2754 861 3099 930 maleficiali‚
3126 863 3237 919 Bo-

616 955 737 1013 nici
766 958 972 1031 postea
1014 951 1311 1026 professor
1359 945 1605 1030 (1566),
1648 967 1894 1024 praepo-
1952 949 2160 1009 noniae
2220 959 2417 1019 158ος
2474 959 2638 1013 1582
2706 954 2814 1008 etc.
2867 950 3236 1024 prohibitum

619 1044 769 1102 situs
815 1062 857 1101 s.
909 1042 1068 1100 Petri
1132 1039 1476 1097 casselensis
1522 1042 1583 1096 et
1631 1040 1897 1096 recusata
1952 1040 2101 1097 decr.
2143 1048 2238 1100 17.
2266 1038 2397 1097 Jan.
2426 1048 2625 1107 17073
2663 1039 2984 1114 Flayellum
3003 1040 3237 1096 daemo-

618 1133 812 1191 infula
831 1128 1281 1190 ruremondensi
1310 1125 1567 1186 illustris
1590 1124 1649 1207 (†
1682 1121 1894 1205 1604),
1952 1148 2092 1186 num
2125 1129 2476 1186 exorcismos
2527 1128 2842 1198 terribileS,
2891 1128 3236 1203 potentissi-

617 1221 899 1280 disseruit
929 1222 997 1278 de
1028 1219 1314 1277 malorum
1344 1219 1550 1274 horum
1577 1223 1893 1291 temporum
1953 1235 2079 1275 mos
2112 1220 2173 1275 et
2204 1217 2470 1275 efficaces
2516 1217 2890 1292 remediaque
2935 1217 3236 1292 probatis·

617 1313 810 1369 causis
830 1317 880 1367 et
910 1309 1193 1382 remediis,
1226 1306 1416 1380 deque
1436 1304 1655 1362 divinis
1687 1303 1896 1362 officiis
1952 1306 2098 1364 sima
2173 1307 2586 1381 complectenS,
2665 1306 2967 1365 Bononiae
3042 1316 3158 1369 157
3170 1316 3235 1367 7;

618 1399 816 1457 debite
846 1395 1198 1474 peragendis
1229 1395 1644 1453 canonicorum
1671 1396 1731 1451 et
1748 1392 1892 1450 alio·
1961 1404 2124 1457 1578
2161 1400 2289 1463 etc„
2326 1394 2501 1453 etiam
2532 1395 2594 1451 in
2618 1395 2824 1453 Moneo
2844 1396 3237 1468 maleficarum

618 1507 755 1546 rum
785 1485 1312 1546 ecclesiasticorum
1360 1484 1666 1556 speculum
1700 1483 1760 1539 ll.
1796 1480 1891 1551 VI,
1951 1487 1991 1540 t.
2030 1492 2101 1551 23
2135 1483 2396 1542 Venetiis
2444 1493 2602 1545 1644
2637 1501 2775 1541 cum
2813 1485 2961 1559 fuste
3007 1485 3235 1542 daemo-

619 1568 802 1634 Duaci
836 1584 1030 1644 15843
1062 1573 1626 1631 devitaethonestate
1656 1573 1893 1628 eanoni-
1951 1591 2092 1630 num
2125 1572 2525 1646 adjurationes
2565 1572 2986 1641 formidabiles,
3028 1585 3235 1648 poten·

618 1684 817 1723 corum
849 1668 910 1722 et
941 1664 1191 1723 aliorum
1212 1660 1740 1719 ecclesiasticorum
1761 1677 1891 1734 spe·
1947 1661 2209 1720 tissimas
2286 1663 2347 1719 et
2434 1660 2693 1720 efficaces
2783 1662 3230 1737 complectente,

618 1755 839 1824 culum,
900 1754 980 1815 ib.
1047 1760 1210 1813 1588
1266 1757 1373 1808 etc.
1426 1782 1509 1792 —
1561 1749 1892 1807 Guilelmus
1954 1753 2276 1824 utrumque
2325 1751 2489 1825 proh.
2541 1749 2692 1809 decr.
2749 1761 2801 1812 7.
2867 1750 2990 1808 Jul.
3051 1760 3233 1812 1704.

618 1843 860 1902 Bathe
894 1843 947 1900 S.
980 1842 1038 1900 J.
1086 1838 1486 1907 Dublinensi8‚
1533 1841 1728 1896 rector
1771 1837 1891 1895 col·
1956 1840 2282 1897 Thesaurus
2300 1840 2546 1898 coelestis
2573 1839 2864 1914 gloriosae
2892 1840 3102 1897 Matris
3127 1840 3229 1897 Dei

617 1923 1891 2007 legiisalmanticensisAnglorum(†17.Jun.
1949 1928 2164 1987 Mariae
2195 1927 2261 1985 V.
2296 1929 2356 1985 ll.
2394 1937 2448 1997 4,
2482 1928 2779 1986 Bononiae
2820 1937 3004 1990 1607.

624 2031 651 2082 1
667 2016 816 2101 614)
851 2019 1185 2095 composuit
1215 2018 1588 2092 Apparatum
1606 2017 1686 2073 ad
1705 2017 1892 2074 admi-

617 2111 987 2168 nistrandum
1045 2113 1469 2167 sacramentum
1521 2106 1895 2184 poenitentiae
2047 2116 2190 2170 266.
2227 2107 2308 2164 De
2322 2107 2700 2182 paedayoyia‚
2725 2125 2876 2181 quae
2898 2105 3073 2165 modo
3092 2105 3234 2164 adeo

617 2201 745 2266 etc„
780 2197 1098 2257 Mediolani
1136 2206 1320 2259 1614.
1366 2195 1724 2269 Praecipuus
1756 2213 1894 2252 vero
1950 2196 2256 2264 excolitur,
2291 2197 2440 2255 bene
2473 2196 2692 2253 meruit
2737 2194 2960 2253 Silvius
3007 2197 3234 2253 Anto-

619 2293 892 2347 censetur
924 2291 1132 2346 auctor
1163 2286 1300 2345 libri
1332 2283 1647 2341 admodum
1687 2283 1894 2360 singu-

617 2377 758 2434 laris
776 2377 1047 2452 inscripti
1068 2377 1270 2433 Janua
1287 2376 1619 2449 linquarum
1645 2390 1750 2430 seu
1769 2392 1894 2431 mo-

617 2465 730 2524 dus
764 2467 1012 2523 maxime
1046 2463 1536 2532 accommodatum
1572 2480 1690 2536 quo
1729 2466 1895 2537 pate·

615 2554 681 2613 fit
714 2554 913 2613 aditus
946 2554 1019 2613 ad
1049 2571 1252 2613 omnes
1285 2551 1525 2627 linguas
1557 2549 1895 2627 intelligen-

615 2644 736 2711 daS‚
757 2644 1146 2703 Salmanticae
1177 2651 1286 2704 161
1310 2653 1360 2708 1,
1385 2641 1454 2698 de
1476 2658 1594 2715 quo
1614 2640 1682 2702 cf.
1706 2640 1898 2698 fusius

619 2732 1006 2789 disserentem
1026 2730 1695 2804 Sommervogell‚1009
1716 2747 1793 2786 ss,
1809 2762 1897 2772 —

618 2820 957 2877 Ludovieus
990 2818 1061 2876 de
1094 2818 1516 2892 Cerqueira
1548 2817 1602 2874 S.
1635 2817 1690 2874 J.
1725 2819 1896 2876 Lusi-

616 2912 791 2965 tanus
823 2908 895 2965 ad
928 2907 1278 2982 petitionem
1315 2906 1573 2981 Philippi
1619 2906 1693 2963 11.
1742 2907 1897 2967 ordi-

616 3001 795 3053 natus
844 2997 1155 3072 episcopus
1195 2995 1544 3071 japonensis
1595 2991 1829 3075 (15943
1863 2994 1898 3062 †

508 3086 520 3097 '
626 3094 717 3147 15.
753 3085 916 3143 Febr.
977 3081 1171 3163 1614)
1220 3084 1554 3161 composuit
1599 3084 1673 3142 ad
1717 3104 1898 3143 usum

617 3174 760 3232 cleri
807 3175 902 3232 sui
949 3175 1225 3232 Manuale
1270 3176 1341 3231 ad
1375 3173 1670 3232 Ecclesiae
1703 3192 1897 3248 sacra-

615 3268 816 3321 menta
848 3263 1252 3332 ministranda,
1287 3262 1688 3340 Nangasaquii
1729 3272 1893 3324 1605

613 3352 676 3409 in
712 3353 1179 3413 4.—Martinus
1211 3349 1896 3410 FornariS.J.Brun·

615 3440 867 3499 dusinus
915 3437 995 3521 (n.
1052 3448 1235 3509 1547,
1284 3438 1318 3507 †
1355 3449 1454 3501 27.
1489 3441 1646 3514 Sept.
1703 3435 1895 3520 1612)

613 3548 719 3604 per
754 3539 832 3591 24
870 3548 1053 3588 annos
1086 3529 1413 3605 theologiae
1443 3529 1681 3587 moralis
1717 3528 1897 3586 etiam

621 3618 832 3676 Romae
863 3620 1158 3694 professor
1187 3613 1435 3695 edidit2)
1487 3619 1897 3675 institutionem

616 3709 1101 3779 confessariorum
1146 3725 1214 3763 ea
1263 3708 1686 3776 continentem,
1746 3725 1897 3781 quae

616 3794 688 3851 ad
722 3795 948 3867 praxim
981 3795 1261 3853 audiendi
1293 3795 1685 3853 confessiones
1713 3795 1894 3868 perti-

616 3886 778 3950 nent,
832 3882 1045 3940 Romae
1108 3892 1261 3944 1601
1290 3904 1304 3950 ;
1364 3893 1562 3951 1607;
1627 3882 1896 3941 Coloniae

624 3978 822 4038 1602;
868 3980 1062 4039 1607;
1097 3971 1339 4027 Parisiis
1381 3979 1540 4032 1607
1579 3974 1638 4027 et
1658 3972 1895 4046 saepius

616 4057 773 4117 alibi.
807 4058 1040 4131 Adjecit
1072 4059 1251 4116 etiam
1282 4059 1667 4116 instructioni
1705 4077 1894 4118 sacer-

617 4143 821 4201 dotum
855 4146 1007 4203 card.
1042 4146 1232 4205 Toleti
1267 4150 1664 4205 annotationes
1707 4156 1757 4205 et
1788 4150 1892 4205 ad·

613 4234 856 4291 ditiones
887 4234 960 4292 de
993 4252 1156 4293 sacro
1203 4235 1423 4297 ordine.
1472 4236 1686 4295 Romae
1725 4248 1889 4299 1670

615 4324 723 4379 etc.
770 4357 856 4364 —
903 4324 1298 4399 Hieronymus
1351 4325 1668 4401 Mengus
1721 4326 1783 4384 O.
1838 4327 1892 4383 S.

613 4410 704 4469 Fr.
739 4429 807 4468 ex
839 4412 1055 4487 oppido
1103 4413 1281 4488 vulgo
1333 4413 1597 4473 Viadana
1641 4415 1701 4471 in
1749 4433 1892 4491 agro

694 4636 726 4703 ¹)
755 4635 835 4687 Cf.
888 4634 1074 4688 Feller
1121 4636 1188 4701 11,
1238 4641 1374 4701 456:
1426 4636 1666 4692 Niceron
1715 4638 1889 4703 XVII,

611 4708 680 4760 92
708 4720 807 4761 ss:
835 4705 1019 4776 Biogr.
1049 4710 1166 4760 nat.
1194 4708 1260 4761 de
1287 4707 1560 4775 Belgique
1587 4709 1679 4774 Ill,
1707 4714 1828 4765 428.

686 4781 724 4841 2)
753 4776 834 4833 Cf.
863 4779 1390 4843 Backerl‚19·22.

1951 2286 2189 2343 nianu
2214 2302 2240 2342 s
2294 2305 2347 2343 n.
2404 2295 2503 2347 31.
2556 2285 2687 2343 Dec.
2744 2293 2904 2347 1540
2954 2285 3232 2351 honestiS,

1953 2374 2054 2432 sed
2105 2374 2301 2432 minus
2349 2372 2692 2448 splendidae
2737 2372 3092 2431 conditionis
3133 2392 3233 2447 pa-

1956 2462 2241 2521 rentibus.
2274 2463 2428 2520 Puer
2457 2465 2700 2537 propter
2730 2462 2904 2519 vivax
2927 2461 3234 2537 ingenium

1954 2552 2157 2611 oculos
2203 2551 2359 2610 card.
2400 2551 2635 2610 Ottonis
2667 2552 2740 2610 de
2772 2551 3097 2610 Truchsess
3131 2570 3232 2609 au-

1953 2642 2195 2717 gustani
2228 2646 2287 2699 et
2320 2659 2426 2716 per
2444 2660 2578 2698 eum
2600 2640 2755 2698 Julii
2776 2640 2880 2698 111.
2900 2641 2965 2697 in
2997 2658 3062 2698 se
3096 2658 3233 2699 con-

1953 2730 2149 2799 vertit,
2184 2730 2342 2787 unde
2375 2730 2586 2789 horum
2619 2749 2761 2788 cura
2780 2728 3100 2805 diligenter
3119 2729 3234 2787 fuit

1956 2819 2296 2880 institutus
2329 2818 2610 2877 Hercules
2627 2819 2699 2875 ΙΙ.
2722 2818 2841 2876 dux
2865 2818 3236 2876 ferrariensis

1954 2908 2082 2982 ejus
2129 2908 2387 2975 dotibus,
2436 2908 2578 2967 dum
2624 2908 2835 2966 Romae
2880 2911 3235 2976 versaretur,

1955 3001 2162 3071 captus
2196 3015 2331 3054 eum
2355 3014 2552 3054 secum
2574 2996 2900 3054 Ferrariam
2921 2995 3110 3063 duxit,
3132 2995 3236 3053 ubi

1957 3085 2271 3144 admodum
2331 3086 2570 3159 juvenis
2637 3084 2913 3143 familiari
2973 3083 3234 3143 virorum

1955 3174 2416 3232 clarissimorum
2463 3174 2904 3233 conversatione
2948 3191 3099 3231 usus
3145 3175 3235 3231 est

1955 3266 2284 3337 auctusque
2317 3266 2451 3337 post
2482 3262 2790 3321 biennium
2812 3263 3013 3320 laurea
3033 3261 3234 3320 docto-

1953 3352 2065 3410 rali
2098 3352 2160 3409 in
2187 3353 2341 3422 jure,
2375 3370 2508 3410 cum
2540 3351 2636 3409 vix
2677 3369 2861 3409 annos
2900 3351 3115 3408 aetatis
3156 3360 3229 3411 16

1954 3443 2309 3498 numeraret.
2344 3441 2584 3500 Romam
2615 3440 2848 3498 rediens
2882 3433 3112 3518 (1560)
3142 3456 3233 3496 se·

1954 3530 2143 3587 lectus
2176 3532 2266 3587 est
2297 3548 2331 3586 a
2361 3530 2466 3587 Pio
2498 3530 2611 3598 IV.,
2646 3529 2748 3603 qui
2782 3546 2827 3586 S.
2859 3527 3066 3586 Carolo
3088 3528 3233 3585 Bor-

1954 3636 2185 3676 romaeo
2236 3618 2516 3693 magister
2564 3620 2718 3676 esset
2779 3620 2840 3675 et
2890 3636 2923 3674 a
2974 3616 3232 3675 secretis.

1956 3707 2219 3782 Diligens
2250 3716 2378 3764 erat
2408 3706 2629 3763 ibidem
2669 3706 2859 3764 socius
2903 3704 3233 3763 academiae

1951 3798 2152 3854 noctes
2191 3795 2493 3854 vaticanae
2539 3795 2725 3852 dictae
2770 3794 2844 3852 ab
2892 3794 2998 3851 illo
3046 3793 3232 3852 cardi·

1953 3884 2069 3942 nali
2102 3885 2428 3942 institutae.
2464 3884 2606 3942 Post
2622 3883 2784 3942 obita
2803 3882 2964 3941 varia
2985 3900 3232 3941 munera

1953 3972 2271 4032 honorifica
2301 3973 2496 4031 dictus
2527 3976 2618 4030 est
2648 3971 3028 4030 Antonianns
3049 3992 3083 4028 a
3103 3971 3230 4029 Cle·

1950 4066 2148 4120 mente
2180 4062 2335 4120 VIII.
2370 4061 2686 4119 cardinalis
2710 4056 2797 4141 (3.
2818 4060 2985 4118 Mart.
3018 4055 3228 4136 1599),

1952 4150 2055 4208 sed
2086 4169 2206 4209 non
2235 4150 2342 4208 diu
2376 4150 2545 4209 licuit
2576 4150 2626 4207 ei
2657 4152 2826 4207 tanto
2852 4148 2971 4206 frui
2992 4149 3228 4217 honore,

1949 4258 2082 4295 nam
2141 4250 2231 4301 16.
2281 4241 2433 4316 Aug.
2486 4248 2650 4300 1603
2702 4256 2915 4314 magno
2962 4237 3231 4295 omnium

1950 4328 2119 4386 luctu
2165 4327 2316 4385 vivis
2364 4332 2456 4385 est
2500 4331 2754 4402 ereptus.
2798 4325 3052 4390 Praesul
3102 4328 3232 4384 erat

1950 4417 2215 4474 omnium
2276 4417 2568 4475 virtutum
2617 4415 2794 4474 laude
2846 4415 3228 4489 moribusque

1951 4504 2217 4562 candidis
2252 4505 2725 4573 florentissimae,
2760 4505 2822 4562 in
2856 4521 3075 4581 egenos
3095 4522 3226 4560 mu-

1949 4593 2182 4664 nificuS,
2215 4593 2553 4668 excultique
2598 4593 2662 4652 in
2708 4592 2868 4651 omni
2915 4591 3229 4668 disciplina

1951 4681 2189 4757 ingenii.
2239 4682 2500 4757 Reliquit
2533 4682 2736 4757 plures
2781 4684 3069 4739 orationes
3116 4678 3226 4763 (ed.

1946 4768 2067 4828 JOS.
2102 4770 2356 4829 Castalio
2398 4766 2588 4850 1603)
2620 4774 2908 4828 tractatus
2927 4773 2989 4828 et
3007 4769 3224 4829 disser-
