3625 5193
646 211 769 264 355
1015 196 1383 249 1581—1600.
1412 190 1719 260 Theologia
1746 190 2011 261 practica.
2038 189 2375 253 Bossemius,
2402 206 2445 243 s.
2471 189 2703 244 Carolus
2728 188 2874 253 Bor„
3130 207 3165 260 3
3175 208 3255 261 56

641 372 777 448 diis,
828 378 906 436 ib.
965 389 1172 447 1611;
1231 377 1406 434 Liber
1453 384 1815 451 receptarum
1864 377 1926 432 in
1981 375 2094 433 diis
2135 375 2411 438 deditam.
2462 376 2511 433 A
2546 375 2649 433 Pio
2684 374 2778 436 IV.
2812 374 3105 433 avunculo
3151 393 3260 434 suo

644 468 921 544 theoloqia
952 467 1364 525 sententiarum
1412 473 1463 523 et
1498 466 1924 542 conclusionwn
1982 484 2030 522 a.
2063 465 2161 522 vix
2197 472 2276 525 22
2313 468 2492 522 natus
2529 463 2604 521 ad
2644 482 2901 523 summos
2948 468 3261 538 provectus

643 575 776 613 cum
789 555 1074 614 brevibus
1086 554 1551 630 necessariisque
1573 553 1924 613 fundamen·
1981 555 2073 611 est
2122 554 2385 622 honoreS,
2421 571 2687 628 purpura
2720 552 2843 611 scil.
2894 557 3140 611 ornatus
3199 556 3263 610 et

646 646 742 714 tis,
775 644 854 706 ib.
893 653 1092 713 15933
1134 653 1334 714 15953
1387 653 1583 713 16123
1618 643 1927 701 Tractatus
1983 642 2460 717 archiepiscopus
2530 640 2977 700 mediolanensis
3036 641 3261 701 dictus:

643 734 712 791 de
740 732 1186 806 confessionibus
1233 733 1618 805 maleficorum
1663 740 1713 789 et
1756 751 1925 808 saya·
1983 731 2087 805 qui
2119 730 2497 806 nepotismus
2529 731 2637 788 hac
2668 730 2879 789 saltem
2913 730 3038 789 vice
3058 731 3261 789 laetis-

641 841 797 895 rum,
845 842 922 880 an
966 825 1028 880 et
1066 822 1302 895 quando
1349 821 1423 879 iis
1468 820 1613 879 fides
1652 820 1922 879 habenda
1983 820 2160 878 simos
2193 839 2298 895 pro
2330 820 2612 878 universa
2644 819 2902 877 Ecclesia
2934 818 3081 877 tulit
3100 819 3261 877 fruc-

641 910 737 979 sit,
771 911 853 967 ib.
895 920 1087 979 15893
1130 919 1322 978 1591;
1366 919 1549 978 1599,
1584 909 1648 968 in
1681 927 1798 983 quo
1833 914 1923 967 ta·
1980 912 2095 967 tus.
2128 908 2275 984 Ejus
2305 909 2656 985 praesertim
2694 907 2954 966 consiliis
3000 908 3262 983 optimus

643 1018 779 1057 men
823 1000 1003 1064 nimis
1050 999 1358 1058 credulum
1393 1017 1455 1056 se
1487 998 1756 1067 exhibet;
1804 998 1925 1056 En·
1981 997 2300 1073 regebatur
2332 997 2628 1072 pontifex:
2676 997 2937 1055 studiose
2975 998 3134 1055 enim
3166 997 3261 1054 in-

642 1089 931 1146 chiridion
964 1089 1269 1164 theoloyiae
1290 1088 1633 1163 pastoralis,
1659 1106 1775 1162 quo
1796 1088 1923 1145 ani·
1982 1085 2192 1145 cubuit
2210 1087 2365 1144 bono
2382 1085 2699 1144 Ecclesiae:
2722 1085 2860 1144 hinc
2880 1086 3097 1144 iterum
3117 1104 3259 1145 con-

642 1195 867 1234 marum
914 1176 1287 1236 curatoribus
1333 1195 1451 1236 non
1496 1175 1925 1235 contemnendo
1981 1174 2945 1234 vocavitconciliumtridentinum
2959 1175 3123 1232 tristi
3135 1175 3261 1233 fato

642 1265 843 1324 labore
874 1266 1182 1324 consuluit
1195 1261 1261 1346 ¹),
1297 1265 1375 1327 ib.
1415 1275 1613 1335 1591;
1652 1282 1784 1323 cum
1820 1264 1919 1321 ad·
1982 1263 2209 1322 tamdiu
2237 1264 2639 1339 interruptum
2686 1268 2865 1339 atque
2912 1262 3148 1321 demum
3186 1263 3262 1321 ad

643 1354 974 1413 ditionibus
995 1354 1031 1412 S
1047 1355 1067 1412 i
1085 1355 1156 1413 lv
1175 1354 1230 1411 ii
1250 1356 1310 1412 et
1326 1355 1415 1412 Fr.
1438 1355 1484 1411 B
1500 1372 1534 1411 o
1557 1373 1584 1411 r
1601 1353 1727 1430 gia
1741 1372 1771 1412 e
1793 1354 1921 1410 rhe-
1979 1356 2248 1428 optatum
2281 1352 2559 1428 perduxit
2589 1351 2781 1410 finem.
2813 1350 3100 1411 Absoluto
3120 1369 3257 1410 con·

641 1446 826 1501 torica
856 1443 1247 1518 concionandi,
1272 1442 1646 1518 Antwerpiae
1674 1452 1837 1505 1647
1862 1441 1924 1499 in
1978 1441 2113 1499 cilio
2146 1441 2603 1500 sollicitissimus
2622 1441 2741 1500 fuit
2771 1441 2843 1498 de
2875 1440 3261 1517 exsequendis

655 1539 762 1602 123
802 1541 987 1594 1679.
1022 1531 1167 1606 Ejus
1201 1550 1379 1606 opera
1410 1531 1660 1590 collecta
1691 1530 1921 1606 prodie-
1979 1529 2251 1589 decretis.
2284 1530 2525 1589 Curavit
2544 1533 2614 1588 ut
2635 1535 3081 1605 componeretur
3100 1534 3258 1587 cate·

647 1624 793 1678 runt
833 1620 1104 1678 Coloniae
1145 1630 1256 1682 161
1281 1631 1303 1681 1
1343 1624 1388 1680 t.
1410 1631 1443 1683 5
1470 1620 1532 1677 in
1555 1628 1610 1682 8.
1635 1653 1716 1662 —
1737 1618 1777 1677 J
1780 1638 1922 1679 oan-
1981 1619 2240 1678 chismus
2272 1619 2657 1689 tridentium„
2680 1607 3104 1677 reformaretur
3124 1619 3258 1676 bre·

644 1727 748 1767 nes
769 1708 1049 1767 Michel
1075 1709 1279 1767 Gallus
1302 1707 1542 1784 scripsit
1561 1712 1794 1784 praeter
1807 1708 1924 1767 alia
1977 1707 2237 1770 viarium
2268 1712 2329 1767 et
2359 1698 2599 1767 missale
2633 1726 2960 1766 romanum.
3012 1707 3089 1765 Ut
3121 1726 3260 1767 vero

644 1798 740 1856 Du
775 1798 907 1856 Zela
937 1799 1006 1855 de
1037 1798 1189 1856 Dieu
1221 1816 1299 1856 ou
1320 1798 1374 1855 le
1395 1796 1564 1856 chien
1589 1797 1660 1855 de
1694 1797 1920 1873 berger,
1977 1800 2038 1855 et
2092 1797 2156 1856 in
2216 1816 2323 1856 sua
2403 1796 2818 1855 archidioecesi
2898 1799 3262 1855 restauraret-

642 1886 805 1944 Paris
846 1896 1030 1948 1564.
1062 1887 1330 1945 Decessit
1358 1890 1611 1944 exeunte
1644 1906 1756 1947 sec.
1791 1884 1921 1945 XVI
1977 1885 2348 1961 disciplinam
2393 1885 2855 1964 ecclesiasticam
2885 1888 2947 1943 et
2979 1885 3259 1960 spiritum

641 1994 690 2032 a.
724 1975 936 2034 aetatis
973 1986 1070 2039 90.
1106 2008 1193 2018 —-
1225 1975 1399 2034 Petro
1431 1975 1503 2033 de
1535 1975 1781 2044 Rullo,
1818 1975 1922 2050 qui
1979 1975 2347 2043 catholicum,
2373 1974 2606 2033 veniam
2628 1973 2866 2032 demum
2894 1973 3256 2049 impetravit,

641 2064 841 2122 eodem
859 2065 1063 2124 floruit
1076 2068 1358 2140 tempore,
1378 2064 1665 2122 asseritur
1680 2062 1921 2122 L’Oeco-
1979 2064 2180 2122 invitis
2227 2063 2608 2141 pontificibus
2655 2062 2760 2121 Pio
2792 2062 2889 2121 IV.
2936 2069 2996 2121 et
3032 2063 3136 2122 Pio
3169 2063 3258 2133 V„

639 2155 821 2210 nomie
852 2156 1162 2230 canonique
1176 2155 1276 2211 des
1290 2152 1922 2229 ministresdel'Eylise
1979 2152 2083 2227 qui
2115 2154 2245 2229 ejus
2278 2152 2525 2211 consilio
2558 2155 2619 2211 et
2662 2151 2960 2209 industria
3008 2152 3257 2210 uteban-

643 2243 953 2318 catholique
984 2246 1044 2300 et
1064 2242 1135 2300 de
1157 2244 1215 2301 la
1234 2242 1645 2302 conservation
1667 2242 1738 2299 de
1758 2241 1796 2299 1’
1816 2260 1920 2300 an·
1977 2244 2095 2310 tur,
2128 2241 2385 2300 adeundi
2418 2259 2589 2299 suam
2630 2240 2951 2298 ecclesiam.
2997 2239 3261 2299 Incredi-

642 2330 848 2389 cienne
880 2331 1189 2408 discipline
1235 2350 1376 2390 avec
1419 2332 1505 2389 les
1553 2348 1805 2406 preuves
1839 2329 1922 2388 du
1976 2330 2086 2387 bili
2119 2330 2330 2389 ardore
2363 2332 2425 2388 et
2457 2329 2660 2388 studio
2694 2329 2857 2387 illius
2880 2328 3255 2388 reformatio·

640 2419 898 2478 sacrifice
956 2420 1345 2496 evangelique
1394 2418 1674 2496 Lugduni
1732 2428 1919 2482 1588.
1976 2438 2114 2477 nem
2147 2420 2383 2478 curavit
2429 2418 2645 2476 coactis
2692 2417 2976 2492 pluribus
3021 2418 3259 2493 synodis

638 2541 725 2551 —
758 2509 1049 2566 Plurimas
1081 2508 1387 2567 conciones
1418 2511 1478 2566 et
1497 2508 1921 2566 instructiones
1977 2507 2342 2567 dioecesanis
2390 2513 2451 2565 et
2496 2510 2724 2582 septem
2776 2506 3257 2582 provincialibuS,

638 2596 882 2671 reliquit
929 2598 1193 2657 Joannes
1245 2596 1564 2656 Coteree
1625 2593 1916 2675 (Cotreau‚
1975 2596 2197 2672 apertis
2219 2596 2452 2668 scholis,
2482 2595 2741 2655 conditis
2764 2595 3097 2655 seminariis
3113 2616 3256 2671 pue-

639 2682 935 2765 Cotereus)
970 2685 1287 2751 flamensis,
1323 2685 1527 2743 doctor
1560 2685 1917 2760 parisiensis,
1974 2704 2178 2745 rorum
2209 2690 2270 2744 et
2300 2686 2665 2756 clericorum,
2688 2703 3136 2761 quaquaversus
3153 2686 3255 2744 ha-

637 2773 934 2848 professor
966 2774 1282 2845 duacenus,
1311 2774 1627 2832 canonicus
1649 2776 1709 2831 et
1729 2774 1919 2832 archi·
1977 2774 2119 2833 bitis
2166 2775 2570 2844 missionibus,
2621 2774 2920 2833 institutis
2965 2776 3256 2833 accuratis

638 2861 923 2920 diaconus
940 2863 1305 2921 tornacensis
1321 2858 1381 2944 (†
1393 2882 1448 2937 p.
1481 2872 1506 2923 l
1524 2858 1694 2943 588),
1709 2862 1780 2921 de
1801 2881 1919 2938 quo
1976 2863 2421 2923 visitationibus
2453 2863 2515 2922 in
2537 2865 2665 2923 loca
2684 2862 2923 2921 horrida
2941 2865 3003 2921 et
3031 2868 3258 2921 remota

637 2950 706 3007 cf.
756 2950 927 3008 Feret
971 2951 1046 3021 11,
1104 2960 1226 3014 204
1265 2969 1309 3009 s,
1343 2985 1430 2994 —
1462 2952 1917 3011 Dissertationes
1973 2956 2152 3026 atque
2196 2953 2459 3029 exemplo
2504 2952 2903 3012 sanctissimae
2932 2956 2992 3010 et
3023 2956 3257 3027 aposto-

639 3038 922 3113 quasdam
974 3040 1325 3100 academicas
1387 3040 1577 3099 edidit
1638 3042 1919 3100 Matthias
1976 3041 2119 3100 licae
2150 3042 2326 3110 vitae,
2361 3041 2627 3101 adhibito
2652 3041 2850 3112 etiam,
2874 3040 2922 3098 si
2944 3060 3092 3115 opus
3111 3045 3254 3111 erat,

637 3128 777 3185 Bos
797 3129 979 3186 semi
1001 3127 1149 3206 usss)
1200 3129 1759 3189 Amstelodamensis
1828 3131 1921 3188 vir
1974 3130 2219 3189 salutari
2283 3131 2496 3207 rigore.
2560 3130 2810 3189 Maxime
2863 3148 2999 3188 vero
3062 3130 3253 3188 eluxit

638 3216 936 3291 piissimus
983 3220 1063 3296 (n.
1105 3227 1303 3289 1527;
1342 3214 1378 3284 †
1414 3228 1468 3280 4.
1501 3218 1667 3277 Febr.
1723 3214 1917 3300 1599)
1974 3219 2130 3278 zelus
2147 3220 2275 3295 ejus
2290 3220 2646 3297 apostolicus
2662 3221 2723 3278 et
2748 3218 3094 3277 inexhausta
3109 3219 3257 3277 cari-

636 3305 930 3380 professor
961 3314 1021 3366 et
1060 3307 1388 3367 academiae
1437 3308 1733 3365 duacenae
1780 3326 1918 3366 can·
1974 3312 2066 3366 tas
2085 3313 2346 3384 tempore
2364 3309 2761 3368 validissimae
2782 3307 2952 3366 famis
2985 3313 3046 3366 et
3067 3307 3255 3383 pestis

640 3395 927 3465 cellariuS,
962 3396 1122 3455 inter
1155 3416 1301 3472 quas
1334 3416 1418 3454 ex.
1450 3416 1537 3473 gr.
1576 3397 1645 3454 de
1688 3398 1917 3455 clerico·
1974 3402 2267 3455 cruentae.
2320 3398 2528 3473 Spreto
2580 3398 2743 3456 omni
2799 3397 2952 3455 vitae
2994 3396 3255 3471 periculo

636 3503 770 3542 rum
803 3486 1212 3545 cohabitatione
1243 3505 1380 3544 cum
1411 3485 1646 3544 seminis
1685 3485 1917 3544 licitane
1975 3486 2166 3544 astitit
2185 3486 2576 3545 moribundis.
2634 3486 2800 3545 Obiit
2830 3484 3020 3544 bonus
3053 3485 3254 3543 ovium

635 3573 714 3631 sit
728 3592 802 3631 an
820 3593 955 3644 non,
976 3576 1159 3633 Duaci
1183 3583 1366 3638 1586.
1391 3608 1460 3618 —
1486 3573 1597 3632 Sed
1610 3592 1746 3650 prae
1761 3580 1916 3633 cete-

634 3662 718 3719 ris
757 3664 1096 3737 gratissima
1128 3664 1410 3723 memoria
1448 3663 1540 3721 hic
1571 3663 1791 3740 dignus
1825 3666 1918 3721 est

636 3768 678 3806 s.
698 3749 934 3808 Carolus
950 3752 999 3808 B
1018 3770 1052 3808 o
1070 3771 1099 3808 r
1114 3771 1144 3808 r
1161 3772 1195 3811 o
1210 3771 1266 3808 m
1286 3772 1319 3809 a
1334 3771 1364 3810 e
1383 3771 1423 3809 u
1437 3770 1464 3809 s
1494 3752 1810 3811 Mediolani
1841 3753 1913 3810 il·

633 3837 812 3895 lustri
832 3844 1009 3896 natus
1029 3839 1251 3897 familia
1275 3849 1330 3899 2.
1352 3840 1475 3897 Oct.
1505 3849 1663 3903 1538
1698 3841 1915 3899 divini-

632 3928 734 3983 tus
748 3927 1221 4001 praedestinatus
1233 3928 1306 3986 ad
1318 3928 1742 3988 ecclesiasticae
1754 3929 1916 3987 disci·

633 4014 1748 4089 plinaerestaurationemtristibusillis
1761 4021 1913 4077 tem-

633 4103 890 4176 poribus.
924 4105 1300 4165 Anativitate
1326 4105 1544 4165 divinis
1558 4112 1913 4181 praeventus
1971 4099 2267 4180 elenchupss
2308 4099 2535 4153 exhibsst
2575 4100 2655 4152 Ar
2695 4098 2829 4153 elati
2858 4098 2899 4163 Ι,
2924 4101 3251 4178 2‚192-196.

631 4190 1139 4253 benedictionibus
1158 4195 1589 4253 sanctissimam
1612 4196 1779 4253 duxit
1789 4198 1914 4270 jam
1970 4169 2065 4294 ἓξ
2094 4168 3256 4311 gglglssgcginssffilseissalffjitg3334}ssae

624 4281 864 4354 juvenis
896 4283 1077 4341 vitam
1110 4283 1407 4342 exercitiis
1440 4283 1680 4360 pietatis
1706 4287 1766 4342 et
1785 4288 1912 4343 stu·
1969 4312 2026 4365 di
2052 4329 2093 4366 Β.
2123 4312 2284 4366 Casto
2309 4313 2390 4377 Β.,
2418 4313 2629 4366 milano
2659 4316 2938 4370 1357—51
2966 4315 3008 4366 t·
3034 4316 3099 4369 3:
3125 4329 3255 4365 cum

1967 4385 2101 4440 Ant.
2140 4384 2270 4438 Sala
2310 4384 2589 4455 Biografia
2628 4384 2683 4437 di
2726 4385 2779 4438 S.
2806 4383 2865 4438 C.
2892 4383 2953 4437 B.
2981 4382 3055 4438 ib.
3084 4386 3252 4443 1858:

708 4455 746 4521 ¹)
773 4453 1101 4534 Magni-hoc
1138 4456 1466 4508 enchiridion
1511 4452 1644 4506 fecit
1669 4454 1912 4521 synodus
1969 4454 2240 4509 Locatelli
2290 4454 2554 4509 Memorie
2599 4472 2627 4509 e
2672 4454 2996 4509 documenti
3040 4454 3254 4534 riguar-

633 4522 1028 4611 mechlinensrs
1068 4542 1117 4577 a.
1148 4529 1303 4604 1607.
1345 4528 1411 4577 ut
1453 4527 1612 4593 patet
1638 4541 1707 4579 ex
1731 4525 1913 4579 verbis
1968 4526 2129 4580 danti
2151 4545 2192 4580 s.
2215 4526 2273 4579 C.
2293 4526 2372 4593 Β.,
2400 4544 2428 4580 e
2454 4526 2474 4579 i
2500 4525 2686 4580 sinodi
2712 4524 3011 4606 diocesani,
3040 4523 3253 4578 Milano

633 4608 866 4725 811ξῖῧὲ
872 4594 1311 4733 ‘gobii'qiiilltdiibin
1332 4664 1521 4719 Revue
1549 4667 1645 4720 des
1672 4667 1914 4723 sciences
1969 4601 2108 4722 §1333
2118 4596 2747 4735 {isssfiwkffggzgsffggg
2759 4595 3146 4729 :Rggffiatgrg
3161 4594 3256 4721 gg}

632 4733 759 4791 eccl.
787 4734 934 4787 XLII
960 4738 1158 4805 (1880),
1184 4740 1288 4794 238
1299 4742 1482 4794 -260,
1969 4758 2023 4792 ιιι
2042 4757 2075 4792 a
2092 4757 2128 4792 n
2146 4756 2171 4793 s
2197 4740 2505 4806 (Pasmaus)
2550 4740 2739 4811 Belga,
2780 4738 3099 4807 theologiae
3126 4738 3252 4792 doc·

1973 3578 2177 3649 pastor
2209 3578 2269 3633 et
2289 3575 2698 3650 pientissimus
2720 3575 3069 3632 miserorum
3091 3578 3256 3649 pater

1972 3663 2205 3739 ingenti
2238 3663 2504 3722 omnium
2536 3664 2810 3722 ordinum
2832 3663 3002 3721 luctu
3028 3672 3080 3724 3.
3103 3661 3254 3721 Nov.

1980 3761 2164 3815 1584.
2214 3754 2265 3810 A
2311 3753 2497 3811 Paulo
2542 3752 2609 3811 V.
2655 3754 2812 3811 inter
2857 3758 3091 3810 sanctos
3137 3751 3256 3809 fuit

1972 3840 2194 3899 relatus
2254 3852 2305 3902 1.
2357 3841 2505 3899 Nov.
2565 3850 2748 3903 1612.
2802 3840 2992 3916 Opera
3006 3838 3051 3920 ¹)
3105 3841 3254 3916 ejus),

2048 4034 2082 4094 ¹)
2111 4027 2356 4097 Operum
2382 4028 2682 4085 (editorum
2706 4030 2874 4096 atque
2889 4026 3252 4098 ineditorum)
