3625 5193
1059 235 1430 290 1581—1600.
1458 229 1734 299 Liturgia.
1764 228 2060 296 Mamilius,
2086 229 2306 298 Myller,
2333 227 2641 282 Leisentrit
2665 230 2771 283 etc.

607 252 731 306 359
3099 246 3225 301 360

604 439 734 479 mae
766 420 891 478 suis
925 416 1199 493 expensis
1223 416 1433 476 excudi
1444 416 1692 492 jusserit
1720 423 1875 478 1591
1943 415 2108 474 sinus
2173 409 2418 497 (1566).
2468 418 2516 473 A
2563 413 2897 472 Madruceio
2943 414 3225 474 cardinali

603 509 665 567 in
699 508 756 579 f.‚
790 512 850 566 et
880 508 1008 582 ejus
1038 509 1338 564 auctorem
1384 504 1674 583 singulari
1705 504 1887 562 bene·
1943 503 2211 563 adlectus
2244 507 2340 562 est
2370 505 2682 580 episcopus
2715 501 3018 561 auxiliaris
3040 505 3224 561 ecele-

605 598 867 657 volentia
897 595 976 654 sit
1007 598 1354 671 prosecutus
1368 591 1434 676 l).
1482 593 1711 652 Prodiit
1750 592 1888 650 dein
1944 593 2065 652 siae
2110 591 2474 652 tridentinae
2526 589 2586 674 (†
2632 588 2844 672 1595).
2886 591 3228 666 Disputavit

605 687 837 763 saepius
850 683 1411 754 Coloniae,Parisiis,
1429 681 1706 760 Lugduni
1723 693 1741 744 1
1758 691 1883 744 606
1941 683 2013 741 de
2034 678 2410 740 candelarum
2439 683 2802 757 aliarumque
2832 699 3030 738 rerum
3059 700 3229 739 sensu

606 776 691 835 ed.
747 786 801 838 5.
847 806 932 817 -—
979 773 1211 831 Marcus
1256 772 1554 831 Antonius
1604 771 1889 829 Columna
1943 774 2260 829 ceremiam
2292 770 2768 829 benedictionibus
2802 817 2815 830 .
2854 813 2866 827 .
2901 817 2915 831 .
2949 769 3231 829 adversus

605 865 664 922 M
681 885 716 922 a
734 884 765 922 r
780 863 842 922 si
860 863 973 920 liu
991 880 1036 932 s,
1063 860 1468 931 Bononiensis,
1488 860 1647 919 omni
1667 859 1886 918 doctri·
1943 861 2290 928 haereti008‚
2325 859 2643 918 Mediolani
2676 867 2866 928 15883
2903 859 2971 916 de
2993 859 3230 918 Domini

605 973 832 1022 narum,
867 951 1161 1009 virtutum
1192 968 1257 1007 ac
1289 950 1626 1025 linguarum
1674 967 1888 1024 genere
1944 950 2379 1022 resurrectione,
2412 948 2510 1018 ib.,
2544 953 2607 1006 et
2626 947 2917 1022 quaedam
2940 966 2983 1005 s.
3007 948 3159 1006 Max
3179 948 3225 1005 i-

604 1040 942 1118 psi-itiaque
963 1041 1090 1098 erat
1105 1039 1539 1107 ornatissimus,
1556 1037 1888 1114 theologiae
1943 1037 2040 1096 mi
2072 1039 2348 1111 opuscula
2378 1037 2566 1095 latine
2609 1035 2887 1104 reddidit,
2921 1036 2999 1097 ib.
3044 1045 3225 1100 1588.

606 1134 667 1189 et
692 1131 846 1205 juris
880 1128 1194 1202 utriusque
1226 1126 1448 1197 doctor,
1482 1126 1609 1203 regi
1638 1127 1887 1203 hispano
1943 1160 2031 1170 —-
2061 1125 2364 1185 Joannnes
2398 1125 2844 1184 Leisentrit
2890 1126 2961 1182 de
2994 1124 3222 1183 Julius·

606 1239 640 1278 a
671 1218 932 1277 consiliis
966 1220 1028 1274 et
1057 1215 1536 1291 archiepiscopus
1577 1215 1888 1274 salernita-

605 1326 720 1366 nus
772 1302 1016 1386 (1574).
1068 1305 1295 1380 Corpus
1347 1324 1392 1367 s,
1443 1305 1710 1381 Gregorii
1756 1304 1890 1365 VII.

605 1396 727 1454 fere
774 1397 1185 1469 incorruptum
1233 1395 1454 1469 reperit
1505 1390 1565 1473 (†
1613 1402 1714 1455 24.
1747 1397 1887 1468 Apr.

618 1480 824 1564 1589).
876 1484 1020 1558 Ejus
1052 1485 1145 1541 est
1177 1482 1514 1541 doctissima
1545 1479 1888 1562 raraque2):

612 1572 1066 1649 Hydraqioloyia
1099 1571 1221 1629 sive
1252 1570 1325 1629 de
1363 1590 1520 1647 aqua
1562 1570 1887 1641 benedicta,

608 1663 826 1719 Romae
867 1670 1051 1729 1586,
1085 1661 1262 1718 etiam
1293 1660 1580 1736 inscripta
1618 1660 1689 1720 de
1728 1660 1890 1718 fonte

606 1749 865 1819 lustrali,
908 1750 985 1811 ib.
1026 1758 1223 1818 16053
1271 1751 1341 1808 de
1389 1751 1892 1808 ecclesiastieorum

608 1840 896 1897 redituum
915 1840 1134 1915 oriyine
1153 1857 1221 1896 ae
1230 1840 1388 1913 jure,
1409 1838 1676 1897 Venetiis
1701 1849 1721 1899 1
1743 1847 1775 1900 5
1788 1849 1819 1898 ’7
1833 1847 1888 1907 5,

611 1928 751 1986 diss.
794 1929 950 1986 bona
992 1931 1052 1985 et
1082 1927 1331 1985 erudita.
1367 1960 1452 1969 -—
1484 1927 1731 1985 Michael
1781 1927 1891 1983 'l'i-

611 2018 964 2074 motheus
1010 2015 1199 2074 edidit
1245 2016 1315 2073 In
1347 2017 1604 2073 divinum
1637 2016 1892 2089 officium

612 2124 707 2180 qq.
744 2115 889 2174 300,
924 2104 1183 2163 Venetiis
1224 2113 1409 2180 1581,
1458 2124 1606 2181 opus
1652 2124 1890 2173 rarum;

612 2195 680 2252 de
710 2195 998 2268 sacrificio
1029 2196 1255 2269 missae,
1304 2203 1504 2264 15843
1551 2196 1613 2253 in
1656 2194 1893 2270 hymnos

611 2281 1011 2341 ecclesiasticos
1047 2283 1401 2352 dilucidatio,
1453 2283 1670 2341 Romae
1721 2290 1889 2343 1602

612 2372 699 2431 ed.
737 2381 769 2431 2
798 2394 811 2441 ;
844 2374 1125 2430 institutio
1157 2372 1230 2429 ad
1261 2372 1562 2447 episcopos
1595 2371 1667 2428 de
1700 2389 1892 2429 sacro-

614 2460 833 2519 sanctis
867 2460 974 2518 Dei
997 2460 1257 2518 ecelesiis
1278 2459 1592 2517 visitandis
1618 2478 1894 2535 compen-

1946 1216 2090 1292 berg
2101 1215 2513 1275 olomucensis
2523 1235 2580 1272 n.
2600 1225 2625 1275 1
2643 1225 2675 1276 5
2687 1223 2720 1276 2
2732 1226 2761 1276 7
2790 1214 3078 1273 absolutis
3099 1219 3235 1272 stu-

1947 1304 2062 1362 diis
2095 1304 2447 1380 aliquandiu
2478 1303 2646 1379 degit
2676 1303 2742 1361 in
2786 1302 2921 1360 aula
2967 1320 3233 1361 caesarea

1946 1393 2015 1451 ad
2036 1392 2440 1452 instituendos
2461 1410 2679 1467 pueros
2701 1391 2962 1450 nobiles:
2998 1410 3118 1466 qua
3135 1411 3232 1449 re·

1944 1482 2088 1540 licta
2120 1483 2311 1540 factus
2344 1484 2436 1540 est
2468 1481 2756 1549 sacerd03,
2805 1479 2943 1538 dein
2991 1481 3234 1538 canoni-

1947 1590 2050 1630 cus
2088 1575 2150 1630 et
2192 1571 2453 1629 decanus
2499 1569 2933 1627 budissinensis
2981 1564 3231 1650 (1559).

1947 1661 2091 1720 Post
2143 1660 2528 1718 defectionem
2574 1658 2834 1734 episcopi
2884 1658 3225 1716 misniensis

1946 1749 2017 1807 ad
2075 1753 2478 1824 protestantes
2530 1747 2898 1806 constitutus
2948 1751 3041 1805 est
3098 1747 3229 1821 ipse

1947 1838 2205 1896 vicarius
2239 1857 2340 1895 seu
2375 1835 2811 1895 commissarius
2845 1835 2909 1894 in
2943 1836 3227 1910 spiritua-

1948 1927 2105 1984 libus
2138 1945 2244 2001 per
2275 1925 2576 1983 Lusatiam
2611 1921 2673 2006 (†
2695 1934 2805 1989 25.
2840 1925 2987 1983 Nov.
3016 1920 3229 2004 1586).

1946 2016 2208 2074 Aclnisus
2242 2018 2331 2072 est
2364 2033 2468 2090 pro
2503 2014 2732 2072 viribus
2767 2031 3032 2072 coercere
3065 2013 3136 2071 iis
3172 2015 3235 2070 in

1947 2104 2289 2182 regionibus
2335 2102 2814 2179 protestantismi
2862 2102 3231 2161 invasionem

1948 2199 2009 2252 et
2058 2191 2481 2251 catholicorum
2532 2191 2688 2249 tueri
2737 2192 2903 2267 jura:
2970 2191 3073 2248 sed
3123 2192 3234 2249 illo

1948 2283 2323 2358 praevalente
2356 2281 2517 2338 visus
2555 2285 2649 2338 est
2694 2280 3005 2338 nonnullis
3053 2280 3234 2337 nimis

1948 2370 2264 2447 indulgens
2294 2369 2576 2428 adversus
2596 2371 2923 2427 novatores
2957 2370 3091 2444 Ipse
3114 2369 3233 2445 pri·

1948 2478 2080 2517 mus
2132 2459 2372 2517 videtur
2403 2458 2703 2516 induxisse
2753 2457 2815 2514 in
2863 2476 2967 2515 sua
3015 2458 3236 2517 Forma

613 2549 789 2619 diosa,
809 2568 929 2625 qua
952 2550 1124 2625 juxta
1143 2566 1301 2611 conc.
1321 2548 1634 2607 tridentini
1660 2548 1897 2606 decreta
1948 2550 2272 2625 yermanico
2303 2548 2574 2606 idiomate
2611 2546 2950 2619 baptizandi
2983 2548 3239 2621 infantes

615 2639 923 2697 dioecesim
958 2639 1200 2696 visitare
1232 2638 1477 2712 possint,
1512 2638 1591 2696 ib.
1634 2646 1790 2700 1581
1830 2637 1894 2694 in
1949 2656 2057 2714 pro
2090 2637 2409 2711 utriusque
2426 2635 2699 2694 Lusatiae
2718 2635 3056 2694 misniensis
3077 2636 3238 2694 dioe-

620 2737 674 2788 4.
697 2760 781 2768 -—
802 2726 839 2784 J
843 2727 1058 2784 acobus
1079 2727 1136 2784 M
1152 2726 1311 2801 ylle
1327 2745 1356 2782 r
1385 2725 1727 2801 compilavit
1745 2744 1895 2801 opus
1952 2745 2145 2785 eeseos
2162 2726 2446 2801 parochis,
2461 2725 2811 2783 Budissinae
2843 2734 3020 2793 15643
3052 2734 3234 2796 1566;

615 2816 801 2873 latine
834 2820 893 2872 et
924 2815 1255 2890 germanice
1283 2815 1665 2890 inscriptum:
1703 2816 1894 2873 Orna—
1953 2815 2225 2874 Coloniae
2278 2824 2463 2882 1585,
2511 2832 2685 2872 usum
2735 2813 2975 2889 linguae
3008 2814 3235 2888 patriae

617 2911 708 2961 tus
771 2904 1176 2961 ecclesiasticus
1237 2904 1291 2961 h.
1358 2922 1406 2960 e.
1483 2904 1896 2980 compendium
1953 2906 2015 2962 in
2033 2908 2532 2963 sacramentorum
2555 2901 3083 2961 administratione.
3103 2902 3241 2961 Huc

618 2992 1067 3069 praecipuarum
1099 3010 1318 3062 rerum,
1365 2992 1585 3066 quibus
1635 2994 1750 3051 rite
1796 2993 1897 3051 de·
1954 2995 2187 3069 spectat
2217 2997 2279 3051 et
2312 2992 2531 3049 Forma
2561 2991 2874 3050 vernacula
2904 2991 3111 3067 lingua
3144 3010 3239 3048 co-

618 3084 934 3155 centerque
955 3080 1311 3154 compositae
1332 3082 1533 3140 ecclesi
1543 3101 1609 3140 ae
1630 3082 1896 3140 exornari
1944 3084 2198 3158 pulandi
2217 3082 2586 3153 desponsatos
2617 3084 2676 3138 et
2688 3080 3100 3155 proclamatOS,
3115 3081 3238 3138 Bu·

620 3176 678 3228 et
711 3168 972 3227 redimiri
1018 3169 1253 3239 debent,
1302 3170 1594 3228 Monachii
1637 3181 1790 3233 1591
1836 3171 1898 3228 in
1954 3168 3236 3245 dissinael568.Reliquitaliaasceticaprac-

622 3270 677 3320 4.
721 3260 856 3316 'eum
918 3258 1124 3317 multis
1184 3258 1700 3331 delineationibuS‚
1752 3278 1899 3335 opus
1952 3260 2071 3318 tica
2091 3256 2151 3339 ¹),
2192 3260 2230 3316 1.
2280 3258 2387 3316 Via
2437 3265 2609 3326 reeta,
2645 3258 2814 3327 bona,
2862 3257 3125 3332 antiqua,
3174 3258 3243 3314 in

618 3348 788 3406 valde
845 3367 1044 3405 rarum
1109 3343 1208 3428 (m.
1269 3344 1396 3428 66).
1457 3382 1542 3390 -—
1601 3350 1898 3425 Aymarus
1954 3368 2071 3424 qua
2127 3348 2584 3406 ambulaverunt
2624 3347 2879 3421 majores
2924 3352 2987 3404 et
3039 3353 3235 3420 patres

621 3436 674 3494 H
690 3455 719 3494 e
735 3456 775 3494 n
791 3455 831 3493 n
848 3456 878 3495 e
895 3456 931 3510 q
949 3437 1083 3495 uin
1143 3435 1457 3512 episcopus
1510 3437 1897 3495 rhedonensis
1954 3437 2145 3495 nostri
2168 3440 2227 3494 et
2247 3454 2448 3494 omnes
2465 3436 2755 3503 catholici,
2783 3445 2855 3497 15
2870 3444 2968 3496 59.
2986 3434 3237 3492 Maxime

621 3521 682 3605 (†
729 3536 817 3588 13.
849 3525 985 3584 Jan.
1027 3522 1218 3605 1596)
1265 3525 1510 3600 reliquit
1553 3528 1899 3602 interpreta-
1954 3544 2093 3585 vero
2115 3526 2382 3584 innotuit
2402 3544 2510 3583 sua
2531 3525 2878 3583 collectione
2895 3524 3236 3582 cantionum

619 3616 828 3673 tionem
856 3617 1348 3672 caeremoniarum
1383 3617 1609 3685 missae,
1657 3614 1899 3673 Parisiis
1956 3614 2477 3673 ecclesiasticarum
2510 3614 2717 3688 lingua
2749 3613 3065 3671 vernacula
3098 3608 3236 3692 (Ge-

627 3714 652 3764 1
671 3702 1488 3768 57831579.—GabrielAle
1507 3722 1533 3760 s
1551 3722 1577 3760 s
1595 3723 1628 3761 a
1644 3723 1683 3761 n
1701 3705 1736 3761 d
1753 3704 1815 3761 ri
1838 3703 1900 3762 O.
1957 3697 2305 3781 sangbueh)‚
2323 3703 2399 3759 ib.
2426 3712 2608 3764 1567.
2626 3726 2692 3734 -·
2715 3702 3092 3778 Augustinus
3114 3702 3239 3758 Μο-

620 3792 713 3847 Pr.
748 3791 1062 3867 Bergomas
1102 3790 1301 3849 theses
1340 3790 1410 3849 de
1441 3791 1718 3850 universa
1753 3813 1808 3866 p.
1853 3803 1898 3853 l.
1956 3792 2143 3851 larius
2178 3791 2589 3850 Fivizanus
2612 3791 2675 3849 Ο.
2699 3789 2751 3846 S.
2776 3792 2927 3866 Aug.
2946 3789 3232 3865 Gregorio

622 3898 665 3936 s.
696 3877 949 3937 Thomas
981 3884 1153 3938 tanto
1175 3898 1309 3937 eum
1329 3881 1549 3956 plausu
1570 3881 1900 3939 defendisse
1957 3881 2112 3939 XIII.
2147 3884 2208 3938 et
2221 3880 2506 3938 Clementi
2524 3879 2678 3937 VIII.
2700 3900 2733 3935 a
2752 3879 3243 3948 confessionibuS,

622 3968 859 4043 legitur,
893 3971 964 4024 ut
1009 3969 1336 4043 magisterii
1386 3970 1642 4028 lauream
1691 3969 1903 4028 exinde
1958 3969 2183 4028 ordinis
2219 3969 2311 4026 sui
2343 3969 2586 4027 tertium
2623 3968 2872 4026 vicarius
2920 3967 3237 4042 generalis„

624 4056 1032 4132 reportaverit.
1067 4058 1280 4115 Faetus
1298 4063 1391 4115 est
1409 4059 1721 4133 episcopus
1739 4048 1901 4135 gale·
1962 4058 2313 4134 apostolicae
2345 4057 2600 4133 capellae
2632 4056 2875 4114 sacrista
2910 4052 2970 4136 (†
2990 4056 3243 4118 30.Jan.

1965 4159 1990 4210 l
2009 4144 2180 4227 595),
2204 4147 2389 4204 edidit
2423 4145 2730 4221 splendide
2753 4145 3052 4203 Summam
3085 4146 3244 4219 Aug.

1960 4236 2218 4294 Trium
2237 4236 2365 4311 phi
2422 4236 2490 4292 de
2528 4240 2808 4307 potestate
2869 4233 3245 4291 ecclesiastiea.

1960 4343 2093 4383 cum
2127 4324 2255 4398 ejus
2298 4324 2428 4383 vita
2462 4325 2677 4381 Romae
2722 4332 2901 4389 1582,
2949 4325 3009 4379 et
3055 4321 3243 4379 disse·

704 4283 739 4351 ¹)
768 4281 855 4332 Ita
880 4278 1110 4349 Doujat‚
1135 4282 1388 4350 praenot.
1416 4298 1611 4341 canon,
1637 4281 1676 4333 l.
1703 4286 1753 4336 5.
1780 4298 1824 4334 e.
1852 4285 1902 4337 8.

625 4350 900 4405 Nonnulli
953 4352 1055 4404 hoc
1106 4369 1250 4420 opus
1301 4351 1528 4404 doctum
1581 4352 1908 4405 adscribunt

624 4423 788 4476 Petro
840 4421 1076 4475 Danes
1126 4423 1386 4491 episcopo
1438 4422 1741 4488 mutiensi,
1805 4422 1905 4491 qui
1960 4414 2085 4472 ruit
2117 4414 2185 4471 de
2214 4415 2335 4470 ritu
2367 4414 2554 4470 erucis
2584 4431 2726 4472 rom.
2757 4412 3021 4485 pontifici
3056 4429 3239 4485 prae·

624 4511 774 4547 conc.
822 4493 1132 4547 tridentino
1175 4494 1517 4547 interfuerat
1582 4494 1906 4561 ibidemque
1962 4503 2244 4577 ferendae,
2280 4503 2492 4560 Romae
2534 4509 2713 4564 1592,

624 4564 903 4633 prolixam
921 4564 1348 4633 elegantemque
1367 4564 1678 4618 orationem
1697 4566 1906 4620 habue·
2503 4625 2506 4628 ,

625 4638 715 4688 rat
740 4640 787 4706 (†
815 4639 992 4716 1577),
1020 4654 1134 4704 qua
1159 4636 1226 4687 (le
1255 4653 1310 4688 re
1327 4636 1394 4688 cf.
1413 4636 1694 4691 Baluzein
1711 4641 1907 4693 annot.
2039 4641 2076 4705 ¹)
2106 4637 2186 4697 Cf,
2239 4636 2451 4691 Kerker
2499 4636 2609 4692 KL.
2673 4636 2793 4699 Vll,
2858 4639 3241 4705 1701—1705;

624 4708 699 4761 ad
725 4725 766 4760 s.
795 4706 873 4774 Cy
915 4707 1060 4760 nani
1085 4708 1120 4761 1.
1150 4708 1217 4761 de
1258 4723 1421 4777 opere
1448 4712 1504 4761 et
1531 4708 1722 4763 eleem.
1750 4726 1795 4764 e.
1825 4713 1907 4767 15.
1964 4708 2203 4762 Schnorr
2241 4727 2292 4762 v.
2322 4708 2625 4762 Carolsfeld
2666 4709 2812 4778 Allg.
2853 4708 2905 4762 (1.
2932 4707 3012 4759 Bi.
3042 4705 3250 4770 xvm,

702 4786 740 4844 2)
770 4778 850 4834 cf.
931 4778 1109 4846 ghelli
1135 4778 1301 4832 Italia
1328 4796 1484 4833 sacra
1513 4780 1630 4845 VH,
1659 4784 1762 4837 632
1791 4798 1833 4833 s.
1963 4785 2085 4837 221.
