3625 5193
923 253 1215 324 Toou-ing,
1240 254 1524 321 Mansfelt‚
1549 255 1901 322 Bordenave‚
1925 254 2157 324 Pineau,
2185 256 2489 310 Tondutus
2514 258 2626 313 etc.

474 273 641 327 1169
2928 277 3091 330 1170

464 442 670 501 nonica
688 484 701 510 ,
754 459 905 516 quae
954 440 1255 498 uberrima
1304 439 1638 499 eruditione
1690 459 1752 500 se
1809 441 2125 518 stopborus
2157 442 2537 519 Toerring
2568 442 2632 501 O.
2666 442 2720 501 S.
2753 442 2914 513 Ben.‚
2967 463 3093 503 mo-

461 529 899 600 commendant,
927 529 1282 604 prodierunt
1296 528 1746 605 Lugduni165'7
1806 530 2033 589 nachus
2082 529 2486 607 gottwicensis
2504 575 2518 602 ,
2574 531 2732 607 juris
2778 532 3096 607 utriusque

463 628 725 682 -1689
761 622 809 681 t.
833 627 911 681 23
946 618 1011 675 in
1030 617 1102 689 f.;
1143 625 1577 681 1698—1716
1599 621 1643 682 t..
1668 627 1747 681 20
1807 619 2016 679 doctor
2045 622 2107 678 et
2137 637 2215 678 ss.
2261 637 2554 679 canonum
2593 620 2657 678 in
2701 620 3094 681 universitate

460 710 529 768 in
558 729 612 768 v.
642 716 717 772 18
751 708 814 767 in
834 707 871 765 f.
904 706 990 765 Ex
1025 702 1116 766 his
1137 708 1266 783 ejus
1295 706 1480 765 frater
1511 708 1750 767 Simon
1806 707 2236 785 salisburgensi
2295 709 2598 785 professor
2659 705 2720 790 (†
2789 720 2884 772 10.
2944 711 3093 770 Nov.

463 798 606 857 Vaz
636 798 722 867 Β.,
769 815 950 872 quem
982 796 1363 873 Augustinus
1411 814 1605 856 secum
1635 797 1749 857 Ro-
1817 793 2042 879 1643),
2095 797 2267 874 cujus
2318 798 2616 857 habentur
2659 798 3094 873 disputationes

463 906 620 945 mam
650 886 916 957 duxerat,
950 888 1021 944 ut
1051 886 1180 959 ejus
1200 903 1377 962 opera
1407 888 1470 944 et
1494 886 1747 962 diligen·
1804 887 1874 944 de
1899 887 2033 960 foro
2063 893 2418 964 competente,
2461 886 2788 964 Salisburgi
2830 897 2991 952 1640
3027 889 3091 947 in

460 976 553 1035 tia
583 975 648 1033 in
679 975 1116 1035 conscribendis
1148 975 1211 1032 ll.
1243 976 1535 1047 uteretur,
1571 975 1748 1035 colle-
1808 987 1879 1047 4;
1912 977 1982 1034 de
2010 994 2189 1035 eausa
2209 977 2591 1053 possessorio,
2626 976 2704 1034 ib.
2735 986 2892 1039 1641
2934 977 2998 1036 in
3025 988 3090 1049 4;

464 1065 555 1143 git
586 1065 968 1141 repertorium
997 1065 1157 1138 iuris
1187 1064 1369 1122 civilis
1387 1071 1438 1122 et
1466 1066 1748 1140 canonici,
1804 1067 1875 1123 de
1902 1066 2035 1138 iure
2063 1067 2501 1140 rescriptorum,
2532 1065 2611 1124 ib.
2652 1073 2817 1128 1642
2854 1065 2978 1128 in4.
3005 1101 3093 1111 —

463 1152 743 1230 Lugduni
780 1162 947 1216 1668
981 1153 1047 1211 in
1067 1153 1125 1224 f.,
1160 1171 1227 1211 ac
1244 1156 1549 1228 praeterea
1569 1148 1749 1235 (teste
1805 1154 2047 1213 Carolus
2092 1153 2165 1213 de
2196 1154 2568 1213 Mansfelt
2612 1154 3092 1233 Luxemburgen-

457 1243 652 1302 Nicol.
698 1237 984 1323 Antonio)
1039 1261 1108 1300 ex
1152 1241 1417 1317 ejusdem
1468 1243 1747 1318 operibus
1805 1243 1886 1302 sis
1901 1237 1972 1323 ¹),
2018 1243 2179 1302 Petri
2210 1243 2451 1303 Ernesti
2495 1243 2779 1319 principis
2817 1246 2879 1302 et
2910 1246 3091 1304 comi-

456 1331 646 1391 edidit
677 1331 984 1407 Principio
1016 1339 1066 1413 et
1106 1331 1257 1390 locos
1287 1346 1611 1390 communes
1642 1349 1748 1391 seu
1803 1333 1884 1391 tis
1916 1332 2196 1392 Mansfelt
2226 1332 2401 1404 filius,
2434 1351 2477 1390 s.
2508 1332 2843 1409 theologiae
2865 1332 3088 1405 doctor,

459 1421 700 1499 regulas
753 1424 873 1479 tam
922 1419 1289 1478 decisionum
1340 1438 1517 1495 quam
1568 1440 1745 1498 argu·
1803 1419 2061 1480 decanus
2091 1420 2284 1496 primo
2314 1421 2523 1491 Ivodii‚
2557 1420 2768 1480 deinde
2795 1422 3092 1482 Bruxellis

458 1512 795 1568 mentorum
812 1508 1131 1584 utriusque
1141 1508 1315 1585 juris,
1329 1508 1544 1568 Romae
1560 1521 1586 1572 1
1599 1519 1633 1572 6
1644 1519 1677 1572 2
1692 1521 1746 1582 1;

458 1597 738 1675 Lugduni
781 1607 941 1661 1630
990 1598 1053 1656 in
1089 1606 1156 1668 83
1207 1597 1431 1656 Matriti
1478 1616 1612 1657 cum
1642 1618 1744 1657 va-

457 1687 682 1745 riorum
699 1686 1098 1746 additionibus
1119 1698 1140 1748 1
1156 1695 1278 1749 649
1294 1707 1307 1756 ;
1324 1686 1562 1746 Genuae
1582 1696 1653 1750 16
1665 1697 1698 1750 5
1708 1699 1743 1751 0

455 1779 602 1845 etc.;
634 1779 962 1834 tractatum
1006 1776 1075 1833 de
1106 1772 1398 1851 diynitote,
1444 1778 1665 1853 oriyine
1695 1784 1747 1835 et

458 1866 803 1940 siqnificatis
848 1866 1200 1940 mysterio-sis
1243 1864 1747 1924 ecclesiasticorum

453 1955 770 2030 yraduum,
803 1952 982 2011 officii
1015 1952 1221 2022 divini,
1264 1953 1521 2011 vestium
1554 1972 1745 2012 sacer-

455 2041 748 2101 dotalium
779 2045 842 2100 et
887 2039 1336 2118 pontificalium,
1385 2044 1565 2117 atque
1611 2061 1743 2101 ver-

455 2130 687 2201 borum,
722 2129 1221 2190 caeremoniarum
1262 2132 1324 2188 et
1368 2130 1622 2189 aliarum
1651 2150 1743 2189 re-

455 2238 593 2278 rum
624 2219 1059 2296 pertinentium
1096 2219 1171 2278 ad
1201 2237 1276 2277 ss.
1309 2219 1527 2279 missae
1560 2219 1742 2278 sacri-

455 2307 675 2379 ficium,
708 2308 990 2385 Lugduni
1030 2317 1193 2371 1635
1227 2309 1292 2366 in
1327 2317 1381 2372 8.

546 2496 690 2549 511.
723 2486 808 2544 De
840 2486 1250 2563 singularibus
1288 2485 1741 2562 quaestionibus

452 2576 516 2634 et
547 2575 915 2652 argumentis
946 2575 1018 2635 ad
1043 2576 1147 2652 jus
1190 2575 1542 2635 canonicum
1574 2592 1741 2652 spec-

450 2664 726 2723 tantibus
748 2665 1115 2740 scripserunt
1133 2661 1178 2746 ¹)
1196 2684 1227 2724 e
1249 2665 1561 2723 Germanis
1577 2664 1740 2724 Chri-

531 2891 569 2959 1)
594 2888 1111 2942 Praeter-mittimus
1144 2888 1421 2942 ,Ioannem
1448 2888 1737 2956 Aloysium

1804 1510 1881 1569 ad
1913 1528 1957 1568 s.
1993 1509 2288 1568 Gudulam
2320 1512 2381 1569 et
2411 1509 2484 1568 de
2522 1510 2780 1568 oratorio
2815 1511 3085 1570 sereniss.

1802 1598 2182 1658 archiducum
2232 1617 2299 1657 ac
2346 1599 2519 1675 regis,
2568 1599 2802 1676 regium
2853 1618 3090 1675 quoque

1804 1706 1985 1765 super
2014 1686 2340 1747 exercitum
2371 1688 2757 1763 hispanorum
2787 1688 2852 1747 in
2884 1689 3089 1766 Belgio

1802 1777 2060 1836 vicarius
2105 1777 2398 1853 generalis
2444 1777 2628 1853 legati
2673 1777 2981 1853 apostolici
3024 1778 3088 1836 in

1802 1866 2220 1941 spiritualibus
2270 1861 2331 1947 (†
2382 1860 2575 1946 1661)
2597 1910 2610 1936 ,
2657 1865 2903 1942 reliquit
2948 1866 3088 1926 stilo

1802 1955 1955 2013 sicco
2001 1956 2063 2013 et
2107 1954 2341 2014 conciso
2389 1954 2752 2030 conscripta:
2797 1954 3087 2015 Par-atillo

1799 2044 2010 2101 decreti
2041 2061 2149 2102 seu
2178 2043 2250 2102 de
2275 2044 2412 2119 jure
2444 2062 2604 2102 sacro
2635 2043 2700 2101 in
2730 2062 2947 2120 genere
2980 2044 3082 2102 de·

1801 2150 1918 2207 que
1937 2131 2467 2191 ecclesiasticorum
2488 2131 2754 2190 moribus
2776 2135 2837 2191 et
2857 2132 3083 2205 officiis,

1801 2219 2046 2279 Lovanii
2086 2230 2285 2290 1616;
2331 2222 2629 2297 utriusque
2645 2222 2813 2296 juris
2852 2239 3086 2280 concors

1798 2310 2127 2386 discordia,
2199 2328 2318 2384 qua
2366 2327 2615 2368 canones
2665 2327 2799 2368 cum
2849 2309 3084 2387 legibus

1799 2401 2137 2475 pugnantes
2191 2397 2615 2469 conciliantur,
2677 2398 3084 2476 Luxemburgi

1806 2497 2008 2557 16193
2041 2489 2102 2545 et
2137 2487 2252 2545 alia
2288 2487 2578 2563 opuscula
2618 2482 2778 2569 (15),
2818 2488 2980 2546 inter
3014 2507 3085 2547 ea

1797 2574 2089 2653 quaedam
2108 2576 2183 2636 ad
2214 2593 2413 2635 curam
2445 2576 2816 2652 spiritualem
2834 2576 3082 2637 militiae

1797 2666 2148 2742 spectantia.
2180 2666 2228 2724 E
2243 2666 2414 2742 qallis
2432 2666 2471 2723 J
2473 2683 2690 2724 oannes
2720 2665 2793 2723 de
2810 2667 2860 2725 B
2877 2683 2910 2724 o
2924 2685 2956 2725 r
2970 2667 3009 2725 d
3022 2686 3083 2726 e-

1796 2772 1838 2812 n
1855 2775 1888 2812 a
1903 2773 1941 2814 v
1955 2774 2004 2825 e,
2023 2754 2129 2831 qui
2145 2754 2426 2813 disseruit
2438 2755 2508 2812 de
2522 2755 2768 2813 ecclesiis
2780 2755 3080 2814 cathedra·

1796 2843 1946 2902 libus
1977 2850 2028 2902 et
2070 2844 2406 2920 colleyiatis,
2458 2843 2697 2902 Parisiis
2737 2851 2901 2907 1643
2950 2843 3012 2902 in
3043 2845 3081 2903 f.

455 2960 574 3013 Ric
587 2960 645 3012 ci
665 2959 991 3029 episcopum
1006 2960 1536 3039 Vico-aquensem&
1549 2964 1598 3015 6.
1611 2958 1643 3012 J
1648 2976 1740 3013 an.
1793 2931 2230 2991 —Frm‘iifflus
2258 2933 2305 2990 P
2319 2933 2340 2989 i
2358 2952 2393 2990 θ’
2407 2951 2435 2990 S
2452 2950 2479 2991 Β
2495 2951 2529 2991 0
2542 2951 2583 2991 n
2607 2964 2694 2977 -·
2720 2932 2958 2991 Gabriel
2988 2933 3026 2991 d
3042 2953 3083 2992 u

454 3034 632 3097 1643),
673 3030 775 3098 qui
813 3029 1047 3099 collegit
1087 3029 1274 3084 varias
1315 3029 1622 3083 decisiones
1649 3029 1741 3101 (cf.
1796 3016 2156 3102 Pineau2)
2172 3021 2617 3098 Andegavensis
2635 3017 2697 3102 (†
2730 3019 2943 3102 1644),
2978 3023 3084 3096 qui

453 3100 690 3156 Schulte
719 3100 814 3167 111,
838 3105 965 3173 468)
994 3135 1061 3141 --
1090 3102 1371 3157 Joannem
1396 3100 1741 3154 Crucium
1795 3112 2041 3185 propter
2071 3127 2365 3168 gammam
2410 3110 2816 3187 integritatem
2848 3109 3082 3169 diceba..

454 3174 507 3228 S.
534 3174 581 3227 J.
611 3173 986 3237 Bremensem,
1029 3188 1096 3227 ex
1137 3175 1288 3227 secta
1326 3171 1629 3226 lutherana
1667 3173 1739 3226 ad

455 3245 622 3298 fidem
663 3244 999 3298 catholicam
1026 3260 1354 3298 conversum
1396 3245 1443 3315 (†
1468 3246 1628 3313 1662)

452 3315 843 3370 Hei-mannum
883 3313 959 3367 W
975 3331 1004 3369 e
1021 3331 1045 3368 s
1062 3332 1087 3368 s
1103 3332 1132 3368 e
1148 3314 1257 3367 lin
1272 3332 1336 3384 g,
1378 3313 1481 3381 qui
1518 3313 1712 3384 scripsi

1796 3200 1901 3256 tur
1936 3198 2076 3257 Cato
2114 3199 2541 3276 ondeyavensis,
2590 3204 2837 3275 propter
2867 3199 3080 3257 sollici-

1718 3316 1742 3367 t
1794 3286 2067 3345 tudinem
2087 3287 2160 3346 de
2179 3287 2376 3363 patria
2385 3294 2562 3362 pater
2569 3289 2781 3361 populi
2795 3321 2846 3329 -
2863 3287 3080 3346 Petrus

453 3390 670 3455 dejure
707 3390 1107 3454 superioritatis
1144 3405 1207 3441 ac
1245 3404 1456 3441 summa
1482 3394 1741 3455 potestate
1796 3376 2180 3435 deMauriz
2200 3394 2232 3434 e
2256 3376 2601 3452 parisiensis
2615 3375 3082 3451 jurisconsultus

450 3463 668 3512 romam·
694 3461 979 3527 mefissssae
1019 3456 1286 3512 Coloniae
1325 3460 1465 3514 1662
1505 3459 1609 3511 efic-
1657 3456 1741 3512 Cf·
1796 3498 1883 3509 —
1915 3465 2132 3524 Petrus
2161 3464 2510 3523 Franciscus
2530 3464 2904 3523 Tondutus
2937 3463 3081 3523 San·

452 3528 693 3583 Schulte
720 3529 813 3594 Ill,
843 3532 962 3586 187.
989 3561 1058 3569 —
1086 3528 1447 3582 Franciscum
1474 3528 1545 3583 de
1573 3527 1618 3593 Q
1635 3545 1671 3581 u
1690 3545 1740 3582 e-

451 3617 485 3653 v
502 3616 531 3653 e
549 3600 584 3653 d
603 3617 634 3653 o
657 3599 777 3653 Vill
856 3616 917 3654 os
934 3599 1153 3654 Matriti
1174 3618 1228 3654 n.
1247 3603 1405 3665 1580,
1433 3599 1619 3653 virum
1640 3598 1741 3653 lai-

449 3688 598 3736 cum,
639 3671 807 3725 admo
850 3688 946 3724 um
985 3671 1294 3738 eruditum,
1338 3671 1399 3724 in
1437 3669 1618 3724 literis
1642 3670 1740 3724 hu-

1796 3553 2017 3630 legerio
2049 3551 2148 3633 (de
2168 3551 2426 3612 Tonduti
2456 3553 2528 3611 de
2561 3553 2617 3615 S.
2637 3548 2867 3634 Leger),
2893 3554 3081 3629 juris·

451 3741 803 3797 manioribus
842 3741 1064 3812 egregie
1105 3742 1425 3806 excultum,
1466 3740 1567 3810 qui
1606 3741 1739 3796 stilo
1796 3741 1919 3810 ejus
1945 3740 2171 3794 vicariis
2197 3741 2254 3794 et
2280 3737 2566 3794 officiariis
2600 3738 2933 3806 exhibitum,
2976 3739 3081 3795 Do-

451 3813 694 3882 hispano
739 3814 1009 3868 utebatur
1046 3813 1293 3869 classico,
1354 3812 1433 3865 Ut
1472 3812 1740 3868 libertate
1794 3811 1885 3865 lae
1910 3814 2053 3869 1628
2085 3811 2148 3865 in
2173 3815 2222 3869 8.
2251 3812 2358 3867 etc.
2399 3810 2481 3866 Cf.
2511 3812 2729 3867 Echard
2755 3812 2822 3878 11,
2850 3814 2971 3869 589.
3009 3834 3079 3852 ·—

452 3885 731 3939 frueretur
755 3900 992 3937 munera
1017 3885 1077 3937 in
1103 3884 1239 3938 aula
1260 3883 1566 3938 honorifica
1590 3900 1740 3938 recu-
1795 3882 2175 3953 Hippolytum
2203 3882 2251 3937 G
2266 3900 2293 3935 r
2308 3899 2343 3936 a
2358 3900 2383 3935 s
2399 3900 2424 3935 s
2441 3883 2586 3937 etti
2617 3883 3000 3938 Mutinensem
3027 3883 3079 3937 S.

451 3956 617 4012 savit.
644 3955 896 4009 Plurima
913 3954 1152 4022 reliquit
1171 3955 1352 4009 omnis
1372 3955 1592 4024 generis
1613 3955 1739 4009 scri-
1793 3954 1844 4008 J.
1872 3957 1979 4024 (12.
1995 3955 2120 4011 Jan.
2149 3957 2328 4026 1663),
2356 3955 2521 4024 cujus
2546 3957 2630 4008 est
2656 3959 2918 4011 Anatome
2941 3961 3083 4010 necis

449 4029 552 4096 pta
580 4031 626 4098 (†
653 4030 832 4097 1647),
859 4026 1011 4080 inter
1045 4026 1245 4095 quaeh

1329 4025 1382 4080 'o
1453 4027 1655 4108 aphica
1682 4030 1738 4081 et
1783 4027 2121 4095 proditoriae
2163 4025 2462 4082 continens
2504 4029 2828 4081 accuratam
2868 4026 3082 4096 inspec-

454 4102 677 4154 Politica
702 4101 765 4152 de.
790 4101 941 4167 Dios,
969 4097 1251 4152 Gobierno
1317 4112 1347 4150 e
1420 4097 1613 4163 hrist0,
1655 4115 1737 4152 sa·
1793 4097 2009 4151 tionem
2050 4113 2243 4151 eorum
2283 4097 2559 4161 omnium,
2603 4113 2751 4167 quae
2794 4097 2867 4151 ad
2903 4097 3081 4151 homi·

449 4169 590 4222 cada
623 4169 773 4222 dela
812 4168 1052 4239 sagrada
1079 4168 1364 4222 Escritura
1390 4185 1485 4239 pp.
1515 4173 1565 4233 2,
1606 4185 1738 4237 qua-
1792 4167 1928 4221 cidii
1966 4167 2269 4237 proditorii
2309 4167 2580 4222 fabricam
2617 4171 2893 4238 spectant,
2935 4167 3082 4237 Lug·

450 4257 573 4292 rum
616 4240 772 4310 prior
809 4239 1025 4310 prodiit
1059 4240 1542 4308 Caesaraugustae
1567 4243 1737 4301 1625;
1792 4239 1934 4292 duni
1961 4244 2102 4297 1660
2125 4240 2184 4293 in
2212 4240 2252 4294 f.

450 4311 668 4364 Mati-iti
698 4315 868 4376 16263
912 4310 1091 4365 altera
1117 4310 1192 4364 ib.
1221 4313 1377 4367 1655.
1425 4310 1506 4365 Cf.
1531 4310 1601 4364 N.
1629 4312 1737 4364 An-

1872 4314 1910 4382 ¹)
1937 4309 2200 4380 Foppens
2226 4311 2267 4377 l,
2310 4314 2445 4383 1583
2486 4310 2701 4379 Neyen,
2738 4308 3078 4378 Biographie

455 4381 648 4435 tonius
673 4380 735 4436 B.
756 4382 824 4436 Η.
854 4382 924 4435 N.
966 4383 1006 4448 Ι,
1046 4385 1312 4440 460—63.
1358 4414 1418 4422 -
1461 4382 1734 4438 Joannem
1792 4381 2141 4451 luxemburg.
2180 4387 2229 4449 1,
2263 4386 2400 4442 403;
2441 4381 2501 4434 P.
2541 4381 2853 4451 Bergmans
2891 4379 3076 4450 Biogr.

452 4452 550 4506 des
591 4452 768 4507 Loix
809 4453 871 4507 O.
909 4452 1105 4508 Praed.
1146 4452 1394 4522 Belgam‚
1434 4454 1737 4518 Artesium‚
1792 4455 1911 4508 nat.
1937 4451 2007 4507 de
2034 4452 2133 4507 Bel

451 4524 768 4594 theologiae
807 4525 1140 4594 magistrum
1186 4526 1246 4579 et
1285 4524 1568 4594 insignem
1611 4541 1737 4580 con-

2177 4493 2190 4506 .
2215 4453 2364 4517 XIII,
2390 4455 2496 4510 368
2516 4469 2557 4507 s.

1868 4526 1909 4596 ²)
1938 4523 2021 4578 cf.
2064 4525 2141 4579 Fe
2168 4523 2251 4578 ler
2295 4523 2412 4588 VII,
2450 4527 2500 4580 6.
2543 4522 2814 4576 Vei-satus
2858 4522 2945 4574 est
2986 4520 3076 4574 du

451 4596 813 4662 cionatorem,
837 4595 1105 4666 regimini
1131 4612 1362 4652 suorum
1391 4612 1556 4666 saepe
1579 4612 1738 4666 prae-
1793 4594 2054 4650 Pineau
2080 4595 2262 4665 magis
2286 4594 2348 4648 in
2367 4595 2497 4665 jure
2523 4594 2710 4653 civili;
2737 4595 2925 4646 tamen
2954 4592 3077 4646 e'us

447 4668 677 4732 fectum,
704 4684 753 4725 a.
781 4671 852 4725 28
875 4667 1124 4722 Bisuntii
1149 4665 1543 4736 inquisitorem
1570 4671 1618 4740 (†
1650 4672 1735 4724 22.
1794 4665 2310 4721 animadversiones
2332 4666 2393 4718 in
2416 4665 2726 4719 decretales
2745 4664 2939 4716 contra
3019 4680 3078 4716 u·

446 4736 577 4794 Jan.
600 4742 739 4796 1658
763 4755 815 4793 a.
839 4738 994 4794 vitae
1012 4743 1101 4805 90,
1130 4737 1496 4808 professionis
1517 4743 1624 4806 74),
1650 4755 1738 4792 cu-
1796 4755 1852 4791 m
1869 4753 1900 4791 o
1917 4736 2078 4791 ulin
2125 4739 2264 4791 sunt
2306 4737 2522 4792 doctae.
2573 4737 2655 4790 cf.
2698 4732 2914 4787 Andres
2954 4734 3077 4799 VII,

437 4809 540 4881 jus
579 4813 665 4865 est
697 4813 974 4881 Speculum
1018 4812 1374 4881 inquisitionis
1407 4809 1737 4865 bisuntinae
1792 4813 1930 4869 677;
1957 4807 2145 4878 Biogr.
2173 4807 2328 4863 univ.
2353 4805 2607 4872 XXXIV,
2632 4810 2753 4864 466.
