3625 5193
366 276 496 331 393
1029 253 1240 322 'Lm-ca,
1266 257 1478 321 Zumel,
1505 254 1766 322 Arruhal,
1793 253 2041 330 21111188,Ἰ
2065 250 2326 329 Corneio,
2864 275 3000 330 394·

363 447 581 525 nysius
614 445 944 515 Cuchus,
995 444 1216 504 addens
1256 449 1298 502 t.
1345 444 1417 502 de
1462 445 1653 503 incar-
1707 445 1904 505 louiae
1947 455 2132 510 1630.
2179 446 2324 522 Ejus
2369 447 2438 504 de
2483 448 2724 505 auxiliis
2768 448 2995 505 divinae

361 537 608 595 natione
642 536 902 593 auctoris
933 537 1112 593 vitam
1131 538 1194 592 et
1216 529 1573 610 promittens
1593 552 1656 592 se
1705 537 1937 615 qratiae
1984 536 2424 611 disputationes
2474 525 2549 594 ob
2598 529 2993 595 universalem

363 627 490 686 alia
519 624 781 701 ejusdem
825 624 942 682 tria
972 624 1275 684 volumina
1318 621 1654 698 publicatu—
1711 625 2168 701 prohibitionem
2186 625 2259 684 de
2273 624 2995 700 nonimprimendislibris

361 715 597 790 rum¹):
644 733 789 773 uum
834 711 1170 789 prodierint
1213 731 1322 772 nos
1368 713 1530 772 latet.
1572 745 1654 757 --—
1713 715 1784 774 de
1803 715 1914 774 hoc
1933 719 2282 791 argumento
2301 714 2618 791 agentibus
2645 714 2798 772 bono
2817 706 2993 791 pacis,

361 805 456 863 Ex
488 803 690 863 ordine
721 803 792 861 Β.
827 803 906 865 Μ.
952 803 1014 860 V.
1061 804 1131 861 de
1161 798 1425 861 Mercede
1464 802 1657 861 nomi·
1712 806 2063 863 manserunt
2078 803 2350 873 ineditae
2368 804 2466 862 sed
2486 803 2557 862 cf.
2572 803 2691 861 Liv.
2709 802 2781 861 de
2798 804 2996 880 Mayer

365 892 605 952 naudus
650 895 740 952 est
770 892 1114 952 Franciscus
1161 891 1331 950 Zum
1350 891 1416 950 el
1445 892 1658 951 Palen·
1713 895 1778 953 in
1827 894 1976 952 Hist.
2028 899 2289 952 controv.
2340 892 2414 950 de
2463 893 2690 970 gratiae
2738 911 2867 950 aux.
2909 926 2997 937 —

363 983 507 1053 tiae,
542 985 612 1041 ut
643 981 926 1052 creditur,
974 985 1152 1040 natus
1199 980 1449 1040 illustris
1491 981 1660 1039 theo·
1716 983 2064 1041 Franciscus
2108 981 2180 1040 de
2212 982 2508 1058 Cuniga
2551 998 2657 1040 seu
2705 980 2998 1067 Zuniga

368 1072 566 1148 logiae
600 1067 883 1154 (morum)
929 1070 1243 1147 professor,
1291 1069 1386 1129 sui
1433 1069 1659 1129 ordinis
1716 1064 2007 1131 Cantaber
2057 1066 2121 1154 (†
2169 1080 2268 1131 22.
2315 1071 2437 1129 Jul.
2490 1063 2653 1134 1614
2703 1090 2751 1128 a.
2785 1072 2997 1130 aetatis

370 1157 746 1238 praepositus
793 1160 1088 1236 generalis
1143 1169 1262 1230 32,
1312 1159 1419 1236 qui
1472 1157 1662 1229 ,vixit
1720 1152 1846 1239 34),
1881 1161 2146 1236 scripsit:
2197 1160 2288 1218 Tr.
2319 1161 2389 1218 de
2431 1160 2710 1218 Trinitate
2756 1158 2819 1216 in
2859 1171 2911 1222 1
2941 1180 2998 1236 p

371 1249 529 1312 ada
562 1259 724 1312 1607
762 1248 1062 1338 iumagus
1081 1250 1366 1318 omnium,
1401 1248 1506 1323 qui
1528 1248 1661 1306 lite·
1717 1269 1758 1308 s.
1780 1251 2033 1309 Thomas
2065 1268 2101 1308 a
2130 1257 2487 1325 q-2'1-43,
2521 1248 2799 1325 Lugduni
2834 1258 2996 1312 1623

371 1358 473 1399 ras
504 1357 856 1416 morumque
887 1339 1240 1415 gravitatem
1274 1343 1497 1408 amant,
1537 1337 1661 1397 exi·
1716 1340 1780 1398 in
1817 1348 1870 1400 4.
1922 1339 2005 1397 Ex
2052 1340 2253 1397 ordine
2299 1337 2745 1396 carmelitarum
2791 1338 3001 1397 Petrus

375 1429 720 1488 stimatione
752 1432 813 1486 et
837 1426 1047 1504 preti0‚
1083 1428 1206 1487 sive
1230 1426 1527 1504 judicium
1549 1425 1662 1486 viri
1719 1428 1957 1487 Corne
1965 1428 1989 1503 j
2009 1446 2043 1487 o
2085 1428 2169 1487 de
2209 1427 2547 1487 Pedrosa
2579 1427 3002 1487 Salmanticeu-

374 1518 864 1596 purgatissimum
897 1512 1346 1590 doctrinamque
1376 1515 1663 1574 excelleu-

373 1615 495 1667 tem
527 1606 895 1682 accepissent
926 1605 1079 1664 fama
1116 1607 1240 1664 sive
1271 1601 1662 1664 consultatio-

381 1698 571 1767 nibus,
623 1695 785 1771 quod
833 1697 1175 1770 frequenter
1223 1694 1412 1769 deque
1463 1693 1664 1771 magni

387 1786 652 1846 momenti
666 1785 845 1843 rebus
862 1779 1260 1860 contingebat,
1278 1781 1505 1858 experti
1522 1781 1667 1842 fuis·

395 1875 629 1956 sent2).‘
681 1875 839 1932 Bene
870 1873 1121 1932 meritus
1166 1877 1259 1932 est
1295 1872 1367 1930 de
1414 1872 1664 1947 posteri-

392 1969 503 2023 tate
533 1965 692 2023 hisce
722 1963 1030 2038 operibus:
1064 1961 1136 2021 Iu
1176 1973 1225 2024 1.
1260 1979 1304 2019 s.
1327 1961 1580 2020 Thomas
1607 1981 1665 2037 p.

381 2054 789 2112 commentaria
821 2070 874 2110 v.
911 2061 945 2114 2
995 2051 1057 2109 in
1090 2051 1128 2112 f.
1177 2046 1264 2133 (in
1314 2051 1409 2126 qq.
1452 2060 1661 2113 1--43

378 2137 647 2222 —114)‚
682 2141 946 2200 venetiis
1001 2149 1199 2210 15973
1257 2149 1456 2210 16013
1507 2139 1666 2216 Lug-

374 2231 534 2289 duni
570 2230 864 2300 1609;·in
903 2242 957 2293 1.
986 2239 1039 2292 2.
1073 2225 1504 2301 commentaria,
1539 2229 1666 2287 Sal·

383 2319 675 2378 manticae
732 2329 887 2382 1595
937 2340 992 2382 v.
1043 2328 1076 2381 2
1131 2319 1195 2377 18
1240 2320 1312 2387 f.;
1363 2317 1668 2376 variarum

376 2410 841 2484 disputationum
885 2415 928 2467 t.
965 2417 1000 2471 3
1051 2409 1115 2468 iu
1163 2419 1187 2469 1
1231 2428 1301 2474 v..
1348 2407 1425 2469 ib.
1484 2415 1668 2472 1608.

380 2498 608 2557 Horum
642 2499 870 2574 primus
916 2501 1009 2557 est
1039 2498 1105 2557 iu
1143 2509 1193 2560 1.
1226 2516 1283 2572 p.
1316 2514 1361 2561 8.
1393 2494 1665 2565 Thomas,

382 2587 458 2647 de
503 2589 894 2664 praescientia
926 2588 1031 2647 Dei
1076 2583 1232 2647 circa
1276 2585 1486 2646 futura
1530 2605 1667 2646 cou-

383 2677 707 2755 tingentia;
757 2676 1051 2736 secundus
1083 2678 1147 2735 in
1185 2688 1237 2739 1.
1276 2686 1330 2738 2.
1375 2676 1447 2735 (18
1481 2676 1670 2735 libero

381 2767 663 2837 arbitri03
715 2767 905 2843 ipsius
955 2784 1089 2824 cum
1139 2763 1330 2843 gratia
1378 2766 1479 2825 Dei
1531 2782 1668 2824 con-

383 2856 685 2916 venientia
694 2859 756 2914 et
769 2872 833 2912 as
840 2872 1018 2914 sensu
1034 2873 1101 2914 ac
1111 2853 1670 2929 praedestinatione;

387 2945 445 3003 in
475 2945 656 3004 tertia
703 2961 886 3002 novas
918 2949 979 3002 et
1024 2943 1416 3002 abstrusiores
1462 2943 1669 3001 induc-

393 3040 476 3093 tas
527 3033 910 3110 quaestiones
961 3033 1234 3104 enodare,
1285 3031 1560 3090 dirimere
1611 3036 1672 3089 et

387 3123 708 3182 verissimis
768 3120 1099 3181 rationibus
1160 3121 1475 3180 terminare
1526 3121 1669 3179 niti-

387 3218 500 3270 tur.
534 3212 808 3272 Ceterum
826 3210 1029 3270 Zumel
1058 3210 1493 3287 pugnacissime
1524 3210 1670 3286 phy·

386 3302 563 3359 sicam
595 3301 861 3361 omnium
912 3296 1534 3374 praedermin'atiouem
1567 3300 1672 3357 de·'-

388 3386 591 3449 fendit.

484 3577 627 3630 169.
660 3568 717 3626 Ε
744 3570 1001 3626 societate
1030 3566 1174 3625 Jesu
1205 3568 1418 3626 Petrus
1452 3569 1672 3625 Arru-

392 3656 514 3714 bal
545 3656 818 3716 doctrina
862 3661 921 3715 et
953 3653 1182 3717 virtute
1223 3674 1408 3732 aeque
1439 3656 1670 3732 conspi-

387 3762 538 3804 cuus
562 3744 874 3819 compluti,
911 3745 1319 3815 salmanticae,
1341 3745 1555 3803 Romae
1579 3762 1672 3803 sa-

389 3851 548 3893 cram
599 3833 958 3912 theologiam
1025 3852 1255 3893 summa
1302 3852 1438 3892 cum
1499 3834 1676 3892 laude

389 3923 688 4000 explicuit,
723 3922 785 3981 et
816 3923 1176 3982 sententiam
1210 3919 1677 3982 societatis-Iesu

390 4011 462 4070 de
509 4012 748 4071 auxiliis
793 4013 1026 4072 divinae
1071 4013 1296 4087 gratiae
1341 4012 1678 4072 doctissime

389 4119 583 4161 coram
621 4120 851 4161 summo
882 4100 1160 4177 pontifice
1193 4102 1595 4177 propugnavit
1618 4096 1679 4182 (†

396 4199 494 4252 22.
530 4191 690 4266 Sept.
746 4186 958 4271 1608).
1007 4189 1271 4265 Reliquit
1322 4188 1677 4248 Commenta·

392 4282 617 4339 riorum
667 4298 737 4338 ac
785 4280 1240 4353 (imputationum
1293 4279 1354 4337 in
1417 4291 1462 4341 1.
1515 4300 1570 4354 p.
1623 4278 1678 4336 d.

390 4368 663 4437 Thomae,
709 4368 938 4428 Matriti
975 4378 1161 4437 1619,
1205 4375 1369 4431 1622
1402 4372 1444 4425 t.
1483 4376 1539 4428 2.
1571 4366 1676 4426 Co-

468 4618 502 4677 ¹)
531 4610 616 4668 Cf.
642 4610 767 4667 Nic.
786 4611 1067 4664 Antonius
1087 4610 1222 4663 bibl.
1251 4611 1306 4664 h.
1335 4628 1390 4664 n.
1421 4609 1490 4675 11,
1508 4614 1680 4679 2098.

463 4653 1496 4747 Ἰ)1ΝῙ1881.Α111.8811181.8.Ι,500.1111
1527 4697 1680 4751 repe·

390 4754 501 4809 ries
525 4752 748 4822 reliqua
768 4770 816 4821 eJ
807 4752 1020 4808 uadem
1044 4768 1230 4823 opera,
1248 4769 1394 4821 quae
1417 4753 1509 4806 1118
1523 4769 1681 4824 prae·

389 4824 778 4880 termittimus.

1720 1518 1800 1577 sis
1832 1518 1897 1576 in
1927 1517 2075 1576 urbe
2107 1517 2301 1593 patria
2320 1517 2748 1592 philosophiam
2774 1515 3001 1577 'morum

1719 1601 2062 1666 Aristotelis
2107 1611 2168 1665 et
2197 1626 2241 1669 8.
2273 1606 2556 1664 Thomam
2599 1625 2816 1683 magna
2856 1624 3002 1665 118118

1721 1697 1848 1756 stili
1895 1696 2162 1755 claritate
2208 1694 2508 1771 explicuit,
2558 1695 2716 1754 tanti
2749 1685 2801 1754 a'
2826 1695 3001 1753 disci·

1720 1786 1884 1862 pulis
1928 1785 2137 1855 factuS,
2188 1786 2259 1843 ut
2307 1803 2503 1862 regem
2556 1792 2881 1854 exorarent,
2932 1804 3005 1844 ne

1720 1893 1987 1950 unquam
2020 1875 2192 1933 illum
2225 1874 2518 1951 dignitate
2549 1873 2866 1950 episcopali
2900 1875 3004 1934 ho·

1722 1966 1976 2030 uoraret,
2026 1982 2143 2036 qua
2173 1964 2246 2021 ab
2285 1982 2478 2039 opere,
2523 1963 2682 2037 quod
2712 1966 2835 2022 tam
2880 1965 3003 2022 uti-

1723 2054 1863 2112 liter
1894 2051 2163 2122 faciebat,
2194 2052 2605 2111 abduceretur.
2637 2052 2912 2127 Undique
2930 2053 3005 2110 il-

1722 2143 1849 2201 lum
1881 2140 1997 2200 viri
2014 2141 2174 2200 docti
2207 2144 2269 2199 et
2287 2141 2381 2199 vel
2413 2142 2541 2216 ipse
2572 2160 2671 2199 rex
2693 2160 2872 2218 super
2890 2141 3005 2199 dif-

1726 2231 1981 2290 ficilibus
2014 2234 2076 2288 et
2106 2229 2389 2307 gravibus
2421 2230 2597 2288 rebus
2617 2230 3006 2289 consulebant

1724 2320 1945 2379 oraculi
1976 2320 2182 2378 instar.
2214 2319 2440 2377 Paulus
2461 2318 2526 2377 V.
2558 2320 2687 2395 ejus
2719 2319 3004 2378 eruditio-

1723 2429 1862 2469 nem
1894 2408 2191 2468 admirans
2238 2426 2393 2479 ‚vere
2435 2407 2684 2484 dignum
2716 2408 3009 2467 Ecclesiae

1728 2499 1831 2557 Dei
1862 2497 2180 2557 doctorem‘
2215 2497 2386 2557 illum
2419 2497 2746 2573 appellavit
2758 2492 2823 2577 1).
2857 2496 3009 2556 Τ118-

1725 2588 2040 2648 mistarum
2086 2586 2308 2657 nullus,
2356 2579 2568 2646 scribit
2599 2587 2808 2647 Davila
2853 2587 3011 2664 epis·

1726 2695 1908 2754 copus
1954 2677 2350 2754 placentinus,
2415 2676 2647 2749 clarius,
2710 2678 3012 2753 operosius

1726 2771 1788 2826 et
1829 2767 2029 2825 verius
2075 2766 2409 2843 angelicum
2458 2766 2755 2824 doctorem
2803 2783 3012 2842 percu-

1726 2856 1917 2915 currit
1937 2860 2000 2915 et
2020 2856 2273 2932 aperuit,
2309 2855 2395 2913 ita
2413 2859 2484 2914 ut
2504 2854 2569 2913 in
2600 2872 2733 2913 81118
2762 2855 3014 2914 8118(1818

1727 2938 2011 3021 spiritum
2042 2943 2459 3020 commigrasse
2479 2944 2714 3002 diceres.
2744 2943 3014 3004 Ceterum

1728 3034 1961 3093 scholae
1972 3033 2330 3092 baconianae
2352 3034 2403 3091 si
2414 3052 2536 3093 non
2553 3032 2884 3105 institutor,
2899 3034 3014 3092 sal-

1727 3127 1847 3181 tem
1880 3126 2184 3199 promotor
2212 3126 2321 3182 est.
2367 3123 2559 3181 Morte
2590 3122 2772 3181 nimis
2805 3123 3013 3181 imma-

1726 3215 1885 3282 tura,
1901 3230 2087 3271 annos
2105 3212 2264 3270 enim
2280 3216 2515 3270 tantum
2537 3219 2616 3275 48
2641 3210 3013 3281 numerabat,

1727 3301 2009 3377 abreptus
2029 3307 2122 3359 est
2145 3310 2242 3363 31.
2262 3300 2463 3358 Martii
2502 3309 2685 3363 1618.
2720 3301 3013 3375 Reliquit:

1727 3392 2093 3448 diversarum
2113 3392 2495 3448 materiarum
2510 3390 2584 3447 ab
2603 3380 2732 3464 ipso
2748 3390 3011 3447 Salman-

1730 3480 1883 3539 ticae
1914 3479 2345 3555 praelectamm
2375 3479 2419 3540 t.
2450 3478 2630 3554 prior,
2651 3477 3013 3536 Vallissoleti

1741 3577 1923 3631 1628.
1956 3568 2080 3626 8811.
2113 3568 2176 3625 in
2208 3570 2413 3643 l.p.et
2439 3579 2492 3629 l.
2520 3575 2575 3627 2.
2598 3586 2643 3625 s.
2661 3566 2946 3639 Thomae;
2971 3570 3014 3629 t.

1729 3658 1882 3716 alter
1909 3657 2195 3733 ,continet
2257 3660 2670 3716 commentaria
2719 3655 2782 3714 in
2835 3663 2893 3720 3.
2942 3675 3015 3731 p.,

1739 3745 2120 3823 1629„quod
2153 3764 2303 3822 opus
2322 3744 2546 3821 prodiit
2577 3750 2638 3803 et
2657 3746 3017 3821 Bambergae

1739 3847 1857 3899 167
1873 3848 1898 3899 1
1938 3836 2294 3911 inscriptum
2334 3835 2635 3911 Theoloqia
2682 3835 3021 3893 scholastica

1731 3932 1782 3983 et
1812 3926 2073 3993 moralis,
2126 3944 2276 3999 quae
2310 3924 2571 3983 diversas
2617 3924 2894 3983 materias
2928 3942 3017 3982 se·

1734 4014 1996 4072 cundum
2043 4024 2164 4073 tres
2212 4017 2409 4090 partes
2444 4012 2496 4075 d.
2530 4013 2785 4072 Thomas
2817 4017 2925 4088 Aq.
2958 4018 3018 4072 et

1735 4103 1809 4162 ad
1853 4106 2112 4161 mentem
2157 4104 2421 4178 ejusdem
2466 4103 2727 4161 auctoris
2770 4102 3021 4178 angelici

1735 4192 2063 4251 elaboratas
2096 4191 2381 4251 continet.
2420 4191 2736 4250 Academia
2766 4192 3019 4249 salman-

1735 4281 1980 4340 ticensis
2012 4282 2073 4339 in
2104 4281 2323 4340 amoris
2344 4281 2564 4357 pignus
2598 4281 2706 4340 hoc
2725 4298 2862 4338 eum
2894 4280 3016 4361 elo·-

1735 4370 1832 4445 gio
1863 4375 1999 4445 post
2029 4370 2258 4429 obitum
2290 4368 2554 4428 ornavit:
2608 4367 3017 4455 ,Incompara-

1812 4614 1853 4681 ι)
1882 4609 2144 4664 Refertur
2169 4609 2321 4663 hoc
2306 4627 2366 4661 18
2407 4609 2530 4680 ejus
2556 4613 2664 4663 vita
2691 4625 2724 4661 a
2749 4608 2795 4661 D
2813 4625 2895 4661 ax
2914 4608 2933 4660 i
2952 4607 2969 4661 l
2988 4624 3022 4661 a.

1737 4683 2004 4763 episcopo
2019 4676 2268 4751 placent.
2288 4680 2608 4749 conscripta
2624 4682 2682 4733 et
2699 4672 3021 4748 theologiae

1737 4752 2100 4882 {abolasticae
2122 4753 2465 4821 Bambergae
2497 4755 2627 4820 1671
2658 4751 2842 4805 editae
2864 4767 3020 4820 prae·

1814 4840 1847 4877 a
