3625 5193
640 273 760 327 971
1147 257 1345 310 1641-
1361 256 1517 310 1663·
1543 250 1857 322 Theologia
1882 251 2051 321 posit.
2079 253 2137 304 et
2160 248 2440 319 polemica
2466 250 2528 303 in
2556 250 2759 305 Gallia.
3140 268 3274 322 972

636 439 802 499 codd.
836 437 948 496 fide
980 438 1272 497 recensita
1302 456 1368 497 ac
1399 438 1560 498 notis
1598 438 1922 506 illustrata,
1980 453 2289 511 ancyranO,
2335 434 2407 494 de
2441 436 2846 505 Semiarianis3
2898 436 3120 512 partim
3169 457 3269 495 ar·

637 527 878 587 Parisiis
919 536 1081 590 1612
1116 526 1181 584 111
1201 526 1260 595 f.,
1293 545 1446 601 quae
1478 527 1661 586 editio
1691 526 1924 585 mendis
1978 524 3279 601 chaeologicae,utdepoenitentiaepublicae

637 620 842 685 scatet,
878 616 1086 692 procul
1116 615 1275 673 enim
1303 615 1378 673 ab
1410 619 1652 675 auctore
1683 634 1793 675 8110
1817 616 1923 674 Re·
1977 613 2124 686 ritu,
2156 613 2229 672 de
2249 614 2685 690 chorepiscopis
2707 614 2954 690 aliisque
2969 614 3273 674 Ecclesiae

636 707 748 765 mis
766 709 912 764 tunc
930 704 1183 780 degente
1203 705 1466 763 confecta
1485 709 1608 775 est;
1629 705 1709 764 ib.
1736 713 1920 773 1631,
1977 703 2195 762 ritibus
2228 707 2355 774 etc.,
2376 703 2463 761 ed.
2496 722 2618 762 non
2649 702 2792 762 adeo
2812 708 3089 762 correcta.
3124 703 3275 761 Edi-—

634 795 724 855 ed.
771 793 1039 852 nondum
1088 793 1231 851 satis
1280 813 1314 852 a
1355 794 1585 852 mendis
1635 798 1922 870 purgata3
1977 792 2063 852 tio
2095 792 2410 867 petaviana
2453 811 2667 869 magna
2699 811 2767 850 ex
2816 796 2985 867 parte
3029 800 3277 867 recepta

636 885 809 960 longe
872 882 1267 959 praestantior
1315 889 1379 940 et
1434 882 1923 942 annotationibus
1976 881 2096 941 fuit
2126 901 2161 939 a
2192 881 2389 956 Migne
2425 882 2484 942 P.
2517 883 2581 940 G.
2624 885 2666 939 t.
2703 891 2983 945 41—43.
3032 883 3270 940 ,Iuliani

637 972 867 1032 auctior
900 976 995 1030 est
1025 971 1204 1029 tertia
1248 971 1324 1029 ib.
1368 981 1551 1035 1633.
1602 972 1768 1029 Inter
1799 970 1919 1029 dis·
1978 973 2116 1044 imp.
2150 989 2349 1045 opera,
2394 989 2546 1045 quae
2591 969 2832 1046 quidem
2877 971 3123 1046 reperiri
3160 990 3269 1046 po·

635 1060 988 1119 sertationes
1034 1078 1171 1118 vero
1217 1060 1476 1136 adjectas
1520 1061 1627 1118 illa
1673 1061 1923 1118 maxime
1977 1063 2246 1127 tuerunt,
2296 1060 2509 1129 omnia,
2561 1077 2766 1135 graece
2798 1058 3117 1135 latineque,
3160 1061 3275 1117 Pa·

635 1153 728 1208 est
777 1149 1069 1217 notanda,
1122 1167 1272 1223 quae
1320 1153 1414 1207 est
1462 1150 1530 1207 de
1569 1151 1923 1222 poenitentia
1977 1148 2139 1207 risiis
2181 1158 2379 1219 16303
2412 1148 2646 1224 Lipsiae
2687 1158 2871 1209 1696.

636 1239 866 1314 publica
910 1245 961 1295 et
1003 1241 1407 1313 poenitentium
1453 1239 1920 1306 reconciliatione,

637 1347 774 1386 cum
802 1328 867 1385 in
897 1327 999 1385 1118
1032 1327 1209 1400 plura
1240 1327 1513 1403 corrigat,
1556 1327 1831 1385 emendet
1861 1332 1923 1385 et
2071 1335 2213 1389 413.
2249 1328 2594 1400 Sequuntur
2640 1344 2816 1401 opera
2845 1326 2919 1384 ad
2969 1327 3268 1385 chronolo-

636 1416 893 1492 expoliat
937 1433 1163 1484 eorum,
1216 1435 1370 1490 quae
1416 1417 1828 1491 disputaverat
1860 1415 1923 1473 in
1974 1417 2132 1491 qiam
2163 1420 2224 1474 et
2270 1416 2578 1475 historiam
2626 1416 2970 1490 spectantia.
3018 1417 3104 1474 De
3133 1417 3269 1474 doc-

635 1504 1125 1563 annotationibus
1170 1504 1243 1561 ad
1289 1505 1708 1581 Epiphanium.
1743 1539 1827 1547 —-
1863 1504 1920 1565 S.
1980 1505 2139 1563 trina
2185 1511 2503 1577 temporum
2550 1504 2810 1563 divisum
2860 1504 2925 1563 in
2961 1514 2995 1566 2
3030 1524 3148 1580 pp„
3184 1506 3267 1563 ib.

637 1593 952 1667 Nicephori
993 1595 1376 1665 patriarcha-e
1411 1594 1522 1651 GP.
1567 1594 1922 1652 breviarium
1985 1601 2147 1654 1627
2184 1613 2239 1652 v.
2277 1603 2310 1655 2
2347 1593 2409 1651 in
2441 1593 2497 1663 f.,
2531 1593 2761 1651 auctius
2781 1593 2937 1652 notis
2969 1597 3032 1652 et
3062 1612 3269 1652 emen·

636 1683 970 1740 historicum
1019 1682 1090 1739 de
1153 1682 1333 1740 rebus
1385 1682 1566 1758 gestis
1627 1683 1700 1740 ab
1750 1682 1922 1741 obitu
1979 1681 2319 1741 dationibus
2352 1701 2526 1756 quam
2547 1682 2825 1757 plurimis
2857 1701 2887 1740 e
2913 1683 3139 1741 schedis
3173 1683 3269 1757 ip·

637 1770 900 1829 Mauritii
954 1769 1027 1828 ad
1075 1771 1532 1829 Constantinum
1580 1790 1773 1843 usque
1817 1772 1923 1830 Co-
1978 1771 2103 1829 sius
2154 1772 2415 1829 auctoris
2466 1771 2745 1829 derivatis
2797 1790 2935 1830 cum
2978 1771 3119 1830 diss.
3170 1772 3263 1830 J0.

635 1878 1010 1935 pronymum,
1075 1878 1234 1917 nunc
1287 1861 1547 1935 primum
1609 1862 1922 1935 vulgatum
1979 1859 2272 1918 Harduini
2306 1859 2378 1918 de
2416 1871 2492 1921 70
2527 1855 3075 1941 hebdomadibusl),
3111 1861 3267 1919 Ant-

636 1942 895 2029 (graece)
940 1965 1006 2006 ac
1039 1948 1222 2007 latine
1255 1949 1556 2007 redditum
1599 1968 1732 2008 cum
1766 1950 1923 2007 notis
1978 1949 2232 2024 werpiae
2268 1945 2743 2029 (Amstelodami)
2785 1957 2949 2012 1703
2987 1968 3038 2011 v.
3076 1959 3110 2010 3
3146 1950 3210 2008 111
3225 1950 3264 2007 f.

636 2036 1082 2114 chronologiciS,
1115 2037 1193 2095 ib.
1243 2049 1440 2108 16163
1477 2039 1695 2097 iterum
1728 2048 1921 2107 16483
1980 2034 2421 2118 (complectitur
2464 2038 2619 2096 enim
2667 2038 2808 2096 haec
2852 2038 3036 2096 editio
3081 2039 3267 2096 etiam

634 2125 900 2185 Venetiis
955 2134 1026 2189 17
1039 2136 1118 2188 29
1166 2127 1231 2186 in
1277 2128 1528 2187 historia
1573 2128 1921 2203 Byzantina,
1980 2126 2403 2202 Uranologium
2450 2130 2630 2201 atque
2674 2128 2994 2185 nonnullas
3041 2127 3263 2186 disser-

635 2216 697 2274 in
729 2215 942 2291 patrol.
988 2234 1198 2293 graeca
1228 2216 1317 2274 ed.
1350 2217 1548 2293 Migne
1577 2220 1618 2273 t.
1661 2227 1800 2279 100.
1836 2248 1923 2259 -
1977 2216 2234 2273 tationes
2280 2216 2660 2292 theologicae,
2713 2234 2819 2274 nec
2868 2235 2990 2274 non
3034 2216 3263 2276 Petavii

636 2305 693 2362 S.
745 2304 809 2367 P.
862 2305 939 2366 N.
988 2305 1314 2380 Epiphanii
1363 2305 1739 2364 constantiae
1799 2306 1921 2364 sive
1977 2301 2303 2384 epistolas).
2349 2305 2592 2363 Constat
2624 2305 2732 2364 hoc
2763 2323 2929 2380 opus,
2976 2304 3139 2378 quod
3171 2312 3263 2363 est

637 2392 952 2451 Salaminis
999 2393 1065 2451 in
1097 2394 1285 2470 Cypro
1319 2414 1407 2470 ep.
1456 2411 1633 2467 opera
1663 2397 1861 2452 omnia
1875 2394 1921 2473 ι)
1978 2393 2239 2468 locuples
2270 2412 2376 2468 pro
2410 2394 2625 2452 studiis
2668 2393 3098 2470 chronologicis
3130 2394 3263 2453 fons

633 2482 697 2540 in
733 2489 766 2543 2
803 2485 845 2539 t.
894 2481 1249 2553 distributa,
1302 2503 1453 2558 quae
1499 2502 1569 2541 ex
1613 2483 1922 2541 veteribus
1977 2485 2039 2539 et
2068 2483 2613 2553 armamentarium,
2662 2482 2831 2541 libris
2878 2492 2971 2551 13,
3006 2501 3267 2557 quorum

638 2571 807 2630 libris
826 2571 1145 2641 recensuit,
1167 2572 1352 2632 latine
1371 2572 1557 2633 vertit
1578 2575 1639 2630 et
1659 2572 1920 2630 animad-
1978 2571 2204 2647 priores
2260 2582 2293 2632 8
2347 2572 2826 2647 complectuntur
2886 2574 3117 2649 partem
3172 2573 3262 2630 di·

635 2660 1008 2719 versionibus
1038 2664 1217 2734 atque
1237 2662 1484 2737 prolixis
1504 2661 1683 2719 etiam
1704 2661 1921 2719 disser-
1978 2661 2263 2719 dacticam
2314 2662 2724 2737 chronologiae
2770 2662 2808 2725 i.
2854 2681 2900 2720 e.
2954 2661 3271 2720 scientiam·

636 2748 973 2808 tationibus
1004 2748 1348 2818 illustravit,
1390 2749 1631 2808 Parisiis
1659 2758 1822 2812 1622
1860 2750 1923 2807 111
1978 2750 2301 2809 secundum
2364 2752 2760 2809 astronomiae
2822 2751 3058 2827 regulas
3105 2769 3263 2809 com-

637 2838 694 2906 f„
731 2837 1006 2896 Coloniae
1028 2833 1304 2919 (Lipsiae)
1337 2847 1519 2908 1682,
1554 2838 1648 2896 cui
1677 2839 1923 2898 accessit
1977 2838 2228 2913 putandi
2247 2840 2513 2914 tempora
2532 2843 2674 2908 etc.;
2709 2843 3028 2914 sequentes
3064 2849 3102 2900 4
3123 2859 3267 2915 par·

636 2925 760 2983 vita
791 2924 1016 2982 Petavii
1048 2926 1122 2983 ab
1155 2926 1336 2985 Henr.
1374 2927 1608 2986 Valesio
1658 2929 1922 2988 oratione
1976 2933 2095 2985 tem
2116 2929 2431 3003 practicam
2454 2946 2560 2985 seu
2580 2929 3027 3003 applicationem
3048 2929 3263 2987 harum

637 3013 934 3088 descripta
981 3017 1043 3071 et
1089 3016 1440 3090 appendices
1491 3016 1760 3093 geminae
1815 3034 1921 3092 pro
1976 3018 2318 3093 regularum
2352 3017 2425 3075 ad
2457 3017 2936 3076 determinandas
2978 3017 3269 3078 historiae

637 3101 1009 3161 vindicandis
1055 3104 1685 3176 animadversionibus,
1737 3107 1923 3165 altera
1977 3105 2248 3181 periodos
2295 3111 2355 3163 et
2401 3106 2837 3182 chronologiam
2883 3106 3267 3176 historicam;

636 3191 917 3251 adversus
931 3193 1921 3268 MatutinumSimoniumdepoem‘-
1977 3195 2228 3253 ultimus
2261 3190 2414 3274 (13.)
2463 3214 2600 3253 vero
2649 3196 2915 3254 continet
2964 3195 3262 3253 admiran-

636 3283 841 3340 teutiae
887 3280 1007 3340 ritu
1039 3286 1208 3340 veteri
1252 3285 1315 3343 in
1347 3284 1604 3344 Ecclesia
1648 3281 1920 3366 (Parisiis
1975 3284 2115 3341 dum
2149 3302 2287 3341 sane
2320 3283 2632 3342 chronicon
2682 3284 2753 3342 ad
2785 3304 2834 3342 a.
2865 3284 2920 3342 J.
2955 3284 3082 3346 Chr.
3121 3293 3260 3346 533.

643 3365 855 3453 1624),
890 3371 1082 3430 altera
1114 3372 1188 3431 ad
1221 3373 1528 3432 Claudium
1550 3375 1918 3445 salmasium,
1981 3373 2184 3432 Doluit
2226 3390 2347 3430 non
2393 3373 2691 3432 immerito
2735 3372 2790 3430 J.
2838 3375 2904 3431 A.
2953 3372 3271 3431 Fabricius

635 3478 810 3535 quem
844 3459 984 3519 stilo
1033 3465 1126 3519 sat
1157 3462 1414 3520 mordaci
1460 3463 1781 3541 impugnat
1816 3459 1920 3544 (ib.
1975 3462 2242 3520 nondum
2274 3461 2570 3520 exstitisse
2602 3464 2705 3536 qui
2747 3461 2900 3520 illud
2944 3461 3016 3520 ad
3056 3467 3275 3521 nostra.

643 3545 868 3631 1630);
919 3549 1456 3610 animadversiones
1502 3571 1606 3611 seu
1638 3553 1918 3611 disserta·
1977 3555 2246 3625 tempora
2294 3551 2494 3609 eadem
2529 3551 2805 3610 methodo
2853 3569 2918 3610 ac
2948 3550 3265 3627 diligentia

635 3638 829 3698 tiones
881 3640 1140 3714 adjectae
1190 3644 1334 3700 sunt
1384 3641 1600 3716 partim
1663 3641 1919 3708 criticae,
1978 3639 2338 3714 perduceret.
2424 3639 2659 3698 Consuli
2720 3645 2972 3715 possunt
3035 3640 3259 3699 Petavii

635 3727 853 3801 partim
898 3728 1362 3804 chronologicae,
1408 3733 1480 3787 ut
1511 3731 1582 3787 de
1629 3749 1782 3788 anno
1816 3750 1919 3788 na·
1977 3729 2262 3804 epistolae
2294 3728 2369 3794 11,
2414 3739 2507 3789 11.
2552 3738 2645 3798 13,
2687 3730 2749 3786 in
2781 3730 3000 3803 quibus
3031 3747 3258 3797 causas,

636 3814 892 3874 tivitatis
925 3821 986 3873 et
1007 3816 1300 3890 passionis
1321 3817 1539 3878 Christi
1561 3820 1642 3886 D.,
1676 3819 1747 3876 de
1768 3838 1922 3877 anno
1978 3836 2084 3875 cur
2117 3837 2151 3875 a
2184 3817 2421 3875 Baronii
2456 3818 2757 3876 sententia
2786 3819 2849 3876 in
2890 3817 3121 3894 figenda
3153 3836 3265 3876 na·

639 3902 1020 3973 Judaeorum,
1074 3904 1146 3961 de
1179 3906 1387 3981 cyclis;
1435 3908 1652 3982 partim
1686 3907 1921 3966 histori-
1976 3906 2113 3963 talis
2134 3906 2350 3964 Christi
2373 3908 2590 3980 epocha
2610 3907 2963 3975 discesserit,
2993 3907 3259 3983 attingit.

640 4008 757 4059 cae,
791 3995 862 4050 ut
895 3992 967 4049 de
987 3992 1249 4051 conciliis
1284 3994 1485 4053 Sirmii
1507 3996 1728 4055 habitis
1762 4015 1922 4072 sym·
1980 3995 2175 4070 Hujus
2208 3995 2401 4070 operis
2431 3996 2600 4054 velut
2633 3997 3135 4071 complementum
3167 4000 3276 4053 est⁴

639 4078 910 4153 bolisque
931 4080 1068 4138 fidei
1100 4081 1319 4140 ibidem
1347 4084 1539 4152 editis,
1574 4085 1646 4143 de
1680 4085 1923 4143 concilio
1988 4084 2397 4161 Uranoloyium
2454 4085 2577 4142 sive
2640 4088 2898 4160 systema
2959 4084 3261 4142 variorum

870 4222 958 4229 -
1979 4177 2309 4247 auctorum,
2353 4172 2456 4246 qui
2490 4173 2560 4231 de
2592 4174 2841 4248 sphaera
2872 4191 2938 4231 ac
2969 4172 3274 4231 sideribus

718 4308 752 4366 ¹)
781 4299 860 4353 De
887 4301 994 4355 hac
1019 4301 1236 4356 Petavii
1258 4304 1505 4358 editione
1527 4305 1775 4360 sidonii.
1795 4307 1921 4360 Alb.
1978 4280 2299 4336 eorumque
2331 4261 2590 4320 motibus
2632 4281 2838 4363 gnffece
2883 4262 3260 4364 coufmentaffi

640 4371 1032 4426 Fabricium
1064 4373 1196 4428 bibl,
1227 4392 1461 4444 graecae
1484 4376 1530 4428 v
1560 4393 1605 4428 Ο,
1641 4382 1730 4432 11:
1759 4377 1923 4430 Joan.
1979 4354 2152 4421 sunt;
2204 4355 2576 4409 accesserunt
2606 4370 2902 4410 vanarum
2946 4352 3083 4409 (1188.
3117 4351 3181 4408 11.
3219 4359 3254 4411 8

640 4441 731 4496 Fa
749 4445 1066 4498 bricium
1108 4447 1168 4498 in
1210 4447 1327 4499 hist
1385 4447 1517 4500 bibl.
1561 4449 1701 4501 fabr.
1733 4449 1770 4503 1.
1802 4453 1905 4504 116
1977 4440 2047 4497 ad
2082 4443 2351 4498 auctores
2396 4440 2529 4497 illos
2576 4439 2994 4516 intelligendos
3040 4438 3101 4497 in
3134 4440 3261 4515 pri·

641 4514 720 4567 De
746 4515 1047 4582 diligentia
1072 4516 1334 4570 adhibita
1359 4518 1432 4570 ab
1458 4520 1579 4586 ipso
1605 4518 1834 4571 Petavio
1862 4518 1921 4572 in

639 4601 706 4637 ea
721 4586 1054 4640 adornanda
1068 4588 1137 4641 cf.
1156 4589 1279 4655 ejus
1295 4604 1381 4658 ep.
1401 4587 1494 4650 111,
1516 4594 1583 4645 47
1601 4589 1673 4642 ad
1692 4589 1921 4644 Hieron.
1948 4607 1952 4630 ¹
1986 4593 2013 4598 “

640 4655 1007 4736 Alcandrum.
1060 4659 1319 4714 Ceterum
1371 4659 1545 4713 editio
1595 4661 1921 4729 parisiensis
2053 4663 2394 4734 ¹)Prolixum
2414 4663 2587 4732 hujus
2608 4659 2873 4716 editionis
2889 4663 3261 4730 conspectum

641 4741 838 4804 magni
857 4728 1208 4794 aestimatur,
1234 4747 1349 4783 non
1370 4731 1514 4784 tanti
1535 4748 1667 4785 vero
1690 4731 1921 4801 lipsien·
1976 4734 2150 4788 habes
2189 4734 2249 4786 in
2280 4733 2681 4802 Bibliothequc
2722 4733 2949 4798 choisie,
2994 4735 3132 4789 1703
3160 4736 3198 4785 t.
3226 4736 3272 4787 2.

640 4811 735 4858 818,
763 4799 891 4848 cum
917 4813 1031 4850 non
1058 4799 1198 4854 adeo
1227 4799 1302 4854 sit
1326 4803 1642 4858 emendata.
1974 4822 2028 4873 p.
2059 4810 2354 4862 169—204.
