3625 5193
623 255 746 308 403
887 242 1256 297 1601-1620.
1285 238 1476 294 Theol.
1504 239 1617 309 pol,
1642 239 1706 292 in
1734 238 1903 307 Hisp.
1931 220 1989 292 et
2013 238 2137 294 Gal.
2167 237 2454 304 Valentia,
2483 238 2737 304 Coronel,
2766 238 2981 302 Torres‚
3109 258 3235 310 404

619 426 759 483 locis
804 425 1237 484 controversiae
1282 443 1485 484 omnes
1532 426 1670 485 fidei
1716 425 1901 501 expli·
1959 423 2120 494 dum,
2170 424 2245 482 ib.
2306 434 2503 496 1580;
2564 428 2759 498 15813
2811 429 2880 485 de
2915 428 3240 501 praedesti-

618 520 846 584 cantur,
910 514 1264 591 Ingolstadii
1316 524 1514 585 15913
1588 524 1747 578 1597
1809 516 1901 576 ed.
1955 514 2188 571 natione
2250 521 2301 571 et
2377 515 2808 591 reprobatione,
2886 516 2964 574 ib.
3043 526 3239 585 15743

618 624 749 663 rara
783 599 883 685 (m.
927 599 1108 683 150);
1152 613 1351 675 1603;
1395 603 1661 664 Venetiis
1701 614 1900 674 160ος
1957 601 2220 660 Examen
2249 610 2303 660 εἰ
2327 604 2605 676 refutatio
2631 605 2938 681 1118θοίΡαί
2965 605 3240 682 mysterii

616 693 894 770 Lugduni
950 703 1146 763 160ος
1204 703 1405 763 1603;
1460 704 1661 764 1609;
1714 704 1898 757 1619.
1957 690 2260 750 doctrinae
2292 691 2751 752 calvinistarum
2776 693 2847 752 de
2880 714 2943 753 re
2974 696 3240 754 euchari-

616 782 959 841 Disserendi
1023 782 1422 842 subtilitatem
1488 790 1549 842 et
1615 784 1897 861 argutias,
1957 781 2119 849 stica,
2152 780 2234 839 ib.
2280 791 2462 852 1589,
2497 784 2668 859 cujus
2702 783 3004 843 occasione
3035 785 3239 844 adver·

614 872 835 946 quibus
896 872 1133 931 valebat
1191 872 1520 947 plurimum
1581 872 1647 932 in
1693 872 1898 949 dispu-
1955 870 2246 928 sariorum
2266 871 2514 946 plurimi
2532 872 2922 947 arripuerunt
2938 874 3233 944 calamum,

614 961 812 1029 tando,
863 981 899 1020 a
929 961 1054 1019 suis
1096 961 1300 1020 abesse
1345 962 1781 1021 commentariis
1828 963 1900 1020 de
1954 962 2025 1016 ut
2056 959 2112 1017 ei
2144 957 2680 1041 responderentl).v

612 1050 914 1109 industria
961 1051 1170 1119 voluit,
1218 1068 1337 1125 quo
1381 1051 1576 1110 lucem
1620 1052 1743 1110 illis
1773 1071 1896 1109 ma-

607 1143 797 1215 jorem
862 1157 1089 1198 necnon
1156 1140 1494 1215 legentibus
1552 1140 1896 1200 facilitatem

613 1228 866 1290 afferret.
930 1229 1360 1288 Austeritatem
1419 1248 1558 1288 vero
1618 1230 1897 1289 scientiae
1953 1225 2264 1285 lebritatis.
2313 1227 2649 1303 Gregorius,
2688 1228 2952 1312 Nufiez
3013 1230 3237 1289 Coro-

611 1317 1025 1376 reconditioris
1072 1317 1368 1377 scribendi
1413 1319 1736 1395 elegantia,
1802 1320 1894 1377 ni·
1952 1315 2096 1383 nel,
2145 1315 2480 1387 Lusitanus
2531 1317 2594 1376 O.
2630 1318 2819 1379 Erem.
2859 1318 2914 1376 S.
2949 1320 3098 1395 Aug.
3132 1319 3238 1379 diu

610 1412 739 1466 tore
796 1411 857 1465 et
918 1406 1208 1466 brevitate
1269 1407 1535 1467 condivit
1550 1403 1614 1488 ¹).
1675 1409 1895 1469 Eorum
1949 1404 2163 1463 Romae
2214 1404 2549 1481 theologiae
2600 1406 2978 1466 scholasticae
3034 1409 3233 1480 lector,

611 1499 846 1571 epitome
905 1495 1125 1570 prodiit
1170 1496 1439 1555 Coloniae
1497 1507 1659 1561 1662
1724 1499 1786 1558 in
1839 1508 1893 1559 8.
1951 1493 2232 1551 Clementi
2247 1493 2936 1555 V111.aconfessionihus
2954 1492 3235 1578 (†162o),

609 1584 888 1662 Lugduni
917 1584 1270 1660 prodierunt
1307 1596 1462 1648 1591
1506 1583 1596 1667 (et
1626 1587 1763 1646 dein
1784 1590 1893 1646 Pa·
1949 1583 2120 1656 cujus
2165 1586 2432 1642 exstant:
2481 1585 2566 1643 De
2610 1603 2744 1643 vera
2780 1585 2998 1643 Christi
3039 1582 3233 1645 Eccle-

607 1674 766 1732 risiis
827 1669 1017 1753 1610)
1079 1675 1336 1750 plurima
1385 1676 1649 1751 ejusdem
1709 1696 1893 1753 opus·
1947 1668 2040 1728 sia
2074 1672 2133 1728 11.
2178 1683 2271 1742 10,
2307 1672 2521 1732 Romae
2566 1683 2725 1737 1594
2759 1674 2911 1742 in4;
2946 1675 3014 1733 de
3043 1679 3233 1735 sacris

609 1764 741 1822 cula
789 1758 928 1844 (28)
975 1764 1045 1821 de
1087 1764 1224 1836 fidei
1281 1768 1698 1840 controversiis,
1745 1786 1892 1841 quo·
1948 1761 2277 1832 apostolicis
2305 1763 2714 1821 traditionibus
2747 1764 2783 1826 l.
2828 1776 2876 1833 1,
2911 1764 2987 1821 ib.
3030 1775 3230 1835 1597;

607 1872 740 1910 rum
772 1852 1006 1929 potiora
1037 1857 1210 1911 sunt:
1245 1854 1526 1930 Analysis
1542 1857 1679 1930 fidei
1701 1857 1890 1915 catho-
1949 1849 2010 1909 ll.
2049 1861 2082 1911 6
2118 1850 2182 1908 in
2214 1850 2465 1909 totidem
2497 1855 2542 1910 t.
2575 1852 2751 1910 divisi
2784 1853 2852 1911 de
2875 1856 3087 1929 optimo
3118 1858 3232 1913 rei-

607 1943 765 2017 licae,
801 1941 910 2000 hoc
939 1946 1049 2010 est,
1096 1942 1251 2001 ratio
1290 1944 1623 2003 methodica
1668 1964 1794 2004 eam
1828 1946 1890 2005 in
1941 1938 2202 2014 publicae
2232 1947 2410 2018 statu,
2443 1940 2518 2003 ib.
2548 1951 2732 2004 1597.
2767 1943 2930 2001 Inter
2960 1944 3097 2003 illos
3117 1944 3234 2003 fuit

608 2031 953 2089 universum
1001 2030 1175 2089 fidem
1223 2050 1292 2090 ex
1357 2034 1535 2092 certis
1582 2034 1892 2111 principiis
1948 2028 2267 2105 Gregorius
2303 2030 2376 2089 ob
2409 2029 2709 2090 doctrinae
2753 2032 3050 2091 meritum.
3096 2034 3229 2109 qui-

607 2119 917 2196 probandi,
948 2139 1129 2195 quam
1161 2139 1205 2178 s.
1239 2139 1478 2181 romana
1496 2123 1756 2183 Ecclesia
1784 2124 1887 2183 ad-
1947 2116 2059 2175 bus
2093 2117 2360 2177 Clemens
2394 2118 2545 2177 VIII.
2592 2119 3028 2195 dijudicandam
3075 2122 3231 2181 inter

605 2227 811 2268 versus
842 2209 1202 2285 multiplices
1244 2212 1630 2272 sectariorum
1662 2233 1890 2273 errores
1944 2203 2207 2266 Jesuitas
2239 2213 2301 2266 et
2334 2208 2743 2267 Dominicanos
2768 2209 2841 2269 de
2874 2210 3110 2269 auxiliis
3141 2210 3229 2269 di-

2052 1146 2187 1199 174.
2220 1136 2453 1212 Reliqui
2485 1139 2732 1198 minoris
2764 1140 2940 1216 longe
2970 1144 3113 1198 sunt
3144 1159 3238 1199 ce-

605 2298 922 2374 profitetur
953 2298 1011 2357 11.
1048 2308 1082 2362 8
1118 2301 1552 2375 comprehensa,
1585 2303 1889 2380 inquibus
1944 2295 2116 2354 vinae
2147 2296 2371 2373 gratiae
2412 2299 2870 2358 controversiam
2919 2300 3227 2369 commisit,

605 2389 784 2446 simul
819 2387 890 2446 de
922 2388 1197 2457 Ecclesia,
1230 2387 1303 2447 de
1323 2409 1566 2451 romano
1591 2392 1885 2467 pontifice,

602 2477 674 2535 de
714 2477 1049 2553 Scriptura,
1084 2477 1156 2536 de
1178 2479 1620 2550 traditionibus,
1655 2481 1727 2540 de
1749 2499 1885 2540 con·

603 2566 752 2626 ciliis
787 2567 911 2625 suis
942 2567 1086 2626 locis
1120 2564 1546 2649 disputatur²)‚
1588 2568 1886 2646 Ingolsta-

604 2656 686 2713 dii
729 2665 912 2724 1585,
965 2658 1469 2733 opusegregium,
1516 2658 1694 2717 etiam
1729 2661 1884 2736 apud

603 2744 913 2802 Rocaberti
944 2744 1101 2813 XIII,
1140 2755 1480 2816 4:3—-1‘543
1524 2747 1593 2804 de
1631 2766 1706 2806 ss.
1753 2748 1884 2806 Tri-

601 2836 776 2890 nitate
823 2832 882 2889 ll.
920 2843 975 2902 5,
1024 2832 1102 2890 ib.
1159 2843 1342 2902 1586,
1392 2835 1550 2910 quod
1596 2837 1885 2911 plurimos

600 2925 841 2980 nactum
856 2925 949 2980 est
964 2921 1427 2998 impugnatorem
1443 2925 1512 2982 de
1526 2945 1658 2984 vera
1666 2925 1890 2988 Christi

476 3087 481 3090 .
599 3010 892 3083 majestate
924 3017 974 3067 et
996 3014 1330 3082 praesentia
1361 3019 1570 3074 contra
1619 3015 1884 3075 luthera-

600 3116 706 3157 nos
740 3098 1078 3173 ubiquistas
1110 3101 1172 3158 11.
1197 3095 1316 3183 43),
1352 3102 1429 3164 ib.
1459 3113 1654 3174 15823
1696 3115 1884 3176 15833

608 3199 679 3250 15
692 3197 771 3252 84
793 3210 807 3259 ;
828 3189 895 3246 de
913 3207 1153 3248 numero
1172 3200 1665 3268 sacramentorum
1686 3195 1759 3252 Ν.
1782 3195 1852 3254 L.
1856 3217 1886 3269 ,-

598 3279 666 3335 de
697 3279 844 3336 reali
867 3278 1085 3338 Christi
1106 3283 1436 3355 praesentia
1456 3285 1518 3341 in
1537 3284 1885 3343 eucharistia

597 3369 735 3425 etde
755 3369 1397 3430 transsubstantiatione
1415 3371 1477 3430 ll.
1502 3381 1557 3440 3,
1575 3372 1653 3433 ib.
1680 3383 1700 3435 l
1720 3382 1796 3438 58
1809 3385 1841 3436 7
1863 3396 1877 3438 ς

596 3457 665 3513 de
697 3465 1061 3517 sacrosancto
1095 3461 1305 3519 missae
1333 3458 1620 3534 sacrificio
1642 3461 1699 3519 ll
1726 3471 1782 3524 2.
1800 3463 1882 3524 ib.

606 3556 801 3617 15so;
864 3557 1016 3611 1581
1044 3569 1057 3618 ;
1106 3549 1175 3606 de
1220 3550 1552 3609 idololatria
1598 3550 1652 3609 ll.
1709 3562 1764 3621 5,
1818 3553 1884 3611 in

595 3636 814 3710 quibus
847 3637 1046 3695 cultus
1079 3655 1124 3695 s.
1151 3638 1539 3699 eucharistiae
1571 3644 1631 3699 et
1650 3645 1880 3701 sancto-

594 3743 724 3781 rum
775 3728 840 3783 et
885 3743 959 3785 ss,
1006 3726 1332 3801 imaginum
1382 3746 1447 3786 ac
1492 3730 1879 3805 reliquiarum

594 3812 877 3871 adversus
927 3814 1305 3874 sectariorum
1353 3819 1743 3878 contumelias
1776 3820 1876 3879 de·-

593 3902 872 3972 fenditur,
909 3907 1231 3979 utrumque
1265 3904 1548 3966 adversus
1580 3907 1877 3968 Herbran-

670 4077 706 4132 Ι)
735 4071 985 4126 Historia
1011 4074 1131 4127 Soc.
1160 4073 1270 4127 Jes.
1301 4075 1336 4132 1.
1366 4081 1452 4132 24.
1480 4095 1534 4147 p.
1563 4082 1613 4133 5.
1642 4090 1668 4144 5
1692 4084 1778 4137 42.

665 4149 705 4207 ²)
733 4143 1032 4213 Reperitur
1074 4162 1303 4213 quoque
1330 4164 1423 4200 ma
1467 4166 1541 4202 na.
1580 4151 1781 4204 saltem
1809 4167 1879 4205 ex
1935 4156 2012 4208 Ro

1943 2384 2255 2460 ipsiusque
2301 2386 2777 2463 congregationis
2824 2387 2940 2446 suit
2973 2393 3226 2448 secreta·

1943 2472 2080 2531 rius.
2129 2475 2316 2533 Multa
2350 2475 2633 2534 adversus
2665 2476 2949 2535 Molinam
2993 2478 3230 2553 scripsit

1941 2562 2037 2621 vel
2069 2563 2142 2622 ab
2162 2563 2299 2623 aliis
2320 2565 2545 2642 scripta
2567 2565 2821 2644 collegit,
2855 2584 3006 2642 quae
3026 2574 3225 2627 tamen

1941 2670 2059 2710 nou
2094 2652 2516 2732 prodierunt2).
2538 2688 2623 2697 --
2645 2655 3041 2732 Hieronymus
3061 2658 3151 2718 To
3166 2679 3222 2717 r-

1942 2759 2063 2799 res
2096 2737 2449 2824 (Torrensis)
2483 2747 2536 2805 S.
2571 2744 2611 2802 J
2614 2789 2646 2814 .,
2681 2745 2897 2803 Romae
2928 2747 3221 2807 Aristote-

1943 2830 2058 2888 lem
2091 2832 2521 2907 interpretatus
2553 2837 2662 2902 est,
2710 2834 2847 2892 dein
2877 2832 3220 2911 Ingolstadii

1943 2915 2439 3002 (1567—1575)
2473 2923 2830 2999 theologiam
2859 2924 3100 2998 publice
3133 2945 3229 2985 ex·

1940 3009 2157 3083 posuit.
2218 3010 2296 3070 Ut
2345 3028 2407 3068 se
2454 3014 2780 3088 opponeret
2824 3015 3229 3085 novatoribus,

1940 3098 2044 3172 qui
2091 3116 2320 3174 semper
2364 3099 2438 3157 ad
2484 3101 2895 3178 Augustinum
2945 3121 3219 3178 provoca-

1941 3185 2088 3245 bant
2105 3189 2277 3262 quasi
2297 3206 2495 3246 secum
2516 3190 2890 3261 sentientem,
2925 3191 3221 3266 simulque

1940 3275 2231 3335 refelleret
2262 3296 2467 3336 eorum
2499 3278 2922 3338 confessionem
2940 3289 3218 3356 augusta-

1937 3382 2093 3435 nam,
2145 3366 2476 3443 composuit
2511 3367 2935 3442 Confessionem
2967 3371 3218 3446 anqusti-

1938 3454 2197 3524 nianum,
2231 3474 2300 3514 ex
2332 3455 2389 3517 d.
2419 3457 2562 3514 Aur.
2590 3458 2916 3534 Augustini
2947 3458 3221 3533 operibus

1938 3543 2332 3617 compilatam,
2380 3545 2443 3602 in
2490 3564 2612 3621 qua
2656 3547 2986 3624 theologiae
3030 3547 3222 3622 capita

1939 3634 2316 3692 controversa
2349 3639 2409 3693 et
2452 3634 2516 3692 in
2548 3634 3015 3710 disputationem
3047 3654 3219 3712 supe-

1937 3720 2193 3780 rioribus
2253 3722 2465 3782 seculis
2515 3724 2588 3782 ab
2638 3723 2948 3785 haereticis
2998 3731 3222 3796 vocata,

1937 3828 2097 3868 nunc
2130 3831 2165 3868 a
2195 3813 2580 3872 novatoribus
2601 3823 2872 3874 revocata
2895 3816 3224 3875 secundum

2012 4017 2052 4085 ι)
2081 4013 2162 4069 cf.
2188 4013 2492 4070 Werner
2510 4060 2523 4080 ,
2567 4017 2742 4071 Franz
2784 4017 2988 4071 Suarez
3031 4022 3081 4082 1,
3116 4023 3217 4080 49;

1935 4084 2012 4138 ali
2058 4102 2130 4138 ua
2156 4088 2434 4156 opuscula
2459 4088 2730 4142 adversus
2754 4088 2946 4158 ipsum
2968 4092 3224 4144 recenset

2016 4102 2267 4227 {lxovany
2294 4159 2365 4212 de
2390 4175 2526 4214 rom.
2555 4162 2713 4229 pont.
2741 4160 2807 4224 ΙΙ,
2833 4164 2938 4216 427
2966 4177 3008 4215 s.
3047 4159 3219 4215 Porro

591 4217 753 4282 parte
779 4215 839 4267 in
868 4218 907 4269 t.
935 4220 985 4272 3.
1013 4222 1383 4272 commentar.
1463 4261 1475 4273 .
1507 4227 1553 4276 1.
1583 4239 1636 4291 q.
1666 4227 1713 4278 1.
1741 4241 1797 4293 p.
1827 4229 1876 4280 7.
1933 4229 2108 4282 refert
2133 4228 2391 4285 Hurtado
2432 4232 2523 4300 (de
2562 4231 2687 4296 fide,
2728 4230 2873 4300 disp.
2915 4235 2999 4288 76.
3040 4241 3067 4300 ς
3093 4236 3219 4299 307)

663 4290 707 4356 ³)
736 4286 823 4339 Ad
845 4287 947 4339 hos
968 4288 1198 4358 respicit
1217 4288 1509 4354 Patavina,
1532 4309 1680 4346 cum
1701 4294 1875 4353 theol,
1936 4299 2257 4354 Valentiam
2276 4342 2288 4363 ‚
2355 4319 2523 4370 quam
2577 4303 2816 4372 primum
2886 4302 3219 4371 audivisset,

590 4356 779 4438 dogm.
807 4359 876 4411 de
915 4359 1127 4413 incarn.
1158 4360 1192 4414 l.
1224 4366 1305 4419 10.
1346 4379 1392 4416 c.
1430 4367 1477 4419 7.
1506 4375 1531 4430 5
1557 4369 1608 4422 3.
1648 4365 1877 4420 scribit:
1934 4371 2218 4438 quendam
2241 4374 2683 4442 protestantium
2707 4374 2921 4429 librum
2945 4393 3072 4430 mox
3091 4391 3219 4446 pro·

595 4429 729 4486 ..Hic
756 4430 1066 4502 (Valentia)
1110 4435 1442 4502 praesertim
1485 4436 1768 4491 uberrima
1796 4442 1868 4491 at
1933 4440 2188 4496 diturum
2234 4461 2349 4498 esse
2388 4445 2448 4498 in
2495 4446 2679 4499 lucem
2720 4446 3028 4517 publicam,
3073 4447 3218 4500 nulli

591 4517 700 4568 que
716 4502 1144 4556 accuratissima
1160 4504 1875 4578 librorumaliquotdispu·
1930 4515 2244 4583 pepercisse
2278 4515 2476 4580 labori,
2524 4520 2589 4570 ut
2628 4517 2889 4586 plagulas
2931 4518 3082 4588 typis
3117 4517 3216 4572 vix

589 4572 805 4626 tatione
832 4573 1024 4628 omnia
1051 4576 1375 4646 complexus
1404 4583 1500 4645 est,
1541 4597 1682 4648 quae
1708 4581 1781 4633 ad
1810 4581 1875 4635 il·
1932 4600 2218 4655 expressas
2238 4587 2666 4657 adipisceretur,
2694 4605 2809 4658 quo
2834 4605 2944 4642 una
2981 4606 3106 4642 cum
3127 4605 3217 4643 ve·

589 4642 770 4696 lorum
812 4646 1275 4716 (ubiquistarum)
1317 4652 1439 4702 tum
1480 4652 1874 4720 explicandam
1931 4673 2079 4710 neno
2105 4658 2430 4713 antidotum
2473 4676 2567 4713 seu
2597 4659 2754 4713 illius
2795 4660 3063 4714 refutatio
3086 4676 3214 4730 pro·

589 4715 861 4769 haeresim
889 4717 1013 4771 tum
1040 4719 1410 4774 refellendam
1436 4726 1494 4776 et
1514 4725 1873 4778 evertendam
1932 4727 2093 4781 diret.

589 4786 755 4840 utilia
783 4791 915 4841 sunt
941 4789 1165 4844 homini
1189 4791 1507 4862 theolog0.“

1899 4847 1906 4867 ,
2005 4803 2045 4870 2)
2075 4799 2156 4854 cf.
2185 4799 2375 4854 Keller
2400 4799 2514 4857 KL.
2545 4800 2637 4863 111,
2669 4805 2822 4860 1104.
