3625 5193
565 237 681 290 691
1043 221 1412 274 1621—1640.
1442 215 1755 288 Theologia
1781 218 2028 288 positiva
2054 222 2111 273 et
2137 218 2412 289 polemica.
2438 219 2499 271 in
2527 220 2711 275 Italia.
3058 240 3183 292 692

558 424 687 463 mae
725 415 883 467 1611
925 404 988 462 in
1026 413 1092 474 43
1130 403 1399 463 Coloniae
1442 415 1634 471 1611;
1675 414 1836 466 1617
1895 406 1999 479 qui
2029 404 2415 479 reperiuntur
2432 403 2491 475 ¹),
2526 405 2867 465 emendavit
2887 406 3183 479 Labbeus,

558 498 699 561 etc.;
732 492 1008 569 Lugduni
1034 503 1219 564 1611,
1250 501 1431 563 1618,
1464 503 1645 562 1647,
1678 501 1836 555 1682
1896 493 2125 567 aliaque
2166 493 2466 568 supplevit
2508 493 2569 551 in
2603 512 2713 552 sua
2758 494 3184 554 dissertatione

559 585 666 641 etc.
686 616 773 625 —
795 582 855 638 T.
892 591 948 643 6.
979 582 1218 640 exhibet
1247 583 1377 656 ejus
1404 581 1709 641 conciones
1729 582 1840 641 Lo·
1894 581 2249 658 philologica
2279 588 2339 640 et
2380 581 2661 640 historica
2691 585 2761 641 de
2801 586 3187 657 scriptotibus

560 670 716 729 vanii
749 670 1086 729 habitas—
1107 674 1169 729 et
1200 674 1241 728 t.
1268 681 1321 731 7.
1357 669 1427 729 de
1449 670 1841 746 scriptoribus
1897 672 2301 746 ecclesiasticis,
2338 689 2486 745 quos
2520 671 2728 748 attigit
2759 673 3187 743 Bellarminus‚

559 759 973 818 ecclesiasticis
1010 755 1080 841 (c.
1100 755 1255 840 400)
1288 759 1346 828 1.,
1381 759 1487 834 qui
1507 759 1686 817 etiam
1719 778 1841 817 sae·
1897 760 1960 818 in
1981 779 2101 835 qua
2121 778 2251 818 cum
2277 759 2536 836 plurima
2558 760 2630 817 ad
2654 761 2983 835 historiam,
3018 762 3187 821 chro-

559 850 694 923 pius
739 847 976 924 prodiit,
1022 851 1093 906 ut
1125 848 1339 906 Romae
1383 856 1545 910 1613
1589 866 1721 906 0001
1765 859 1831 909 11
1896 849 2226 924 nologiam,
2292 849 2675 923 criticumque
2727 851 3191 909 ecclesiasticam

559 937 856 996 indicibus
889 941 950 996 et
981 936 1145 995 bre'vi
1193 936 1574 1013 chronologia
1607 937 1681 995 ab
1711 956 1760 996 o.
1795 955 1841 994 c.
1898 937 2231 1013 spectantia
2280 937 2684 1011 explicantur,
2746 942 2879 996 tum
2932 939 3191 997 aliorum

559 1045 747 1102 usque
805 1025 879 1083 ad
929 1045 978 1083 a.
1045 1035 1238 1096 1612;
1317 1025 1588 1084 Coloniae
1653 1035 1842 1094 1613;
1900 1026 2244 1101 praesertim
2277 1026 2489 1096 Riveti,
2525 1026 2674 1097 coci,
2720 1027 3009 1098 Perkinsi,
3041 1027 3188 1086 Tos-

560 1115 802 1173 Parisiis
872 1124 1034 1176 1617
1107 1110 1273 1195 (cura
1335 1113 1457 1172 Jac.
1524 1113 1839 1185 Sirmondi‚
1898 1116 2044 1185 sani,
2094 1115 2393 1183 Gerhardi,
2436 1115 2770 1186 Aubertini,
2819 1116 3186 1193 Hottingeri‚

561 1203 744 1261 editio
790 1198 1145 1284 praestans),
1207 1213 1370 1266 1630
1420 1207 1554 1270 etc.,
1607 1203 1678 1261 de
1723 1222 1843 1279 quo
1897 1204 2134 1262 Maresii
2165 1206 2361 1261 errata
2393 1205 2792 1281 castigantur:
2833 1224 2900 1263 ea
2928 1206 3188 1263 habetur

560 1311 734 1368 opere
779 1293 866 1349 ita
911 1291 1118 1350 scribit
1166 1291 1608 1351 Fabricius:
1663 1291 1841 1361 ,Bel-
1896 1293 1961 1351 in
1990 1292 2252 1351 editione
2284 1293 2596 1367 parisiensi
2639 1302 2820 1356 1658.
2866 1304 3027 1357 1660
3066 1313 3117 1352 v.
3146 1303 3181 1354 2

558 1381 848 1439 larminus
881 1381 1121 1455 quidem
1155 1382 1312 1439 hunc
1357 1380 1579 1438 librum
1611 1381 1674 1439 in
1705 1399 1843 1440 suos
1897 1383 1959 1439 in
1982 1393 2058 1451 8.,
2093 1400 2242 1457 quae
2263 1400 2397 1440 cum
2427 1381 2533 1439 illa
2567 1402 2616 1440 a.
2651 1392 2810 1446 1617
2836 1401 3020 1457 supra
3048 1382 3184 1441 lau·

561 1470 852 1528 duntaxat
895 1487 1037 1527 usus
1085 1470 1451 1545 conscripsit,
1500 1488 1635 1528 cum
1677 1470 1843 1527 theo·
1897 1470 2035 1527 data
2065 1470 2289 1546 optima
2321 1475 2614 1541 censetur,
2662 1471 2806 1529 dum
2845 1471 3187 1548 lugdunen-

562 1558 781 1634 logiam
823 1553 1118 1638 (Lovanii)
1166 1558 1371 1617 docere
1415 1558 1686 1628 deberet;
1735 1577 1841 1632 po·
1900 1559 1985 1617 sis
2019 1580 2066 1616 a.
2111 1569 2270 1621 1663
2295 1558 2499 1635 judice
2530 1560 2890 1618 Fabricio
2924 1560 3187 1618 vitiosis-

562 1651 690 1705 stea
722 1652 937 1716 autem,
972 1665 1107 1704 cum
1137 1647 1202 1704 in
1220 1647 1483 1721 plurium
1508 1666 1720 1705 manus
1744 1665 1842 1705 ve·
1900 1648 2048 1706 sima
2079 1651 2185 1706 est.
2242 1648 2564 1706 casimirus
2598 1648 2796 1707 Oudin
2827 1649 3052 1722 pariter
3083 1649 3189 1706 ad-

564 1736 721 1794 nisse
770 1735 1136 1812 intelligeret
1183 1756 1248 1794 ac
1292 1736 1675 1794 metuendum
1726 1735 1842 1811 ipsi
1891 1736 2039 1811 jecit
2071 1733 2538 1810 Supplementum
2586 1738 2656 1794 de
2694 1738 3072 1816 scriptoribus
3101 1757 3186 1795 ec-

562 1830 739 1899 esset‚
774 1843 848 1882 ne
880 1842 943 1882 se
975 1825 1312 1884 inconsulto
1333 1824 1622 1894 ederetur,
1656 1825 1716 1882 in
1751 1825 1844 1882 ul·
1897 1827 2227 1884 clesiasticis
2271 1845 2305 1883 a
2334 1826 2693 1884 Bellarmino
2739 1826 2977 1884 omissis
3027 1825 3101 1884 ad
3136 1847 3186 1884 a.

562 1913 708 1971 tima
740 1915 932 1971 aetate
976 1932 1111 1971 eum
1156 1914 1511 1989 recognovit,
1559 1913 1847 1988 expolivit
1909 1923 2070 1976 1460
2106 1915 2197 1973 vel
2236 1915 2306 1971 ad
2339 1918 2526 1972 artem
2571 1915 3057 1991 typographicam
3089 1914 3184 1972 in-

565 2005 625 2060 et
671 2001 880 2059 auxit.
924 2050 937 2063 .
981 2051 994 2062 .
1027 2003 1225 2078 Atque
1275 2003 1371 2061 hic
1419 2003 1573 2060 liber
1619 2002 1843 2061 Bellar-
1900 2007 2156 2072 ventam,
2204 2003 2447 2061 Parisiis
2487 2013 2683 2074 1686;
2737 2006 2802 2060 A.
2836 2004 2919 2062 du
2966 2003 3187 2061 Saus-

560 2090 708 2148 mini
741 2091 1102 2167 singularem
1143 2091 1300 2166 apud
1335 2090 1615 2162 eruditOS‚
1663 2092 1842 2150 etiam
1900 2111 2030 2166 say
2080 2088 2176 2173 (de
2222 2110 2339 2166 quo
2385 2087 2566 2174 infra)
2612 2091 2982 2151 continuavit
3031 2111 3187 2168 opus

560 2182 963 2256 protestantes
983 2183 1333 2238 consecutus
1361 2184 1454 2239 est
1472 2180 1845 2256 approbatio·
1898 2181 2245 2239 Bellarmini
2295 2180 2369 2238 ab
2419 2201 2466 2238 a.
2528 2191 2977 2250 1500—1600,
3033 2199 3187 2255 quae

561 2288 724 2337 nem,
777 2269 861 2327 ita
903 2273 976 2327 ut
1019 2287 1123 2345 pro
1168 2269 1398 2328 meliori
1448 2270 1576 2344 ejus
1624 2270 1845 2344 scripto
1899 2270 2269 2327 continuatio
2300 2269 2522 2344 prodiit
2545 2269 2814 2327 Coloniae
2859 2278 3040 2339 1684,
3074 2269 3189 2327 mi-

562 2358 835 2426 habeant,
884 2358 1156 2433 quamvis
1187 2378 1307 2418 non
1339 2360 1419 2416 sit
1450 2358 1576 2416 sine
1608 2359 1843 2416 naevis:
1899 2359 2060 2417 noris
2093 2361 2290 2416 tamen
2323 2361 2412 2416 est
2445 2358 2637 2433 pretii.
2684 2358 2925 2416 Praeter
2956 2358 3113 2415 hunc
3146 2358 3185 2414 1.

563 2447 884 2506 observant
933 2448 1091 2505 enim
1141 2448 1390 2514 eruditi,
1447 2447 1846 2504 eminentissi-
1901 2447 2315 2522 complectitur
2345 2451 2387 2504 t.
2428 2458 2478 2509 7.
2524 2447 2595 2505 (10
2642 2446 3030 2505 translatione
3075 2446 3185 2504 im-

561 2556 726 2595 mum
771 2538 1066 2594 auctorem
1116 2536 1310 2593 multa
1357 2536 1844 2612 praetermisisse,
1901 2536 2052 2613 perii
2084 2536 2313 2594 romani
2345 2535 2417 2593 ad
2452 2535 2682 2593 francos
2719 2535 3003 2594 adversus
3036 2536 3186 2593 Mat.-

563 2626 745 2683 dubia
778 2644 844 2683 ac
877 2624 1262 2699 supposititia
1306 2625 1525 2698 scripta
1555 2643 1660 2699 pro
1694 2625 1847 2682 veris
1902 2626 2085 2683 thiam
2131 2626 2427 2683 Flaccium
2480 2625 2788 2700 Illyricum
2835 2625 2895 2687 ll.
2945 2620 3064 2705 3²),
3118 2625 3191 2683 de

563 2718 624 2772 et
674 2714 953 2790 genuinis
1005 2712 1340 2771 venditasse
1400 2718 1551 2774 010.“ι
1616 2714 1848 2771 Naevos
1902 2714 2293 2789 indulgentiis
2325 2717 2386 2771 et
2409 2714 2670 2787 jubilaeo
2704 2715 2764 2775 ll.
2803 2723 2858 2783 2,
2914 2714 3188 2789 egregius

1903 2803 1972 2861 de
2005 2803 2115 2860 hoc
2145 2805 2494 2879 argumento
2531 2802 2801 2869 libellus3
2855 2801 3191 2877 responsio·

563 2934 644 2987 De
670 2951 735 2988 ea
764 2933 955 2987 soribzt
982 2934 1175 2989 florele
1203 2935 1315 2988 KL.
1341 2940 1439 2992 29:
1469 2935 1576 2988 ain
1605 2936 1696 2988 fur
1714 2937 1849 3005 jene
1904 2891 2139 2991 ”⁶m.⁸‘¹
2173 2893 2208 2949 ¹·
2244 2910 2600 2990 ‘'³⁰⁰³'um
2651 2897 2854 2991 ⁰⁰¹*OE
2886 2910 3188 2992 summum

564 3004 685 3058 Zeit
726 3005 1028 3059 trefflicher
1076 3006 1376 3060 lateinisch
1468 3007 1852 3061 eschriebener
1903 2980 2255 3055 PORsslfiCOffl,
2278 2979 2695 3038 reffltatwnem
2719 2980 2906 3038 hbelh
2929 2980 2999 3038 de
3021 2980 3192 3038 cultu

565 3076 927 3130 Commentar
955 3119 967 3131 .
994 3118 1007 3130 .
1036 3118 1049 3129 .
1078 3077 1318 3131 welcher
1358 3077 1436 3129 sic
1514 3078 1689 3133 durch
1729 3084 1848 3147 prii-
1904 3069 2247 3145 imaginum,
2282 3070 2386 3144 qui
2420 3068 2567 3126 falso
2600 3068 2864 3145 synodus
2897 3068 3189 3144 parisien·

564 3146 674 3201 cise
702 3148 818 3201 und
845 3153 1108 3202 accurate
1130 3149 1384 3217 Fassung
1411 3155 1508 3202 der
1524 3149 1848 3210 Gedanken,

564 3236 622 3272 3ο
640 3219 746 3272 wie
764 3219 936 3273 durch
954 3222 1169 3274 ernstes
1184 3220 1301 3273 und
1316 3220 1537 3273 tieferes
1555 3220 1850 3289 Eingehen

561 3291 623 3344 in
640 3291 748 3344 den
766 3291 904 3344 Sinn
922 3292 1020 3346 der
1036 3291 1285 3361 heiligen
1301 3292 1554 3360 Gesauge
1570 3292 1851 3345 auszeich·
1984 3294 2019 3361 ¹)
2046 3290 2188 3345 Hist.
2229 3290 2365 3345 bibl.
2408 3291 2547 3343 fabr.
2578 3289 2644 3353 V,
2670 3293 2807 3359 44&
2849 3289 3065 3343 Andres
3094 3289 3185 3354 VI,

564 3365 661 3416 net
702 3364 820 3416 und
849 3380 950 3417 vor
988 3381 1091 3434 gar
1130 3364 1319 3417 vielen
1358 3378 1541 3416 neuen
1569 3362 1849 3415 Psalmen-
1903 3363 1941 3415 1.
1965 3367 2015 3417 4.
2044 3378 2092 3416 0.
2114 3367 2177 3417 2:
2226 3362 2338 3422 „La
2362 3361 2638 3414 continua
2675 3360 2886 3414 lettura
2921 3377 3022 3430 per
3059 3377 3192 3428 qua·

564 3434 1007 3488 commentar-ieri
1047 3436 1157 3489 den
1199 3435 1421 3503 Vorzug
1461 3434 1731 3488 verdient.
1784 3432 1848 3486 R.
1903 3432 2188 3486 rant’anni
2209 3431 2359 3502 degli
2386 3432 2627 3485 scrittori
2649 3431 2808 3495 sacri,
2837 3431 3075 3485 de'santi
3096 3448 3192 3500 pa·

565 3505 760 3559 Simon
781 3506 943 3576 (Hist.
974 3508 1094 3562 crit.
1123 3508 1200 3560 du
1219 3508 1285 3561 V.
1307 3508 1368 3560 Τ.
1393 3505 1429 3559 1.
1458 3509 1491 3562 3
1519 3522 1562 3564 c,
1593 3508 1708 3577 12):
1738 3504 1850 3566 „La
1904 3504 1990 3558 dri
2018 3520 2047 3556 e
2073 3503 2230 3573 degli
2265 3503 2398 3557 altri
2437 3501 2683 3556 scrittori
2719 3501 3080 3556 ecclesiastici
3106 3503 3190 3572 gli

563 3577 825 3631 methode
863 3595 969 3646 que.
1009 3579 1062 3633 le
1090 3578 1249 3632 Card.
1279 3576 1586 3631 Bellarmin
1613 3593 1647 3628 a
1672 3576 1849 3629 suivie
1904 3591 2044 3629 avca
2071 3574 2205 3628 dato
2235 3591 2347 3627 una
2373 3573 2543 3643 piena
2563 3573 2907 3642 cognizione,
2935 3592 3013 3627 un
3039 3575 3189 3626 tatto

564 3647 706 3701 dans
746 3665 845 3701 son
885 3650 1286 3705 commentaire
1328 3667 1424 3702 sur
1461 3648 1542 3702 les
1585 3647 1850 3701 Psaumes
1904 3647 2086 3700 sicuro
2112 3646 2182 3700 ed
2219 3663 2298 3698 un
2337 3648 2449 3698 fino
2489 3644 2927 3698 discernimento
2964 3661 3066 3714 per
3103 3660 3191 3696 co-

564 3721 650 3772 est
675 3720 859 3773 bonne
900 3724 956 3773 et
983 3721 1154 3791 digne
1195 3721 1261 3775 de
1287 3720 1388 3775 lui.
1429 3719 1477 3772 11
1503 3719 1758 3773 examine
1799 3719 1850 3771 le
1904 3733 2123 3770 noscere
2150 3715 2231 3786 gli
2257 3716 2462 3780 autori,
2500 3716 2790 3785 giudicare
2816 3715 2909 3769 del
2935 3716 3056 3771 loro
3080 3731 3191 3768 me·

565 3788 734 3843 Texte
763 3790 986 3845 Hebreu
1015 3794 1113 3860 qui
1142 3796 1226 3846 est
1251 3790 1575 3861 l'Original,
1615 3790 1743 3859 puis
1769 3790 1851 3843 les
1904 3790 2027 3852 rito,
2069 3787 2464 3855 comprendere
2504 3787 2555 3840 le
2592 3787 2677 3840 lor
2714 3803 2898 3855 opere,
2942 3804 2970 3840 e
2997 3785 3193 3839 distin-

566 3858 712 3912 deux
753 3861 1047 3916 anciennes
1083 3863 1348 3916 Versions
1390 3879 1496 3931 que
1537 3861 1780 3931 l'Eglise
1816 3876 1852 3913 a
1903 3875 2074 3929 guere
2112 3858 2164 3912 le
2192 3874 2318 3913 vere
2345 3876 2373 3912 e
2398 3859 2605 3912 sincere
2632 3857 2780 3911 dalle
2821 3860 3093 3927 supposte
3119 3857 3189 3910 ed

566 3930 890 3989 autorisees.
941 3932 981 3984 ll
1009 3936 1164 3986 n'est
1189 3952 1289 4002 pas
1316 3952 1467 3988 assez
1495 3933 1765 4000 Critique‚
1794 3935 1852 3985 et
1903 3930 2233 3984 adulterate.
2284 3929 2325 3981 Ε
2353 3929 2439 3985 010
2468 3929 2579 3999 egli
2606 3928 2724 3982 fece
2752 3944 2854 3980 con
2880 3930 3043 3981 tanta
3069 3928 3188 3981 bre·

567 3998 611 4051 il
639 4016 707 4052 ne
736 4002 920 4069 parcit
945 4004 1102 4055 avoir
1139 4009 1234 4073 300
1263 4021 1374 4072 que
1413 4004 1853 4059 mediocrement
1905 4002 2025 4056 vita
2063 4018 2091 4054 e
2128 4000 2432 4065 chiarezza,
2472 4017 2575 4054 con
2616 4000 2779 4052 tanta
2814 3998 3126 4068 precisione
3162 4016 3191 4051 e

567 4068 624 4121 la
649 4070 882 4139 Langue
910 4072 1260 4145 Hebraique;
1303 4075 1370 4128 de
1412 4078 1556 4129 sorte
1598 4075 1752 4142 qu'il
1792 4092 1850 4128 se
1904 4073 2204 4143 giustezza,
2227 4088 2331 4124 con
2352 4069 2821 4125 tant'erudizione
2841 4086 2869 4121 e
2891 4072 3051 4123 tanto
3066 4069 3192 4136 giu-

569 4142 788 4209 trompe
805 4143 1168 4210 quelquetois.
1189 4144 1672 4199 Commeilaecrit
1686 4147 1850 4215 apres
1903 4144 2066 4207 dizio,
2108 4144 2209 4197 che
2234 4141 2278 4195 il
2306 4161 2403 4195 suo
2430 4142 2574 4196 libro
2602 4144 2718 4211 pub
2747 4140 2884 4193 dirsi
2923 4140 2978 4193 la
3007 4138 3193 4207 prima.

569 4210 904 4267 Genebrard.
933 4214 977 4266 il
1004 4233 1037 4268 a
1061 4215 1178 4284 pris
1198 4216 1264 4269 de
1290 4215 1372 4267 lui
1397 4215 1453 4269 la
1474 4217 1756 4286 plus-part
1781 4217 1850 4270 de
1904 4231 2076 4284 opera
2091 4217 2412 4269 veramente
2428 4213 2622 4267 critica
2641 4212 2701 4265 in
2719 4212 2919 4280 questa
2935 4211 3188 4274 materia,

568 4296 627 4334 ce
654 4281 750 4348 qui
777 4286 1009 4353 regar-de
1049 4286 1106 4339 la
1133 4287 1478 4339 (ἐι-1110010110
1515 4290 1570 4339 et
1605 4289 1661 4341 la.
1689 4288 1849 4342 Criti·
1903 4304 1933 4340 e
1960 4302 2114 4339 come
2154 4285 2276 4338 dice
2303 4286 2343 4338 il
2376 4286 2561 4337 Labbe
2600 4284 2677 4355 (in
2703 4282 2880 4352 praef.
2910 4283 2982 4336 ad
3021 4282 3187 4347 lect),

569 4368 697 4419 que,
735 4370 804 4407 en
830 4373 867 4423 y
895 4358 1220 4427 changeant
1259 4357 1567 4412 seulement
1600 4360 1848 4427 quelque
1903 4360 1958 4411 la
1982 4358 2084 4425 pin
2129 4356 2267 4409 utile
2294 4373 2325 4410 e
2350 4357 2407 4409 la
2432 4355 2532 4425 piu
2573 4355 2836 4407 adattata
2861 4355 2916 4408 al
2957 4354 3189 4422 profitto

568 4424 745 4477 chose.
799 4426 841 4479 ll
867 4445 904 4495 y
930 4445 964 4481 a
990 4428 1139 4482 aussi
1169 4430 1264 4482 des
1291 4429 1544 4483 endroits
1572 4431 1666 4497 qu'
1683 4430 1727 4483 il
1753 4448 1848 4483 au·
1902 4428 2053 4483 della
2079 4427 2331 4481 studiosa
2351 4427 2641 4498 gioventii.
2659 4427 2761 4480 che
2774 4425 2836 4478 in
2853 4425 3041 4494 questi
3059 4427 3192 4478 tem-

568 4494 680 4545 roit
704 4501 782 4563 pu
809 4499 1102 4568 expliquer
1131 4500 1254 4569 plus
1281 4504 1314 4554 a
1339 4501 1394 4553 la
1419 4499 1584 4554 lettre
1611 4504 1669 4555 et
1695 4502 1849 4555 selon
1903 4501 1962 4569 pi
1991 4500 2136 4553 fosse
2165 4498 2348 4552 uscita
2374 4498 2490 4551 alla
2513 4498 2688 4556 luce,“

568 4562 620 4615 le
660 4581 786 4618 sens
827 4569 1171 4639 historique:
1218 4571 1357 4625 mais
1394 4570 1437 4624 il
1473 4588 1510 4640 y
1545 4590 1578 4626 a
1615 4573 1743 4626 bien
1781 4573 1848 4624 de
1975 4577 2017 4642 ²)
2046 4570 2256 4622 Horum
2284 4569 2575 4638 synopsim
2601 4566 2829 4621 exhibet
2864 4564 3193 4619 Possevi-

569 4633 938 4702 l'apparence
967 4642 1121 4708 qu’il
1147 4660 1216 4696 nc
1242 4642 1331 4696 l’a
1360 4659 1460 4711 pas
1488 4644 1663 4696 voulu
1693 4643 1847 4706 faire,
1903 4659 1995 4694 011
2014 4658 2039 4693 3
2063 4642 2125 4693 10
2152 4640 2284 4695 bibl.
2322 4641 2418 4694 sel.
2445 4640 2480 4693 l.
2511 4645 2562 4702 1,
2586 4656 2634 4695 c.
2659 4643 2758 4697 22:
2802 4637 3028 4707 scripta,
3068 4634 3193 4702 qui·

569 4703 680 4755 afin
709 4723 817 4771 que
845 4725 943 4762 son
971 4714 1367 4768 commentaire
1407 4714 1527 4768 fust
1552 4714 1680 4782 plus
1708 4713 1849 4767 utile
1905 4714 2005 4767 bus
2024 4711 2170 4766 hiel.
2187 4712 2533 4764 occasionem
2550 4709 2831 4779 praebuit,
2853 4706 3195 4775 Roskovany

569 4789 678 4825 aux
707 4777 1040 4836 Chretiens.“
1907 4784 1971 4847 Il,
1997 4787 2262 4839 450-52.
2291 4784 2348 4834 et
2373 4779 2793 4849 Sommervogel
2818 4778 3104 4832 exhibent.
