3625 5193
892 295 1257 361 Bassaeanus,
1283 296 1576 361 Machado,
1606 292 1878 358 Persicus,
1905 292 2155 353 Manara,
2185 290 2432 361 Raggius
2458 292 2562 366 etc.
2879 308 3040 364 1205

424 318 449 368 1
467 316 500 368 2
512 318 588 369 05

413 485 639 543 riorum
656 482 1004 558 praesertim
1022 481 1496 558 regularium‚ib.
1518 490 1700 545 1653.
1759 480 1970 539 sicus
1992 478 2048 537 S.
2063 478 2119 537 J.
2152 478 2348 554 patria
2361 477 2848 537 Massalubrensis
2882 477 3039 537 haud

414 607 501 617 —
552 575 973 632 Bonaventura
1023 570 1095 629 de
1144 571 1472 630 Bassaeo
1531 568 1701 652 (Bas·
1757 569 1964 645 procul
1993 567 2260 643 Neapoli,
2308 566 2410 625 diu
2441 566 2777 643 theologiae
2808 570 3045 628 moralis

416 658 689 743 saeanus)
723 682 756 719 a
786 662 914 719 loco
946 659 1153 730 natali,
1206 659 1365 734 quod
1397 662 1488 719 est
1533 660 1698 736 oppi·
1757 658 2086 735 professor,
2134 657 2226 715 vir
2269 674 2406 715 vere
2450 655 2803 731 apostolicus
2843 652 2902 737 (†
2943 667 3041 723 18.

413 752 625 811 dulum
658 749 1169 809 Gallo-Flandriae
1217 768 1398 826 prope
1446 749 1699 818 Insulas,
1759 746 1960 807 Martii
1990 741 2204 826 1644),
2228 745 2468 822 scripsit
2487 747 2768 821 deprimo
2787 765 2854 804 ac
2867 766 3042 822 prae-

416 835 693 921 dictus1)‚
726 839 792 897 in
822 838 1022 897 seculo
1054 841 1300 897 vocatus
1333 837 1412 896 Le
1441 838 1617 915 Pipp
1630 857 1701 897 re
1756 839 1924 911 cipue
1955 836 2271 895 sacerdoti-3
2312 837 2500 910 officio
2529 834 2586 895 ll.
2622 843 2678 902 3,
2726 836 2790 894 111
2822 837 3042 912 quibus

414 930 585 1004 prius
619 947 744 987 can.
776 946 898 1004 reg.
937 925 1003 984 Ο.
1037 925 1091 984 S.
1112 928 1284 1002 Aug„
1318 927 1456 985 dein
1489 926 1702 986 sodalis
1758 927 1957 986 omnia
1988 926 2108 984 fere
2140 925 2384 984 moralia
2414 925 2616 993 dubia,
2666 944 2818 1000 quae
2851 943 3043 985 sacer·

418 1018 484 1077 O.
518 1019 649 1093 Cap.
686 1014 745 1097 (†
784 1026 879 1079 11.
902 1015 1060 1091 Sept.
1089 1013 1280 1089 1650)
1309 1016 1577 1075 innotuit
1609 1034 1699 1090 op.
1757 1014 1886 1074 doti
1933 1019 2056 1073 tam
2107 1018 2246 1073 ante
2289 1015 2505 1073 missae
2568 1013 3040 1083 celebrationem,

419 1107 819 1165 Parochianus
835 1105 1094 1163 obediens
1123 1123 1230 1163 seu
1248 1105 1320 1164 de
1353 1105 1582 1182 duplici
1602 1104 1703 1163 de-
1758 1124 1939 1180 quam
1969 1104 2034 1162 in
2065 1103 2194 1179 ipsa
2224 1103 2617 1162 celebratione
2667 1108 2919 1176 possunt
2949 1123 3045 1163 oc-

420 1196 547 1255 bito
578 1195 1068 1271 parochianorum
1113 1194 1391 1254 audiendi
1430 1194 1595 1253 verbi
1643 1198 1704 1254 et
1758 1212 1996 1252 currere
2047 1211 2319 1269 quaeque
2382 1192 2454 1250 ad
2505 1192 2770 1250 sacrificii
2832 1193 3042 1252 missae

418 1285 629 1342 missae
673 1283 1043 1359 parochialis,
1091 1283 1274 1341 Duaci
1317 1292 1514 1352 1533;
1564 1302 1701 1342 auc·
1759 1280 3044 1360 cognitionem,adpraeceptorumadeucha-

416 1379 545 1431 tum
577 1372 799 1448 prodiit
830 1372 1185 1446 inscriptum
1225 1374 1567 1447 Theophilus
1589 1392 1701 1448 pa-
1757 1371 1964 1431 ristiae
2014 1373 2443 1431 sacramentum
2492 1371 2891 1445 spectantium
2945 1391 3043 1430 ex-

418 1463 689 1521 rochialis
719 1480 825 1521 seu
868 1461 941 1520 de
986 1460 1363 1538 quadruplici
1408 1463 1607 1522 debito
1641 1463 1702 1522 in
1758 1461 2135 1538 plicationem
2167 1460 2496 1530 conferunt,
2534 1460 2798 1519 breviter
2829 1461 3042 1520 diluci-

419 1551 663 1628 propria
676 1551 952 1627 parochia
962 1551 1373 1627 persolvendo:
1384 1551 1700 1621 concionis,

408 1641 647 1710 missae,
696 1639 1078 1699 confessionis
1120 1641 1412 1713 paschalis
1458 1642 1701 1716 pascha-

418 1731 612 1806 lisque
645 1727 1097 1797 communioni8‚
1131 1729 1494 1805 Antverpiae
1536 1740 1699 1793 1635

418 1820 482 1877 111
540 1827 651 1887 12;
703 1819 904 1875 Rouen
965 1825 1162 1886 16353
1232 1818 1447 1877 Romae
1506 1829 1702 1887 16383

419 1908 586 1965 Paris
629 1917 826 1973 16573
872 1915 1069 1973 16793
1119 1905 1295 1964 etiam
1330 1907 1541 1983 gallice
1573 1926 1701 1965 ver-

420 2015 567 2054 sum.
618 1995 849 2053 Acriter
880 1995 942 2052 in
988 1993 1139 2052 illud
1189 1995 1515 2054 insurrexit
1546 1996 1704 2054 Hen-

418 2085 580 2144 ricus
611 2083 791 2141 Albi
826 2083 880 2141 S.
913 2081 968 2140 J.
1002 2102 1092 2159 op.
1126 2102 1419 2161 anonymo
1454 2081 1703 2142 L’Anti-

433 2173 733 2248 Theophile
763 2191 840 2231 ou
873 2190 1154 2246 response
1200 2192 1280 2232 au
1309 2174 1348 2231 1.
1381 2174 1485 2249 qui
1535 2178 1705 2249 porte

421 2281 575 2338 pour
604 2262 747 2319 titre
768 2262 852 2319 Le
873 2261 1169 2336 Theophile
1190 2263 1513 2337 paroissial
1543 2262 1616 2320 de
1646 2263 1705 2320 la

423 2352 610 2408 Messe
643 2350 714 2408 de
735 2351 1014 2425 paroisse,
1035 2351 1313 2425 Lugduni
1346 2361 1527 2413 1649.
1560 2352 1701 2409 Cum

423 2442 716 2514 interpres
747 2439 944 2515 gallus
976 2439 1335 2499 Benedictus
1369 2440 1567 2515 Puys
1599 2458 1703 2515 op·

420 2528 718 2604 posuisset
786 2528 1072 2603 Ite-sponse
1150 2530 1497 2587 chrestienne
1559 2533 1667 2587 etc.
1688 2574 1701 2599 ,

420 2618 698 2695 Lugduni
750 2627 916 2680 1649
964 2617 1200 2692 scripsit
1243 2617 1382 2676 Albi
1428 2619 1706 2697 Apoloyie

419 2726 571 2782 pour
589 2706 1129 2782 l'Anti-Theophile
1150 2707 1265 2766 sub
1278 2708 1515 2766 nomine
1532 2708 1701 2766 Pauli

420 2797 491 2854 de
514 2796 554 2855 C
569 2795 741 2853 abia
756 2814 804 2864 c,
827 2795 1105 2872 Lugduni
1127 2806 1202 2859 16
1218 2806 1312 2857 ⁴9.
1354 2797 1701 2855 Controver-

421 2886 608 2944 sersia
639 2884 790 2943 acris
822 2884 1145 2959 composita
1175 2891 1371 2942 tamen
1397 2886 1513 2943 fuit
1544 2885 1697 2961 paci·

419 2975 524 3034 fice
554 2972 965 3050 praesentibus
1005 2983 1076 3035 17
1110 2974 1377 3049 personis
1408 2977 1469 3032 et
1498 2992 1702 3032 recon-

422 3064 644 3122 ciliatio
688 3062 752 3120 in
784 3065 916 3120 acta
959 3062 1146 3120 relata
1181 3071 1281 3124 25.
1317 3063 1475 3138 Sept.
1518 3072 1702 3126 1650.

419 3153 660 3212 Abusus
690 3154 782 3211 est
806 3151 1009 3209 Pascal
1039 3150 1146 3209 hac
1179 3152 1580 3210 controversia
1611 3171 1701 3227 ep.

427 3254 523 3306 15.
556 3241 908 3317 provinciali
919 3237 990 3323 2).

511 3428 652 3482 528.
702 3418 937 3477 Carolus
969 3418 1266 3477 Musart
1301 3418 1354 3476 S.
1388 3418 1445 3480 J.
1478 3418 1699 3488 Gallus,

419 3508 793 3567 concionator
831 3506 1090 3584 insignis
1126 3504 1187 3590 (†
1227 3501 1421 3588 1653)
1470 3509 1703 3583 praeter

419 3598 703 3672 opuscula
734 3596 982 3655 ascetica
1014 3597 1254 3672 collegit
1286 3597 1562 3654 Manuale
1583 3614 1699 3671 pa-

420 3692 639 3743 storum
669 3685 1018 3761 opusculum
1050 3686 1200 3743 utile
1233 3704 1434 3744 curam
1473 3686 1629 3744 anim
1639 3705 1700 3744 a-

421 3793 554 3831 rum
585 3775 945 3851 gerentibus,
980 3774 1159 3832 Duaci
1202 3784 1399 3842 16533
1441 3774 1703 3833 Viennae

432 3872 625 3932 16753
677 3864 968 3922 Monachii
1031 3872 1188 3925 1686
1238 3867 1346 3921 etc.
1398 3898 1484 3906 —
1534 3863 1701 3922 Joan.

422 3952 475 4009 M
495 3972 529 4008 a
545 3971 574 4011 c
589 3952 626 4010 h
644 3973 675 4010 a
692 3953 730 4010 d
747 3972 780 4011 o
811 3952 883 4010 de
909 3952 1125 4010 Chaves
1157 3953 1353 4026 patria
1382 3952 1700 4022 QuitensiS,

418 4040 760 4118 designatus
823 4041 1136 4116 episcopus
1197 4041 1520 4117 popajanae
1563 4061 1701 4117 pro-

419 4131 649 4189 vinciae
697 4127 757 4210 (†
809 4127 1001 4208 1653)
1022 4173 1035 4197 ‚
1087 4148 1235 4204 opus
1282 4131 1479 4206 magni
1524 4131 1702 4205 pretii

418 4219 669 4294 reliquit
690 4220 942 4293 Perfecto
964 4218 1239 4292 Confesor
1261 4238 1299 4294 y
1323 4216 1483 4276 Cura
1516 4219 1587 4276 de
1618 4220 1702 4276 al-

420 4327 544 4365 mas
574 4328 627 4366 v.
667 4317 699 4368 2
739 4308 801 4365 in
832 4308 869 4363 f.
904 4341 989 4350 —
1024 4307 1233 4365 Petrus
1264 4307 1517 4365 Anellus
1539 4308 1703 4366 Per·

492 4497 531 4564 ¹)
560 4494 688 4547 Non
715 4493 1007 4549 invenitur
1032 4493 1124 4553 hic
1155 4499 1359 4549 auctor
1384 4494 1445 4549 in
1471 4495 1609 4551 bibl.
1638 4495 1700 4552 O.

415 4564 552 4634 Cap.
588 4569 825 4619 auctore
865 4565 1027 4619 Bern.
1055 4582 1090 4619 a
1116 4565 1403 4633 Bononia,
1449 4567 1544 4621 sed
1584 4566 1703 4621 lau-

416 4635 586 4688 datur
627 4653 661 4688 a
688 4636 972 4690 Genuensi
1010 4638 1067 4690 et
1105 4636 1192 4691 Jo.
1228 4653 1262 4689 a
1289 4655 1329 4692 s.
1357 4638 1629 4703 Antonio,
1669 4655 1702 4691 a

416 4722 530 4773 quo
559 4710 797 4760 vocatur
825 4707 885 4763 B.
914 4707 1249 4764 Baslean.

494 4783 531 4838 2)
562 4776 644 4832 Cf.
661 4778 965 4845 Backer12,
983 4783 1083 4839 56:
1111 4778 1168 4834 P.
1189 4780 1497 4850 Bergmans
1519 4779 1703 4850 Biogr.

417 4853 538 4904 nat.
565 4848 633 4903 de
661 4849 816 4921 Belg.
844 4851 936 4916 XI,
964 4854 1229 4908 872—75.

1760 1552 1951 1626 deque
1982 1550 2365 1626 explicantur,
2399 1549 2649 1625 Neapoli
2678 1559 2842 1611 1639
2877 1549 2943 1608 111
2974 1551 3039 1619 f.;

1759 1642 2047 1698 tractatus
2078 1641 2149 1698 de
2177 1641 2368 1697 divino
2389 1646 2440 1696 et
2470 1640 2836 1697 eeclesiastico
2855 1640 3045 1712 officio

1760 1748 1868 1787 seu
1896 1728 1969 1786 de
2001 1728 2158 1787 horis
2202 1728 2516 1796 canonicis,
2567 1728 2632 1785 in
2663 1745 2781 1802 quo
2826 1728 3039 1797 omnia,

1760 1836 1911 1892 quae
1960 1817 2034 1876 ad
2081 1817 2379 1894 publicam
2430 1816 2591 1874 chori
2640 1822 2700 1874 et
2752 1816 3043 1890 privatam

1760 1906 1948 1964 divini
1975 1905 2151 1964 officii
2172 1906 2578 1964 recitationem
2600 1905 2921 1981 pertinent,
2945 1924 3042 1963 ex·

1760 1995 2075 2070 plicantur,
2120 1995 2198 2052 ib.
2247 2003 2404 2056 1643
2451 1994 2513 2052 111
2549 2003 2605 2055 4.
2637 2027 2724 2037 -—
2765 1994 3041 2070 Ejusdem

1762 2083 1978 2141 sodalis
2003 2083 2375 2159 Hyacinthus
2401 2083 2692 2141 Manara
2725 2080 3041 2164 (Menaria)

1762 2172 2166 2230 Cremonensis
2200 2168 2261 2252 (†
2295 2181 2392 2233 29.
2428 2170 2559 2230 Jan.
2596 2167 2789 2252 1662)
2836 2176 3045 2231 auctor

1760 2265 1851 2319 est
1899 2261 2124 2336 operis:
2187 2261 2350 2319 Notti
2399 2261 2833 2329 malinconiche,
2884 2261 3042 2320 nelle

1761 2350 1925 2424 quali
1957 2369 2063 2408 con
2095 2349 2399 2408 occasione
2431 2348 2493 2406 di
2524 2349 2795 2408 assistere
2828 2356 2862 2407 a
2894 2349 3038 2409 Con-

1759 2438 2004 2497 dannati
2048 2445 2081 2497 a
2126 2441 2315 2497 morte
2360 2438 2411 2495 si
2456 2456 2837 2515 propongono
2881 2440 3042 2498 varie

1760 2527 2043 2588 difficolta
2071 2527 2361 2604 spettanti
2390 2547 2424 2584 a
2455 2527 2644 2586 simile
2676 2527 2926 2587 materia
2958 2578 2970 2589 .
2993 2573 3039 2586 ..

1761 2619 1884 2677 Con
1913 2637 1998 2676 un
2028 2617 2372 2693 appendice,
2412 2617 2567 2675 nella
2600 2618 2773 2692 quale
2806 2618 2855 2676 si
2887 2637 3039 2693 pone

1759 2707 1805 2764 il
1850 2706 2020 2765 modo
2069 2705 2130 2763 di
2177 2725 2493 2782 preparare
2538 2706 2558 2764 i
2607 2707 2706 2764 Rei
2747 2727 2781 2764 a
2825 2708 3040 2765 morire

1759 2795 2293 2855 Christianamente
2326 2800 2453 2866 etc.,
2488 2794 2753 2873 Bologna
2780 2805 2940 2859 1658
2978 2797 3039 2854 in

1760 2894 1817 2947 4.
1849 2918 1937 2928 —
1966 2884 2225 2943 Jacobus
2272 2885 2611 2962 Raggius
2659 2883 2721 2942 Ο.
2757 2885 2888 2960 Cap.
2931 2886 3041 2943 Ge-

1758 2974 2003 3032 nuensis
2035 2973 2200 3031 dedit
2230 2977 2447 3033 monita
2471 2976 2795 3032 necessaria
2827 2976 3041 3050 confes-

1758 3064 1937 3120 sariis
1968 3069 2218 3136 tempore
2240 3066 2425 3138 pestis
2443 3064 2520 3121 ad
2550 3071 2913 3121 sacramenta
2934 3066 3041 3121 mi-

1757 3153 2089 3228 nistranda,
2107 3171 2182 3210 ne
2197 3153 2402 3210 morbo
2421 3152 2775 3220 afficiantur,
2807 3152 2869 3210 in
2892 3172 3044 3210 sum·

1757 3259 1919 3298 mum
1952 3241 2176 3299 bonum
2210 3242 2555 3310 animarum,
2590 3241 2826 3299 Genuae
2858 3251 3040 3302 1657.

1760 3362 1837 3372 —
1879 3329 2350 3389 Vincentius
2397 3351 2431 3387 a
2481 3330 2678 3387 Monte
2727 3329 2929 3405 Regali
2977 3329 3040 3389 O.

1758 3418 1931 3476 Conv.
1964 3419 2299 3495 theologiae
2318 3417 2557 3477 moralis
2577 3418 2780 3486 lector,
2815 3418 2923 3493 qui
2942 3418 3042 3477 de·

1759 3506 1848 3564 dit
1879 3508 1958 3564 ad
1987 3526 2158 3565 casus
2200 3510 2567 3565 conscientiae
2611 3515 2660 3564 et
2707 3508 3040 3565 animarum

1757 3598 2010 3671 reyimen
2029 3598 2458 3670 institutionem,
2482 3595 2814 3654 Florentiae
2840 3607 2995 3659 1641
3026 3618 3039 3666 ;

1758 3689 1821 3743 et
1850 3686 2051 3743 selecta
2081 3686 2331 3744 moralia
2364 3686 2488 3743 sive
2525 3686 2594 3743 de
2625 3687 2856 3744 animae
2889 3705 3040 3743 mor-

1758 3775 1846 3832 bis
1876 3781 1928 3832 et
1961 3770 2339 3833 medicamine
2382 3774 2618 3832 brevem
2660 3779 2723 3833 et
2767 3775 3041 3833 selectam

1744 3861 2203 3934 tractationem,
2264 3863 2342 3922 ib.
2410 3873 2593 3925 1655.
2644 3897 2730 3906 -
2782 3864 3043 3922 Gavinus

1759 3952 1988 4011 Carta
2037 3953 2091 4016 S.
2137 3952 2191 4011 J.
2244 3952 2634 4011 Sessariensis
2688 3949 2748 4035 (†
2798 3963 2850 4015 9.
2892 3957 3040 4029 Aug.

1766 4037 1961 4122 1653)
1996 4041 2348 4116 conscripsit
2382 4041 2538 4100 Guia
2570 4043 2639 4099 de
2669 4044 3034 4116 confessores.

1760 4132 2023 4189 Praetica
2042 4131 2114 4189 de
2135 4131 2502 4189 Administar
2532 4131 2618 4190 los
2638 4133 3040 4191 Sacramentos

1758 4238 1833 4277 en
1865 4220 2115 4295 especial
2148 4220 2205 4278 el
2235 4220 2307 4278 de
2340 4222 2396 4278 la
2429 4221 2785 4290 Penitencia,
2839 4229 3039 4282 1640:

1758 4327 2001 4367 canones
2048 4311 2422 4367 conscientiae
2469 4329 2539 4368 ex
2588 4314 2844 4384 utroque
2898 4310 3035 4383 jure

1758 4400 1820 4455 et
1850 4398 2115 4473 probatis
2148 4398 2491 4456 doctoribus
2536 4398 2829 4465 collectOS,
2882 4397 3039 4473 Lug·

1759 4486 2098 4550 duni-1651
2140 4487 2204 4545 in
2241 4498 2316 4556 4.,
2366 4487 2469 4560 qui
2500 4492 2701 4544 tamen
2732 4485 3040 4559 Theophili

1759 4575 2017 4633 Alarii
2049 4576 2112 4637 O.
2146 4576 2322 4634 Barn.
2358 4578 2516 4632 sunt.
2549 4608 2636 4617 —-
2667 4574 2889 4648 Joseph
2913 4575 3038 4632 Ro-

1760 4664 1910 4722 sell
1943 4664 2006 4723 Ο.
2041 4664 2233 4723 Carth.
2273 4666 2516 4739 praxim
2558 4663 2874 4736 deponendi
2906 4681 3036 4720 eon-

1758 4755 2058 4811 scientiam
2102 4755 2166 4810 in
2214 4753 2409 4810 dubiis
2453 4760 2502 4809 et
2549 4753 2838 4825 scrupulis
2887 4752 3038 4809 cirea

1761 4859 1932 4900 casus
1952 4842 2200 4899 morales
2215 4841 2529 4916 proposuit
2541 4839 2821 4916 Lugduni
2847 4851 2866 4902 1
2885 4850 2919 4903 6
2930 4851 2961 4901 6
2973 4851 3007 4900 0
3023 4860 3036 4909 ;
