3625 5193
1807 1485 1959 1568 IV.

823 1648 1405 1820 Theologi
1498 1688 2107 1781 annorum
2197 1644 3007 1780 1621—1640.

1273 2022 1334 2118 I.
1400 2019 1893 2138 Theologia
1956 1944 2529 2118 scholastica.

681 2265 823 2319 271.
856 2256 1004 2315 Vere
1035 2258 1294 2334 gloriosa
1324 2260 1417 2315 est
1446 2257 1510 2315 in
1535 2256 1868 2333 theologiae
1926 2256 2174 2314 calorem
2221 2260 2426 2313 contra
2470 2255 2764 2331 rigentem
2806 2254 3058 2313 hiemem
3091 2257 3211 2315 sub

585 2346 946 2404 scholasticae
980 2346 1293 2405 annalibus
1327 2346 1470 2405 haec
1506 2345 1783 2421 periodus
1803 2339 1867 2424 ¹).
1925 2347 2162 2403 noctem
2194 2343 2437 2411 foveret,
2459 2362 2532 2401 ne
2553 2342 2718 2402 brevi
2738 2343 2810 2401 ad
2831 2360 3207 2403 communem

588 2432 868 2502 Quamvis
901 2454 1036 2494 vero
1068 2436 1235 2494 natio
1267 2436 1524 2508 hispana
1555 2436 1772 2493 iterum
1807 2438 1869 2493 et
1923 2433 2380 2493 domesticorum
2415 2433 2616 2508 ignem
2646 2432 2976 2491 accessione
2997 2433 3207 2510 exigu-

585 2523 873 2599 plurimos
905 2527 967 2582 et
998 2542 1257 2582 summos
1287 2525 1610 2600 protulerit
1639 2522 1869 2581 theolo-
1922 2543 2017 2582 am
2066 2521 2351 2598 temporis
2393 2522 2693 2598 jacturam
2743 2520 2980 2580 faceret.
3032 2523 3205 2581 Tales

584 2628 708 2688 gos,
757 2613 932 2671 liceat
961 2613 1133 2671 nobis
1164 2613 1400 2671 initium
1435 2614 1646 2671 ducere
1676 2632 1711 2671 a
1730 2614 1864 2670 Bez—
1922 2615 2242 2685 tantosque
2274 2612 2341 2669 in
2373 2610 2588 2669 studiis
2620 2611 2759 2669 fecit
2790 2611 3105 2687 profectus,
3133 2617 3211 2671 ut

579 2702 686 2777 qis,
739 2703 843 2777 qui
895 2701 1001 2759 illo
1050 2702 1293 2777 gloriari
1354 2705 1622 2776 possunt,
1687 2720 1865 2776 quem
1922 2703 2016 2760 vix
2067 2711 2137 2763 17
2197 2718 2382 2759 annos
2431 2703 2609 2759 natus
2657 2700 3061 2776 philosophiae
3110 2720 3203 2760 re·

587 2808 818 2865 semper
847 2794 1153 2864 tamquam
1184 2791 1482 2865 exemplar
1512 2793 1572 2849 et
1616 2790 1864 2849 formam
1922 2791 2307 2849 nunciaretur
2337 2789 2557 2860 doctor,
2607 2790 2997 2866 magistrique
3043 2790 3206 2849 inter

585 2879 713 2936 veri
786 2877 1047 2955 theologi
1113 2880 1500 2954 suspeximus,
1562 2880 1864 2939 Leonardo
1922 2897 1986 2938 se
2049 2878 2490 2947 contenderent,
2552 2878 2687 2953 quis
2736 2878 2910 2936 illum
2961 2879 3207 2938 haberet

585 2966 850 3026 Lessio
883 2962 1103 3049 (Leys).
1141 2967 1362 3026 Natum
1408 2972 1500 3027 est
1544 2968 1652 3027 hoc
1696 2968 1864 3027 theo·
1920 2968 2295 3044 discipulum.
2335 2966 2554 3026 Verum
2601 2966 2708 3025 Dei
2754 2967 3016 3027 vocantis
3063 2987 3204 3044 gra-

586 3055 774 3130 logiae
808 3054 1008 3114 lumen
1039 3057 1324 3116 Brechtae
1356 3058 1418 3116 in
1451 3058 1772 3117 Brabantia
1812 3069 1862 3119 1.
1919 3058 2038 3116 tiae
2071 3057 2401 3130 obsequens
2436 3055 2775 3114 societatem
2806 3056 2954 3114 Jesu
2986 3061 3077 3115 est
3107 3058 3203 3116 in-

586 3144 711 3204 Oct.
754 3153 936 3207 1554.
991 3145 1143 3205 Puer
1172 3146 1292 3205 fuit
1322 3147 1570 3206 sortitus
1606 3147 1862 3206 animam
1919 3164 2157 3223 gressus
2194 3154 2292 3208 23.
2325 3144 2494 3203 Junii
2536 3145 3028 3208 1572.Absoluto
3048 3147 3201 3206 tiro-

584 3233 829 3292 bonam:
878 3233 1093 3309 pietati
1145 3236 1369 3310 pariter
1414 3239 1475 3294 et
1520 3236 1738 3294 studiis
1778 3236 1864 3293 ita
1920 3236 2073 3294 cinio
2115 3235 2378 3293 Duacum
2426 3232 2719 3292 mittittur
2756 3234 2999 3309 juvenis
3036 3243 3113 3295 20
3149 3255 3200 3293 a.

584 3322 841 3394 deditus,
893 3327 964 3382 ut
1023 3325 1308 3383 virtutem
1359 3327 1419 3384 et
1467 3324 1861 3383 eruditionem
1917 3323 1991 3381 ad
2003 3323 2321 3382 docendam
2340 3322 2963 3397 philosophiam,quod
2983 3343 3202 3400 magna

584 3412 698 3471 sibi
723 3412 848 3487 jam
881 3417 1007 3471 tum
1029 3412 1415 3489 desponsasse
1441 3413 1731 3473 videatur.
1768 3412 1860 3469 Si·
1917 3431 2050 3471 cum
2083 3410 2510 3488 approbatione
2540 3414 2668 3469 toto
2701 3413 3011 3487 septennio
3031 3432 3202 3488 prae-

584 3501 825 3577 quidem
856 3502 953 3577 pia
996 3503 1283 3579 religione
1328 3503 1531 3562 crebro
1569 3504 1859 3578 jejunare,
1919 3500 2079 3559 stitit
2131 3495 2642 3581 (1574-15231).
2706 3500 2943 3578 Ingenti
2992 3501 3201 3561 ardore

583 3591 815 3649 assidue
847 3592 1092 3665 precari,
1126 3593 1189 3650 in
1219 3593 1442 3667 templo
1475 3595 1537 3650 et
1567 3591 1707 3649 alibi
1728 3608 1859 3649 ver·
1916 3590 2328 3648 humaniorum
2359 3588 2669 3647 literarum
2690 3590 2891 3649 studio
2910 3589 3087 3647 simul
3106 3590 3202 3649 in-

584 3680 718 3743 sari,
753 3682 823 3736 ut
855 3698 890 3736 a
919 3679 1310 3753 popularibus
1361 3681 1487 3738 suis
1536 3681 1859 3756 ,propheta‘
1918 3679 2145 3748 cubuit,
2181 3679 2352 3754 cujus
2397 3677 2626 3736 ardoris
2657 3697 2733 3736 en
2779 3684 3201 3754 argumentum

583 3767 1004 3827 nominaretur.
1038 3768 1390 3826 coaetaneos
1423 3787 1579 3837 suos,
1611 3788 1730 3843 quo
1751 3788 1861 3845 pa·
1917 3768 2167 3843 insigne.
2216 3767 2510 3825 Evenerat
2536 3767 2873 3841 aliquando,
2927 3772 2997 3825 ut
3047 3768 3198 3827 duos

585 3857 677 3911 cto
729 3854 918 3910 Deum
968 3856 1238 3914 venerari
1286 3860 1348 3914 et
1396 3856 1713 3916 christiane
1775 3856 1860 3915 vi·
1918 3857 2145 3916 sodales
2165 3873 2375 3932 graeco
2397 3855 2901 3915 intersesermone
2916 3857 3002 3914 uti
3023 3857 3199 3915 fami-

584 3959 722 3997 vere
752 3944 1070 4015 oporteret,
1105 3943 1475 4004 instituebat.
1508 3947 1708 4005 Prima
1723 3946 1859 4004 lite·
1918 3946 2143 4003 liariter
2173 3944 2423 4003 audiret.
2475 3942 2635 4014 Quae
2686 3964 2777 4003 res
2824 3946 3019 4020 ipsum
3052 3945 3201 4003 adeo

584 4047 786 4085 rarum
818 4028 1104 4088 elementa
1133 4034 1422 4107 puerulus
1455 4035 1648 4092 adhuc
1669 4052 1862 4108 usque
1919 4033 2212 4103 incitavit,
2248 4036 2316 4092 ut
2346 4034 2485 4091 licet
2523 4035 2774 4111 ignarus
2819 4032 3009 4090 adhuc
3042 4037 3103 4092 et
3133 4034 3200 4092 in

583 4114 727 4172 adeo
760 4117 1071 4188 adamavit,
1107 4124 1177 4179 ut
1206 4120 1333 4180 cibo
1366 4126 1425 4180 et
1471 4142 1694 4191 somno,
1742 4123 1862 4180 imo
1917 4123 2127 4199 lingua
2158 4123 2271 4181 ista
2301 4123 2649 4199 peregrinus
2681 4123 2910 4198 privato
2941 4121 3198 4181 duorum

583 4206 642 4261 et
675 4204 833 4263 lusui
866 4205 1035 4265 horas
1068 4210 1407 4284 surriperet,
1430 4214 1490 4269 et
1510 4215 1741 4270 teneras
1759 4210 1861 4269 ad·
1919 4211 2208 4269 mensium
2239 4212 2514 4270 exercitio
2550 4212 2673 4286 ipse
2707 4210 2821 4269 sibi
2866 4211 3200 4287 discipulus

582 4291 699 4350 huc
745 4313 955 4353 manus
1006 4314 1144 4355 suas
1196 4298 1271 4355 ad
1321 4299 1533 4357 exilem
1587 4299 1863 4358 candelae
1918 4304 1978 4358 et
2008 4301 2290 4376 magister
2321 4319 2455 4357 enm
2487 4318 2868 4376 progressum
2887 4299 3110 4368 fecerit,
3127 4306 3204 4359 ut

1919 4389 2303 4447 Aristotelem
2318 4407 2350 4446 e
2366 4406 2573 4465 graeco
2584 4388 2647 4447 in
2659 4389 2914 4446 latinum
2927 4393 3200 4465 prompte

663 4464 698 4529 ¹)
725 4462 1003 4525 Quoedam
1040 4465 1329 4535 theologos
1362 4467 1514 4521 infra
1547 4468 1616 4521 de
1651 4468 1863 4521 theolo·
1919 4476 2272 4538 traduceret.
2307 4477 2628 4536 Matutinus
2660 4478 2836 4536 horas
2866 4496 3067 4536 somno
3095 4478 3199 4535 de-

583 4486 1734 4677 {³331}ss{fitiffizssssffissptsssssssffffi
1751 4555 1863 4678 33¹
1920 4564 2208 4635 t¹⁸h⁶b²t³
2241 4584 2389 4641 ‘1¹¹⁸ss
2421 4566 2643 4642 8‘20058
2674 4568 3053 4629 mmmm
3086 4567 3197 4625 ⁸¹²·

583 4668 688 4720 mis
715 4672 852 4740 Aeg
882 4673 922 4727 c
939 4690 970 4727 0
987 4693 1024 4727 n
1039 4694 1060 4727 1
1079 4694 1114 4728 n
1131 4694 1160 4730 0
1174 4678 1230 4745 k
1267 4679 1351 4731 J0
1391 4679 1447 4731 M
1463 4696 1497 4732 a
1511 4680 1531 4732 1
1547 4679 1583 4733 d
1599 4697 1627 4733 e
1644 4698 1670 4731 r
1708 4683 1765 4733 et
1803 4681 1864 4734 L
1920 4673 2026 4728 per
2056 4673 2316 4713 mensam
2351 4673 2502 4729 quae
2534 4655 2718 4714 latine
2737 4655 3107 4733 legebantur,
3129 4673 3201 4714 ea

585 4738 629 4791 T
645 4757 682 4792 u
700 4758 726 4791 r
739 4757 768 4793 r
782 4741 802 4793 i
818 4759 897 4795 an
914 4761 953 4796 u
969 4761 1012 4800 s.
1920 4741 2099 4800 tacite
2132 4760 2332 4801 secum
2364 4745 2745 4803 convertebat
2777 4744 2840 4803 in
2884 4761 3198 4821 graecum:
