3625 5193
533 249 614 302 56
628 251 658 302 7
1152 237 1518 290 mol-4620.
1551 232 1798 286 Historia
1822 233 2133 287 haeresum.
2160 232 2538 287 Raemundus.
3028 251 3060 304 5
3072 249 3150 304 68

527 436 683 493 quae
713 417 950 476 demum
970 418 1198 493 prodiit
1213 418 1372 476 York
1402 427 1584 482 1849.
1617 418 1809 477 Natus
1867 417 2219 494 parlamenti
2239 417 2694 494 burdigalensia
2729 417 2819 477 vir
2838 421 2968 477 erat
2998 418 3152 476 mul-

529 510 624 565 est
653 506 746 567 J0.
778 506 953 564 Mush
983 506 1128 565 alias
1161 507 1413 565 Batcli
1433 507 1459 564 f
1469 507 1498 564 f
1505 526 1536 565 e
1569 527 1617 565 a.
1642 515 1800 570 1551
1866 510 1965 567 tae
1996 505 2268 566 lectionis
2312 509 2374 565 et
2423 507 2646 584 sagacis
2686 506 2897 583 judicii
2927 508 3153 565 totum-

530 596 594 654 in
625 594 957 653 Yorkshire.
1019 597 1194 655 Anno
1246 604 1410 659 1576
1460 597 1704 655 Romam
1750 614 1812 655 se
1868 615 1986 672 que
2017 614 2079 654 se
2111 593 2276 654 dedit
2321 595 2551 666 studiis,
2595 595 2875 654 historiae
2920 596 2985 654 in
3030 597 3155 672 pri-

529 683 806 754 contulit‚
837 684 996 742 unde
1014 688 1149 759 post
1169 684 1548 760 septennium
1580 685 1812 743 missio·
1870 686 1982 744 mis
2015 687 2075 743 et
2104 683 2449 761 theologiae.
2499 684 2735 743 Acriter
2778 684 3160 761 impugnavit

528 773 735 832 narius
751 771 930 831 rediit
943 773 1006 832 in
1022 773 1297 850 Angliam
1317 767 1563 855 (1583).
1596 773 1816 849 Captus
1870 773 2265 841 Calvinianos‚
2300 773 2523 848 quibus
2564 774 2682 833 suit
2712 773 3031 832 admodum
3062 773 3156 831 in-

530 864 719 922 morte
749 866 844 921 est
873 861 1205 931 damnatus,
1228 881 1410 938 quam
1440 862 1586 939 fuga
1615 863 1817 938 potuit
1870 862 2054 922 visus.
2117 862 2209 920 Ab
2240 862 2386 938 ipsis
2430 861 2574 920 belli
2603 865 2869 938 tempore
2921 865 3153 938 captus,

531 951 798 1011 evadere.
860 949 1195 1027 Implicitus
1245 952 1363 1009 fuit
1400 951 1613 1021 turbis,
1662 970 1815 1027 quae
1869 950 2107 1010 nonnisi
2135 969 2350 1028 magno
2371 951 2565 1010 soluto
2595 952 2789 1027 pretio
2820 950 3157 1009 libertatem

530 1041 690 1099 inter
705 1039 958 1116 Angliae
990 1040 1309 1100 catholicos
1329 1039 1618 1098 excitatae
1651 1041 1816 1099 fuere
1870 1041 2246 1116 recuperavit
2277 1034 2338 1121 (†
2377 1036 2588 1120 1602).
2621 1040 2787 1099 Inter
2816 1040 2945 1115 ejus
2979 1058 3157 1115 opera

529 1129 829 1189 occasione
874 1128 1271 1188 institutionis
1319 1129 1816 1205 archipresbyteri
1858 1129 2122 1204 eminet:
2173 1128 2430 1187 Histoire
2468 1129 2539 1187 de
2569 1130 2628 1187 la
2658 1131 2977 1202 missam,
3007 1146 3153 1204 pro-

530 1218 868 1276 Blackwell.
929 1216 1132 1276 Edidit
1174 1237 1375 1276 earum
1426 1218 1726 1277 occasione
1774 1218 1814 1279 l.
1866 1217 2001 1296 yrds
2030 1225 2081 1276 et
2110 1218 2422 1276 decadenoe
2445 1218 2515 1275 do
2533 1216 2793 1276 l’hbrbsie
2811 1219 2881 1276 do
2898 1237 2957 1276 ce
2975 1218 3154 1294 siecle,

530 1307 914 1382 inscriptum:
947 1306 1285 1365 Declaratio
1302 1313 1557 1365 motuum
1588 1325 1657 1365 ac
1687 1313 1814 1365 tur·
1871 1306 2032 1382 quod
2051 1322 2201 1381 opus
2219 1306 2378 1365 filius
2397 1307 2527 1382 ejus
2546 1307 2817 1377 absolvit,
2847 1306 3156 1382 ediditque

529 1396 842 1471 batianum,
861 1414 1012 1470 quae
1030 1413 1097 1453 ex
1109 1396 1525 1454 controversiis
1541 1396 1697 1454 inter
1710 1394 1814 1453 Je-
1872 1395 2118 1455 Parisiis
2157 1405 2355 1466 16053
2398 1405 2582 1465 1624,
2604 1395 2843 1471 saepius
2858 1413 3153 1466 recusum,

532 1485 742 1553 auitas,
776 1484 969 1558 iisque
1014 1485 1078 1542 in
1109 1483 1386 1542 omnibus
1419 1482 1714 1543 faventem
1745 1485 1812 1542 D.
1872 1485 1936 1544 in
1966 1485 2234 1558 linguam
2266 1485 2666 1561 germanicam
2685 1487 2746 1543 et
2765 1484 3011 1543 latinam
3022 1502 3154 1543 ver-

529 1573 595 1631 G.
658 1572 1065 1632 Blackvellum
1127 1573 1706 1648 archipresbyterum
1754 1575 1817 1632 et
1871 1591 2021 1643 sum,
2055 1573 2120 1631 in
2149 1591 2268 1647 qua
2317 1573 2538 1648 prodiit
2586 1573 2694 1632 hoc
2741 1573 2951 1632 titulo:
3001 1573 3154 1631 Flor.

529 1660 859 1720 sacerdotes
892 1661 1344 1720 seminariorum
1388 1662 1450 1720 in
1494 1661 1711 1739 Anglia
1740 1662 1815 1721 ab
1871 1661 2293 1721 Raemundi
2327 1707 2340 1719 .
2374 1708 2388 1723 .
2422 1705 2435 1718 .
2466 1662 2733 1738 synopsis
2762 1664 3020 1721 omnium
3049 1663 3154 1720 hu-

527 1750 700 1809 obitu
730 1750 816 1809 ill.
848 1751 1002 1810 card.
1035 1750 1209 1808 Alani
1242 1769 1299 1825 p.
1333 1770 1406 1813 m.
1440 1751 1512 1809 ad
1544 1771 1593 1808 a.
1625 1769 1815 1825 usque
1856 1752 1965 1826 jus
1995 1753 2272 1824 temporis
2290 1750 2813 1810 controversiarum
2842 1754 2966 1810 tam
2997 1751 3157 1809 inter

537 1851 563 1901 1
579 1849 696 1901 601
711 1883 722 1895 .
739 1842 905 1898 ortae
921 1839 1147 1898 suntad
1168 1839 1524 1898 Clementem
1539 1839 1695 1899 VIII.
1716 1858 1814 1897 ex·
1870 1839 2260 1910 Lutheranos‚
2279 1839 2629 1898 calvinistae
2659 1859 2837 1915 quam
2853 1839 3003 1899 alios
3016 1839 3154 1915 plu-

529 1928 724 1986 hibita
756 1929 830 1988 ab
863 1929 1009 2004 ipsis
1041 1927 1460 1998 sacerdotibus,
1495 1929 1598 2003 qui
1630 1928 1815 1986 schis-
1870 1929 2080 1988 rimoa:
2144 1929 2269 1987 sive
2329 1928 2578 1987 historia
2621 1928 3023 1987 memorabilis
3081 1928 3156 1986 de

530 2017 705 2076 matis
737 2017 1109 2091 aliorumque
1141 2017 1453 2076 criminum
1493 2021 1637 2075 sunt
1664 2017 1814 2075 insi·
1870 2021 2022 2088 ortu,
2056 2035 2378 2094 progressu
2409 2020 2471 2075 et
2501 2018 2692 2076 ruinis
2714 2018 3022 2076 haeresum
3044 2034 3156 2075 sec.

530 2105 759 2175 mulati‚
805 2106 1115 2182 Rotomagi
1169 2116 1355 2170 1601.
1427 2106 1590 2165 Obiit
1638 2106 1812 2164 Mush
1870 2107 2017 2165 XVI.
2032 2110 2206 2164 aucta
2221 2109 2281 2165 et
2310 2106 2613 2165 illustrata
2643 2125 2712 2165 ex
2744 2105 2981 2182 scriptis
3002 2106 3065 2164 R.
3086 2106 3154 2163 D.

527 2198 783 2253 exeunte
815 2214 866 2254 a.
907 2203 1070 2257 1612
1107 2195 1202 2253 vel
1233 2195 1407 2254 initio
1438 2214 1488 2258 a.
1517 2205 1702 2258 1613.
1724 2228 1814 2238 —-
1870 2195 2036 2270 Casp.
2099 2195 2580 2271 Ulenbergii.
2672 2194 2938 2254 Accessit
2996 2212 3158 2254 nunc

530 2284 576 2341 F
588 2302 618 2341 r
635 2283 999 2343 anciscus
1063 2283 1134 2342 de
1196 2286 1395 2342 sancto
1459 2283 1683 2360 Angelo
1746 2284 1810 2342 Ο.
1870 2303 2002 2359 pars
2033 2284 2229 2353 tertia,
2264 2284 2388 2342 sive
2419 2284 2787 2342 continuatio
2820 2283 2892 2342 de
2924 2287 3064 2342 ortu
3094 2285 3156 2342 et

529 2373 713 2431 Carm.
762 2373 1128 2432 Matritensis
1177 2373 1404 2432 ordinis
1455 2373 1549 2431 sui
1594 2373 1812 2431 nobilis
1868 2391 2189 2449 progressu
2210 2372 2591 2431 schismatum
2622 2374 2683 2431 et
2715 2373 3021 2431 haeresum
3043 2389 3157 2434 sec.

527 2462 749 2521 zelator
780 2461 1012 2538 collegit
1061 2462 1332 2538 Cataloyo
1375 2461 1444 2520 de
1487 2463 1573 2520 los
1604 2462 1815 2520 Sardos
1869 2461 2047 2521 XVII.
2069 2481 2137 2520 ex
2149 2462 2418 2536 ipsorum
2446 2461 2950 2521 schismaticorum
2971 2461 3154 2536 scrip-

528 2550 600 2610 de
632 2551 691 2609 la
721 2549 903 2609 orden
936 2550 1008 2609 de
1028 2550 1100 2608 N.
1123 2550 1178 2609 S.
1200 2549 1295 2609 del
1314 2551 1513 2609 Monte
1533 2550 1810 2622 carmem,
1869 2551 1949 2610 tis
1983 2550 2242 2620 collecta,
2277 2550 2463 2609 editio
2480 2550 2780 2625 prioribus
2800 2549 2993 2610 multo
3014 2567 3154 2609 auc·

528 2640 1029 2716 Caesaraugustae
1068 2648 1232 2702 1608
1265 2639 1330 2697 in
1363 2648 1420 2702 8.
1869 2640 1987 2698 tior
2001 2643 2063 2699 et
2079 2639 2415 2709 correctior,
2447 2640 2722 2699 Coloniae
2755 2648 2950 2710 16553
2986 2647 3150 2703 1717

1870 2747 1923 2788 v.
1961 2738 1995 2790 2
2029 2729 2094 2788 in
2129 2739 2182 2790 4.
2217 2729 2381 2803 Opus
2414 2728 2734 2797 eruditum,
2775 2747 2992 2788 novum
3017 2728 3155 2786 stilo

620 2842 766 2897 242.
801 2833 1373 2892 Praetermittendae
1394 2852 1513 2892 non
1528 2837 1619 2892 est
1633 2834 1812 2893 Flori·
1868 2836 2112 2876 amoeno
2159 2818 2572 2892 conscriptum,
2623 2822 2897 2893 aptarum
2945 2816 3154 2875 Simili·

528 2922 788 2980 mundus
819 2922 1034 2980 Raem
1052 2922 1201 2979 und
1219 2940 1304 2980 ug
1339 2918 1643 3003 (Βέωοῃᾶ,
1665 2923 1812 2981 Rae.
1868 2906 2149 2965 tudinum
2180 2906 2313 2965 luce
2343 2905 2670 2981 perfusum,
2707 2906 2801 2965 cui
2831 2909 3032 2964 tamen
3051 2905 3153 2964 de-

528 3010 725 3079 mond‚
760 3010 1084 3085 Raymond‚
1105 3006 1475 3091 Rogmound)
1509 3011 1715 3070 Gallus
1749 3013 1814 3070 in
1869 2999 1960 3054 est
1989 2995 2129 3054 hinc
2158 2994 2300 3053 inde
2321 2993 2613 3070 judicium
2635 2995 2907 3054 criticum
2938 2997 3000 3053 et
3030 2994 3156 3053 dis-

528 3100 748 3175 oppido
778 3099 947 3176 Agen
979 3103 1156 3158 natus
1188 3118 1235 3157 (ς,
1277 3109 1459 3163 1540,
1507 3100 1814 3159 Defecerat
1871 3083 2105 3142 serendi
2136 3102 2383 3143 acumen
2396 3079 2462 3164 ¹).
2496 3083 2801 3142 hmerito
2831 3101 2971 3142 vero
3002 3101 3153 3142 non-

529 3188 767 3263 quidem
800 3188 874 3246 ad
905 3188 1291 3259 CalvinianOS‚
1338 3188 1441 3248 sed
1481 3189 1631 3248 mira
1674 3188 1811 3247 dae-

528 3278 724 3336 monis
756 3277 1100 3353 expulsione
1127 3297 1193 3336 ex
1212 3278 1454 3338 obsessa
1471 3278 1691 3337 femina
1707 3297 1814 3353 per
1869 3290 2147 3342 erwarton
2189 3288 2322 3341 lfisst.
2374 3286 2478 3341 Die
2521 3288 2718 3341 zweite
2763 3288 3030 3356 Ausgabe
3074 3305 3154 3342 er-

529 3384 574 3431 s.
606 3366 1017 3426 eucharistiam
1049 3367 1258 3426 effecta
1287 3366 1359 3425 de
1389 3367 1696 3443 religionis
1718 3385 1810 3425 ca·
1869 3358 2061 3413 Schien
2087 3376 2156 3412 zu
2186 3359 2343 3427 [ιῖοΒ
2369 3363 2508 3415 1597
2534 3359 2594 3411 in
2616 3363 2682 3429 4;
2709 3359 2996 3413 cameraci
3013 3362 3153 3416 1613

528 3456 778 3515 tholicae
825 3456 1078 3514 veritate
1122 3474 1441 3532 persuasus
1487 3456 1560 3514 ad
1593 3456 1811 3515 Christi
1868 3431 1962 3540 ed]
1982 3432 2167 3485 aucta·
2195 3430 2304 3484 KL·
2332 3430 2401 3535 ’X‘
2429 3435 2584 3489 ¹167·
2610 3500 2621 3512 .
3096 3500 3108 3512 .

1966 3501 2183 3573 )Raess
2208 3503 2245 3555 l.
2273 3520 2316 3555 c.
2338 3542 2350 3556 .
2388 3501 2852 3564 „Florimond
2882 3503 3066 3554 verrat
3091 3518 3153 3554 m

530 3545 708 3603 redut
769 3541 1001 3623 0V110¹)·
1064 3546 1224 3603 hcet
1277 3547 1434 3603 633θῂ
1482 3545 1812 3603 membrum
1872 3572 2085 3627 diesem
2111 3572 2314 3628 Werke
2359 3573 2485 3626 eine
2511 3573 2648 3626 weit
2672 3571 3029 3626 umfassende
3055 3570 3151 3625 Be-

1867 3643 2148 3698 lesenheit
2193 3644 2254 3697 in
2304 3643 2404 3697 der
2452 3643 2681 3697 Profan-
2724 3643 2839 3696 und
2888 3642 3153 3696 Kirchen-

1868 3714 2192 3785 geschichte
2217 3715 2323 3769 wie
2349 3715 2497 3768 auch
2522 3715 2581 3767 in
2597 3714 2707 3768 den
2725 3714 2928 3769 beiden
2943 3714 3153 3769 Litera·

605 3792 644 3857 ¹)
672 3785 754 3840 Cf.
801 3785 899 3839 Ra
917 3802 947 3839 e
963 3802 987 3838 s
1004 3802 1046 3847 s,
1089 3785 1192 3839 Die
1219 3785 1603 3851 Convertiten,
1631 3792 1679 3853 1,
1705 3791 1812 3844 468
1868 3790 2053 3843 turen.
2081 3785 2211 3840 Sein
2239 3786 2518 3856 logischer
2538 3785 2869 3840 Scharfsinn
2889 3786 3007 3840 lasst
3029 3785 3155 3839 hier

530 3874 618 3920 se„
646 3857 744 3925 qui
767 3856 836 3909 de
861 3871 927 3910 eo
954 3856 1176 3910 scribit:
1226 3857 1290 3910 In
1330 3856 1554 3925 einigen
1592 3857 1812 3927 biogra-
1868 3857 1987 3911 und
2014 3857 2085 3911 da
2112 3874 2182 3910 zu
2210 3858 2516 3911 wunschen
2542 3856 2739 3926 iibrigz
2783 3857 2928 3910 auch
2952 3855 3151 3927 gerath

530 3927 805 3998 phischen
855 3926 1330 3981 Worterbfichern
1380 3928 1520 3981 wird
1587 3929 1710 3983 Flo
1728 3928 1812 3982 ri·
1869 3946 1930 3983 er
1974 3929 2292 3982 manchmal
2335 3928 2395 3981 in
2438 3928 2987 3997 Abschweifungen:
3031 3926 3151 3981 sein

529 4017 584 4051 m
604 4015 636 4053 o
653 4016 689 4051 n
708 3998 744 4050 d
785 3998 868 4050 als
895 3997 986 4051 ein
1014 3998 1448 4068 mittelmfissiger
1475 3999 1814 4054 Schriftstel-
1870 3999 2026 4053 Buch
2052 3999 2130 4052 ist
2155 4000 2354 4053 darum
2374 3998 2536 4053 nicht
2554 3999 2801 4070 weniger
2833 3999 2957 4052 eine
2976 3996 3150 4051 reich-

527 4069 611 4122 ler
637 4068 971 4139 angeffihrt;
1007 4086 1118 4122 wer
1143 4072 1277 4125 aber
1300 4071 1498 4124 dessen
1525 4070 1815 4124 Schriften
1870 4070 2086 4140 haltige
2113 4069 2525 4138 Rflstkammer,
2553 4087 2657 4124 aus
2681 4069 2918 4123 welcher
2936 4068 3027 4122 die
3048 4068 3151 4122 Ge-

571 4139 757 4193 elesen
783 4139 901 4205 hat,
943 4140 1084 4194 wird
1123 4141 1233 4195 mit
1270 4141 1451 4195 dieser
1477 4139 1812 4195 wirklichen
1870 4142 2403 4196 echichtsschreiber
2432 4141 2551 4196 und
2596 4140 2913 4195 Polemiker
2962 4138 3150 4193 Vieles

585 4210 1021 4284 nterachatzung
1047 4212 1208 4265 nicht
1223 4212 1659 4267 einverstanden
1677 4213 1811 4266 sein.
1870 4215 2098 4283 erborgt
2135 4214 2338 4267 haben.
2390 4211 2554 4266 Scine
2593 4209 3153 4282 Darstellungsweise

529 4282 660 4336 Sein
678 4284 893 4337 E'rreur
911 4288 1199 4352 populaire
1226 4288 1290 4338 de
1303 4286 1357 4338 la
1367 4302 1594 4352 perpesse
1607 4287 1817 4339 Joanne
1868 4284 1947 4339 ist
1970 4283 2281 4338 anziehend
2327 4284 2444 4337 und
2489 4284 2641 4339 scine
2668 4282 3035 4348 Gleichnisse,
3061 4282 3152 4337 die

601 4354 894 4424 urdigalae
921 4358 1081 4427 1588)
1124 4355 1229 4408 hat
1263 4354 1408 4408 viele
1434 4354 1708 4435 Auflagen
1734 4371 1816 4409 er·
1872 4355 1971 4407 der
2016 4355 2261 4424 Sprache
2303 4354 2482 4419 Licht‚
2524 4354 2711 4409 Leben
2752 4355 2870 4408 und
2897 4354 3152 4408 Anmuth

554 4425 649 4478 ebt
673 4426 789 4479 und
815 4426 893 4480 ist
916 4424 1326 4480 unterAndern
1352 4423 1443 4479 ins
1460 4425 1815 4479 Latemische
1910 4428 2068 4486 eben.
2119 4426 2245 4480 sind
2297 4426 2467 4480 meist
2516 4425 2825 4495 schlagend
2868 4426 2988 4479 und
3026 4443 3154 4479 neu.

528 4498 587 4567 (a
611 4495 727 4550 filio
746 4497 778 4549 J
782 4513 829 4550 o.
852 4495 1049 4550 Carolo
1071 4496 1332 4550 Coloniae
1353 4499 1512 4568 1614)
1539 4497 1818 4551 iibersetzt
1922 4498 2033 4551 iese
2062 4496 2330 4567 wichtige
2356 4496 2556 4551 Arbeit
2580 4497 2791 4552 konnte
2808 4495 3152 4560 Florimond‚

532 4565 778 4621 worden.
827 4566 1001 4634 Bayle
1044 4567 1218 4620 selbst
1259 4567 1588 4649 behauptet,
1635 4567 1815 4622 dieses
1872 4568 1970 4622 der
1996 4572 2134 4626 1602
2163 4568 2269 4621 mit
2294 4568 2415 4624 'rod
2443 4570 2517 4624 ab
2560 4568 2671 4638 ‘ng‚
2701 4568 2885 4623 weder
2908 4583 3052 4637 ganz
3079 4583 3151 4620 zu

530 4635 708 4689 Werk
724 4637 806 4690 sei
818 4636 919 4689 das
935 4637 1115 4704 Beste,
1146 4639 1245 4691 das
1264 4640 1402 4693 tiber
1417 4639 1569 4693 (hese
1587 4638 1815 4694 alberne
1872 4639 2029 4692 Ende
2044 4638 2250 4692 fflhren
2267 4640 2410 4693 noch
2425 4638 2484 4693 in
2550 4640 2688 4693 ruck
2701 4639 2901 4709 geben;
2917 4654 2977 4692 er
2991 4639 3152 4692 fiber-

532 4705 705 4759 Fabel
718 4707 1079 4775 geschrieben
1095 4708 1341 4764 worden.
1368 4709 1499 4763 Sein
1513 4714 1818 4765 Antio-brist
1870 4709 1976 4764 liess
2002 4725 2059 4763 es
2086 4710 2297 4765 seinem
2318 4710 2507 4765 Sohne
2524 4710 2704 4764 Franz
2716 4727 2828 4764 von
2843 4708 3150 4763 Raemond.

534 4778 769 4831 berfihrt
810 4778 967 4831 mehr
993 4778 1404 4848 GegenstandQ
1431 4780 1517 4835 als
1543 4780 1641 4835 der
1667 4780 1816 4836 Titel
1871 4780 2064 4835 Dieser
2090 4782 2407 4836 vermehrte
2427 4782 2529 4836 das
2548 4785 2598 4837 ὃ.
2619 4781 2778 4835 Buch
2797 4781 2907 4835 mit
2926 4780 3156 4851 einigen
