3625 5193
416 194 451 245 4
462 195 535 247 37
1439 175 1689 230 Joannes
1716 174 2006 228 Pistorius.
2910 195 2946 246 4
2956 193 2989 246 3
3000 194 3034 246 3

411 362 630 420 Fuldae
663 361 890 420 meritis
941 362 1150 436 plenus
1201 383 1248 419 a.
1293 372 1455 426 1608
1509 365 1605 439 pie
1637 356 1730 423 inl
1754 367 1921 422 stanz
1953 367 2060 421 etc.
2095 361 2215 420 und
2250 362 2443 420 einem
2476 362 2800 432 ehrsamen,
2853 364 3037 421 wohl-

416 451 659 510 Domino
690 450 957 509 decessit.
998 451 1204 509 Edidit
1235 471 1514 528 germano
1546 453 1694 513 idio·
1752 455 1968 512 weisen
2033 452 2183 509 Rath
2247 469 2361 510 von
2414 451 2627 509 Ziirich
2679 470 2883 526 wegen
2936 453 3040 511 der

409 545 562 598 mate
624 539 972 598 relationem
1023 542 1424 600 conversionis
1468 541 1505 599 J
1509 543 1693 612 scobi,
1753 542 2023 618 Religion
2068 541 2424 617 anyestcllten
2470 541 2861 612 Disputatimz,
2910 542 3037 598 Fri-

410 628 684 687 badensis
706 628 1080 698 marchionis,
1115 630 1396 705 expositis
1429 632 1696 706 quinque
1753 631 1929 708 burgi
1978 630 2044 688 in
2075 629 2383 706 Brisgovia
2422 639 2585 690 1603
2641 648 2739 703 pp.
2775 639 2809 690 3
2863 630 2926 687 in
2962 641 3035 701 4.,

410 718 662 786 motiviS,
713 717 937 792 quibus
988 717 1091 777 ille
1139 719 1214 777 ad
1248 720 1694 779 conversionem
1750 739 1900 795 opus
1916 739 2137 781 rarum.
2172 719 2346 776 Parte
2364 717 2546 793 priori
2562 717 2824 776 ostendit
2839 738 3036 776 errare

409 811 712 883 permotus
733 807 852 864 fuit
865 801 931 885 ¹),
955 807 1230 866 Coloniae
1261 818 1380 870 159
1399 820 1416 870 l
1434 852 1445 877 ,
1464 809 1693 885 adjecto
1750 809 2086 886 Tigurinosx,
2110 808 2413 866 inhaerere
2433 805 2575 864 dum
2591 825 2652 865 se
2667 810 2884 881 putant
2900 807 3036 866 fidei

412 893 493 976 (in
558 895 989 970 posterioribus
1051 892 1440 977 editionibus)
1506 903 1691 970 sexte,
1749 899 2101 973 professioni
2133 918 2165 954 a
2199 898 2444 954 Damaso
2466 915 2513 952 a.
2540 905 2663 958 380
2688 899 2950 955 statutae
2970 915 3036 954 ac

410 1003 524 1059 quo
559 986 684 1059 ipse
717 984 837 1042 fuit
868 982 1248 1066 induetus2);
1291 989 1594 1061 praeterea
1625 989 1694 1045 de
1748 987 2076 1063 generatim
2111 985 2247 1044 fidei
2268 986 2534 1059 priorum
2556 988 2816 1059 quatuor
2835 985 3032 1044 Eccle-

402 1075 737 1150 praecipuis
759 1073 1099 1149 quibusdam
1131 1078 1508 1134 controversis
1537 1079 1689 1135 chri-
1748 1077 1869 1134 siae
1901 1075 2256 1134 christianae
2302 1074 2669 1144 seculorum3
2718 1095 2771 1148 p.
2811 1083 2865 1135 2.
2899 1075 3031 1132 crisi

406 1165 628 1220 stianae
658 1164 954 1220 doctrinae
985 1166 1285 1238 capitibu3‚
1340 1165 1690 1241 Ingolstadii
1748 1166 1992 1240 subjicit
2008 1164 2435 1240 Tigurinorum
2451 1163 2667 1236 placita
2688 1163 2759 1220 de
2780 1163 3033 1238 8.Scrip-

417 1260 610 1321 15903
641 1253 958 1310 Anatomia
989 1252 1232 1311 Lutheri
1264 1254 1317 1310 d.
1343 1254 1381 1314 i.
1415 1255 1545 1312 Auss
1577 1255 1691 1313 den
1746 1258 1903 1324 tura,
1949 1253 2272 1311 traditione
2316 1255 2377 1309 et
2408 1252 2684 1320 Ecclesia,
2734 1251 3030 1326 quaestio-

408 1340 586 1399 Siben
618 1340 799 1399 bosen
823 1340 1089 1400 Geistern
1110 1342 1212 1400 des
1231 1342 1315 1400 vil
1331 1342 1541 1401 Seelen
1559 1362 1689 1401 ver·
1746 1362 1969 1419 nesque
2001 1343 2116 1400 huc
2147 1344 2478 1416 spectantes
2522 1341 2831 1414 expendit3
2877 1342 2941 1398 in
2976 1350 3031 1403 3.

409 1430 670 1506 lustigen
701 1428 824 1488 und
853 1429 978 1487 also
1003 1433 1229 1490 tewren
1260 1432 1506 1490 Mannes
1529 1432 1592 1489 D.
1615 1433 1688 1490 M.
1744 1452 1799 1506 p.
1834 1431 2114 1508 proponit
2146 1431 2305 1488 ultra
2340 1439 2508 1492 2000
2545 1428 2703 1487 dicta
2735 1431 2829 1487 vel
2858 1429 3032 1488 testi·

405 1518 683 1577 Lutheris
699 1518 795 1577 die
816 1518 963 1595 drey
995 1523 1153 1577 erste
1187 1520 1447 1579 Geister:
1494 1533 1540 1582 l.
1576 1521 1691 1579 Der
1745 1522 1942 1579 monia
1972 1540 2040 1579 ex
2073 1520 2299 1578 Calvini
2331 1519 2612 1593 operibus
2636 1518 2885 1593 aliisque
2905 1520 3033 1577 Cal-

404 1607 750 1666 Fleischlich
779 1608 962 1683 geist3
998 1608 1175 1669 2.der
1197 1609 1402 1667 Lester
1424 1609 1607 1685 geist3
1633 1619 1687 1670 3.
1744 1609 2101 1668 vinistarum
2151 1608 2322 1667 libris
2373 1608 2633 1676 collecta,
2699 1627 2849 1682 quse
2894 1609 3032 1683 plus

406 1696 508 1754 der
543 1697 757 1754 Kotter
787 1695 957 1772 geist.
993 1698 1292 1756 Darinnen
1313 1698 1422 1757 wie
1442 1699 1592 1757 auch
1626 1699 1688 1756 in

405 1786 518 1843 den
549 1785 800 1862 iibrigen
846 1786 973 1843 vier
1004 1785 1274 1844 Geistern
1319 1787 1423 1845 der
1468 1787 1691 1845 Luther

404 1893 509 1932 aus
546 1875 752 1932 seinen
783 1874 1030 1950 eigenen
1065 1875 1302 1933 Worten
1351 1876 1688 1934 dermassen

401 1962 677 2038 lebendig
697 1962 1040 2038 abgemahlt
1054 1964 1220 2032 wird,
1239 1965 1346 2022 dass
1368 1965 1686 2041 meniglich

402 2052 510 2110 Ihn
545 2051 665 2110 also
715 2052 852 2109 bald
904 2053 1137 2111 kennen
1189 2054 1312 2111 und
1363 2054 1438 2111 ob
1483 2073 1547 2111 er
1590 2054 1688 2111 ein

402 2141 659 2216 Prophet
691 2140 894 2199 Gottes
941 2141 1081 2199 oder
1126 2145 1306 2200 etwas
1342 2143 1553 2201 anders
1587 2162 1686 2218 ge·

400 2248 624 2297 wesen3
677 2229 1028 2287 ohnsehlbar
1059 2232 1282 2305 greifen
1316 2231 1437 2289 und
1471 2238 1687 2305 spiiren

400 2319 574 2376 kann.
609 2319 751 2376 Coln
792 2328 973 2381 1595.
1006 2340 1061 2395 p.
1108 2330 1168 2388 13
1202 2340 1256 2395 p.
1294 2330 1347 2382 2.
1380 2320 1456 2377 ib.
1503 2329 1681 2382 1598.

401 2407 517 2465 Ein
551 2408 728 2465 Stack
771 2425 879 2464 aus
909 2409 1035 2464 dem
1066 2409 1254 2466 laniet·
1301 2410 1459 2467 Wort
1493 2409 1688 2467 Goltes

400 2495 540 2554 oder
572 2497 677 2554 der
708 2496 1035 2555 deutschen
1067 2497 1411 2574 Theologia:
1459 2497 1563 2556 das
1609 2498 1687 2556 ist

400 2602 516 2643 von
555 2595 631 2648 14
677 2584 741 2642 in
793 2585 898 2643 der
929 2585 1204 2662 Religion
1253 2586 1542 2646 zwischen
1571 2586 1686 2646 den

401 2674 760 2732 Katholiken
835 2675 995 2733 eines
1074 2676 1196 2733 und
1259 2676 1686 2735 Lutherischen

400 2763 522 2820 und
557 2763 966 2821 Calvinischen
999 2765 1221 2822 andern
1241 2765 1438 2823 Theils
1461 2765 1684 2823 streiti-

398 2871 511 2927 gen
533 2851 813 2910 Punkten
844 2855 971 2920 etc„
1006 2853 1085 2909 ib.
1118 2864 1278 2915 1596
1315 2854 1378 2911 in
1402 2864 1472 2919 43
1507 2855 1684 2911 Acten

398 2942 502 2997 der
531 2960 604 2998 zu
626 2941 845 2999 Ziirich
865 2942 1153 3000 zwischen
1178 2941 1431 3000 weiland
1457 2942 1525 2999 H.
1547 2943 1682 2999 Car-

397 3028 561 3087 dinal
596 3049 709 3088 von
745 3030 1131 3097 Oesterreich‚
1169 3031 1412 3089 Bischof
1435 3051 1507 3088 zu
1532 3032 1680 3090 Con·

474 3240 512 3291 ¹}
542 3234 744 3288 Exstat
780 3235 919 3288 haec
946 3251 1037 3305 ap.
1063 3235 1234 3288 Raess
1261 3236 1296 3288 l.
1324 3253 1370 3288 c.
1399 3236 1491 3300 ΙΙΙ,
1518 3240 1589 3292 94
1614 3253 1682 3290 ss.

470 3311 510 3375 ἵ)
536 3306 802 3375 Reperies
853 3307 956 3360 hoc
1011 3323 1180 3376 penes
1234 3306 1402 3360 Raess
1446 3306 1480 3360 l.
1524 3324 1570 3362 c.
1617 3308 1681 3361 11.

393 3382 501 3434 496
527 3395 612 3443 ss„
643 3377 748 3445 qui
775 3376 944 3447 plura
972 3377 1040 3430 de
1067 3394 1131 3431 eo
1160 3378 1346 3438 refert,
1399 3378 1682 3432 Mentione

395 3466 624 3517 quoque
665 3448 875 3518 dignae
911 3452 1048 3501 sunt
1073 3448 1157 3501 J0.
1190 3448 1416 3513 Pistorii
1442 3454 1685 3517 epistolae

393 3528 500 3574 tres
539 3523 612 3573 ad
651 3521 738 3573 J0.
767 3523 1027 3588 Pappum,
1070 3519 1336 3573 Coloniae
1369 3525 1505 3576 1594
1545 3521 1605 3572 in
1630 3526 1681 3576 4.

395 3589 458 3642 In
487 3596 535 3647 1.
565 3592 831 3645 hortatur
857 3590 1117 3660 Pappum
1145 3592 1216 3644 ad
1246 3592 1554 3645 studiosius
1573 3608 1680 3644 ser-

391 3662 642 3716 vandum
656 3663 849 3731 suumj
858 3663 943 3731 usj
951 3662 1230 3715 urandum
1241 3661 1683 3731 Emmendingae

393 3732 625 3797 factum,
651 3750 783 3786 cum
809 3750 867 3787 se
893 3737 1248 3787 ostensurum
1267 3732 1622 3802 promitteret
1640 3752 1681 3788 s.

395 3804 788 3873 Augustinum
835 3821 964 3857 cum
1009 3804 1275 3858 omnibus
1326 3807 1682 3873 augustanae

392 3875 761 3928 confessionis
788 3874 1044 3928 articulis
1072 3875 1420 3945 consentire;
1447 3876 1506 3928 in
1533 3880 1582 3931 2.
1601 3894 1679 3929 re-

393 3946 544 3999 futat
571 3945 846 4017 parallela
872 3946 1053 4015 Pappi
1079 3948 1138 3999 et
1162 3945 1222 4000 in
1239 3947 1438 4016 primis
1462 3949 1680 4016 praefa-

1744 1699 2016 1757 minusve
2031 1716 2277 1756 erronea
2291 1701 2352 1755 et
2368 1697 2795 1755 malesonantia
2811 1701 2951 1755 sunt
2968 1694 3030 1776 ¹).

1764 1788 2120 1864 Weqwcisser
2150 1805 2251 1844 vor
2281 1787 2392 1844 alle
2423 1787 2712 1857 verfiibrte
2747 1787 3027 1861 Christen,

1744 1876 1797 1932 d.
1833 1877 1870 1933 i.
1904 1879 2157 1934 Kurtzer
2203 1876 2348 1933 doch
2402 1874 2803 1950 grundlicher.
2838 1877 3030 1932 wahr-

1743 1965 1949 2031 hafter,
2015 1983 2154 2023 auss
2205 1965 2276 2021 H.
2329 1963 2550 2021 Schrift
2615 1982 3031 2038 genommener

1744 2054 1983 2111 Bericht
2024 2072 2137 2112 von
2181 2063 2253 2114 14
2297 2052 2707 2109 fiirnembsten
2740 2053 3029 2110 zwiscben

1743 2143 1860 2201 den
1893 2142 2288 2201 catholisehen
2339 2141 2462 2198 und
2496 2140 2612 2198 den
2646 2141 2698 2196 N
2703 2141 3027 2216 ewglaubi-

1743 2251 1858 2307 gen
1891 2232 1952 2289 in
1984 2231 2091 2289 der
2122 2229 2394 2305 Religion
2428 2230 2660 2304 strittig
2679 2229 3027 2304 gemachten

1743 2320 2021 2378 Artikeln
2052 2323 2179 2388 etc,
2214 2318 2558 2376 Monasterii
2601 2327 2792 2384 1599;
2828 2318 3026 2392 lugol-

1743 2409 1920 2467 stadii
1994 2419 2188 2475 1600;
2263 2407 2527 2465 The-sium
2589 2407 2642 2464 J.
2695 2405 3027 2464 Herbrandi

1741 2500 1810 2556 de
1841 2497 2051 2556 visibili
2072 2497 2289 2556 Christi
2320 2499 2382 2554 in
2413 2497 2587 2554 terris
2604 2496 2857 2553 Ecclesia
2877 2515 3023 2553 ana-

1742 2588 1909 2663 lysis,·
1945 2586 2380 2663 propositiones
2403 2595 2481 2648 50
2517 2604 2587 2644 ex
2620 2604 2663 2643 S.
2685 2585 3026 2661 Augustino

1742 2677 1815 2734 de
1847 2676 2150 2752 reliquiis;
2185 2676 2468 2750 epistolae
2503 2675 2742 2733 Pistorii
2780 2674 2855 2732 ad
2877 2674 3024 2732 ami·

1743 2784 1839 2823 cos
1902 2766 1973 2822 de
2049 2764 2325 2834 Ecclesia,
2403 2763 2751 2840 Ingolstadii
2827 2774 3022 2832 15893

1741 2855 2053 2927 c'iffentliche
2084 2854 2418 2929 Beweisuny
2463 2853 2574 2911 dass
2622 2852 2717 2910 die
2751 2853 3023 2909 Lutheri-

1742 2943 1920 3001 schen
1983 2943 2064 3000 im
2127 2942 2423 3015 colloquio
2502 2961 2572 3000 zu
2634 2941 3026 3017 Regensburg

1750 3043 1905 3093 1601
1950 3032 2061 3089 mit
2094 3032 2280 3089 ibrem
2314 3031 2667 3107 armseligen
2692 3030 3023 3089 Glaubens·

1739 3120 1937 3196 grund
1969 3120 2094 3178 und
2126 3123 2462 3196 Argument
2513 3120 2639 3177 sich
2672 3140 2727 3177 u.
2763 3119 2859 3175 ihr
2891 3119 3025 3175 Sect

1739 3209 1803 3267 in
1836 3210 2081 3267 hochste
2115 3208 2348 3267 Schand
2394 3208 2519 3266 und
2568 3211 2738 3282 Spott
2784 3212 3023 3282 gesetzt,

1739 3298 2018 3374 Friburgi
2075 3308 2235 3361 1607
2281 3297 2342 3354 in
2379 3308 2439 3366 43
2510 3297 2898 3354 Merkzeichen
2930 3296 3025 3352 des

1740 3388 1889 3444 alten
1939 3388 2061 3445 und
2111 3406 2287 3444 neuen
2322 3386 2612 3442 Glaubens
2643 3386 2696 3445 d.
2730 3385 2766 3441 i.
2803 3385 3021 3441 Ursach

1738 3476 2003 3533 warumb
2052 3476 2145 3532 die
2195 3482 2336 3533 rom.
2372 3474 2533 3532 kath.
2570 3474 2779 3531 Kirche
2814 3472 2937 3530 und
2973 3473 3024 3530 ir

1740 3564 1931 3621 Glaub
1964 3564 2145 3621 allein
2191 3563 2289 3620 die
2321 3563 2519 3621 rechte
2552 3562 2732 3619 Kirch
2767 3561 2888 3620 und
2921 3561 3025 3618 der

1739 3652 1930 3710 Glaub
1964 3651 2199 3719 Christi,
2248 3651 2372 3710 und
2408 3652 2522 3709 alle
2555 3651 2737 3709 ander
2770 3651 3021 3708 lutheri·

1737 3742 1888 3809 sche,
1977 3739 2349 3806 calvinische‚
2428 3740 3023 3797 wiedertauffeiische

1737 3834 1845 3888 etc.
1879 3829 2098 3887 falsche
2130 3829 2253 3887 und
2287 3829 2572 3886 unrechte
2606 3828 2861 3886 Kirchen
2895 3828 3016 3885 und

1739 3918 2005 3977 Glauben
2039 3919 2217 3989 seien,
2262 3917 2599 3976 Monasterii
2644 3927 2821 3985 1009,
2859 3917 2893 3972 l.
2928 3937 3019 3973 ra-

393 4017 607 4071 tionem
633 4018 695 4071 in
721 4017 823 4071 illa
848 4018 1002 4087 ipss„
1028 4017 1089 4070 in
1114 4021 1164 4074 3,
1192 4018 1561 4083 demonstrat,
1590 4036 1679 4072 ne.
1736 4026 1867 4077 rus3
1904 4008 2202 4066 theorema
2233 4008 2301 4065 de
2330 4008 2465 4080 fidei
2497 4008 2847 4065 christianae
2885 4006 3019 4077 defi-

393 4088 604 4143 minem
633 4088 963 4143 m⁰¹¹²⁸lium
991 4104 1092 4158 Pffl'
1116 4106 1220 4143 ⁸30·
1244 4094 1311 4145 15
1336 4089 1679 4144 fflssholicum
1735 4099 1860 4154 nita
1892 4114 2164 4155 mensura
2197 4101 2258 4154 et
2288 4115 2362 4153 an
2411 4097 2549 4154 haec
2598 4096 2676 4153 sit
2709 4096 2831 4153 sola
2866 4095 3017 4151 Scri-

392 4161 482 4213 vel
509 4160 907 4223 orthodoxum,
936 4160 1122 4214 virum
1152 4160 1242 4214 vel
1268 4160 1557 4225 feminam,
1601 4178 1680 4215 se·

390 4248 520 4285 nem
544 4231 635 4283 vel
654 4232 930 4295 juvenem
971 4231 1208 4285 sensisse
1236 4231 1304 4283 de
1333 4231 1438 4284 fide
1467 4230 1679 4285 Christi

1733 4188 1914 4259 ptura
1947 4187 2243 4255 canonica,
2278 4203 2411 4243 cum
2445 4185 2802 4261 epitegmate
2836 4184 2904 4240 de
2926 4202 3019 4239 sa-

389 4318 455 4355 30
481 4301 790 4356 credidisse
816 4318 996 4371 aeque
1016 4319 1081 4357 ac
1103 4302 1433 4357 Luthemm·
1462 4302 1680 4366 Quibus
1735 4275 2051 4333 crementis
2098 4278 2305 4333 contra
2338 4274 2695 4349 Grynaeum,
2740 4272 3013 4330 Coloniae

388 4374 687 4427 adduntur
727 4372 1000 4443 parallela
1040 4390 1187 4426 nova
1222 4374 1292 4427 de
1320 4373 1462 4426 Husi
1491 4379 1549 4427 et
1573 4373 1678 4428 Lu-

390 4445 535 4499 theri
553 4445 614 4497 iu
627 4444 893 4499 omnibus
904 4443 1299 4497 controversiis
1312 4444 1677 4499 dissensione.

389 4516 472 4570 Cf.
502 4515 829 4570 Fabricium
856 4514 915 4568 in
944 4516 1072 4569 hist.
1101 4516 1243 4570 fabr.
1273 4515 1366 4580 IV,
1394 4520 1527 4573 209z
1575 4515 1675 4569 Ro·

389 4587 655 4642 termund
701 4587 789 4649 VI,
817 4591 951 4657 2963
995 4586 1143 4641 Roth
1189 4584 1388 4640 Kleine
1416 4586 1676 4655 Beitrsge

1809 4520 1848 4587 ¹)
1876 4516 1958 4570 Cf.
1997 4516 2252 4580 Werner,
2288 4515 2624 4570 Geschichte
2676 4514 2774 4567 der
2825 4513 3018 4583 apolo-

1770 4588 2024 4642 etischen
2067 4587 2184 4641 und
2216 4588 2416 4656 polem.
2446 4586 2733 4639 Literatur
2760 4585 2851 4649 IV,
2880 4589 3015 4641 632:

387 4678 490 4713 zur
534 4658 847 4713 deutschen
893 4657 1124 4728 Sprach·
1169 4658 1516 4712 Geschichts·
1556 4659 1675 4712 und
1767 4674 1972 4712 anssen
2000 4659 2191 4718 Gesch,
2221 4659 2276 4711 d.
2302 4658 2613 4711 deutschen
2644 4656 2851 4710 Volkes
2881 4658 2920 4710 t.
2951 4656 3015 4707 V.

386 4729 838 4797 Ortsforschung
863 4732 1004 4786 1850
1030 4729 1162 4782 fasc.
1193 4734 1223 4785 7
1254 4747 1308 4799 p.
1333 4733 1420 4785 62.
1449 4734 1533 4786 74.

1732 4729 1961 4799 passim.
