3625 5193
637 255 761 309 455

633 424 831 498 inquit
863 424 1291 482 Starovolscius
1306 420 1372 505 1),
1422 425 1582 482 omni
1627 425 1747 484 fere
1781 425 1916 482 lite-

634 515 835 571 ratum
885 513 1170 579 imbutus,
1237 518 1306 571 ut
1358 513 1450 570 vix
1499 531 1704 588 parem
1756 517 1917 572 aetas

633 605 836 660 nostra
867 601 1089 669 tulerit,
1138 602 1200 658 in
1246 601 1579 676 disciplinis
1611 602 1918 678 potissime

634 690 1008 765 theologicis:
1062 691 1164 764 qui
1210 694 1398 748 aetate
1431 694 1745 765 provectus
1780 690 1920 750 licet

634 780 925 853 annisque
958 780 1176 854 graviS,
1210 779 1379 836 vivax
1410 782 1611 837 tamen
1630 784 1691 837 et
1710 780 1915 838 robus·

631 871 733 926 tus
766 868 829 925 in
875 868 1144 943 partibus
1193 868 1515 926 Sarmatiae
1567 868 1917 943 septentrio·

632 957 869 1015 nalibus
882 959 1260 1032 praematura
1280 960 1469 1015 morte
1482 957 1752 1015 sublatus
1763 960 1872 1014 est.
1888 966 1914 993 ⁴¹

632 1045 758 1115 Quo
807 1064 946 1103 vero
996 1064 1148 1103 anuo
1212 1046 1428 1103 obierit
1488 1064 1610 1103 non
1660 1046 1912 1103 indicat:

631 1135 836 1192 floruit
868 1154 1006 1192 vero
1040 1134 1284 1192 ineunte
1302 1135 1411 1192 hoc
1432 1135 1644 1195 seculo,
1678 1135 1918 1193 Praeter

878 240 1248 294 1601—1620.
1277 236 1470 291 Theol.
1502 238 1613 306 pol.
1641 238 1699 291 in
1728 237 1846 292 Pol.
1866 240 1922 291 et
1941 237 2166 307 Anglia.
2196 237 2541 302 Lubomlius‚
2573 236 2899 291 Socolovius
2918 240 3021 291 etc.

3137 257 3270 309 456

1974 423 2463 483 annotationibus
2506 423 2578 481 ad
2611 423 2876 498 proprias
2911 423 3265 483 Graecorum

1976 512 2282 587 opiniones
2345 512 2840 586 respondentibus
2904 513 3264 582 illustratae,

1975 601 2277 660 Cracoviae
2335 610 2533 671 15823
2589 600 3096 676 Dilingae15823
3150 601 3262 661 Pa-

1974 690 2133 747 risiis
2177 700 2338 753 1584
2374 691 2436 748 in
2469 691 2505 747 f.
2569 691 2715 748 Cum
2768 694 3080 765 propterea
3127 691 3262 749 wit·

1974 779 2395 855 tenbergenses
2430 779 2689 854 theologi
2737 779 2800 835 in
2847 797 2982 837 eum
3018 779 3262 838 invehe-

1974 872 2198 938 rentur,
2265 869 2703 942 Responsionem
2752 867 2824 925 ad
2873 868 3117 928 illorum
3169 871 3266 927 in-

1976 957 2264 1015 vectivam
2341 956 2605 1031 scripsit,
2669 956 3021 1031 Ingolstadii
3093 967 3262 1020 1535

1975 1045 2039 1102 in
2072 1055 2142 1114 43
2207 1046 2552 1103 Sententiam
2584 1046 2932 1117 definitivam
2964 1045 3005 1102 J
3008 1048 3268 1109 eremiae

1975 1134 2341 1208 patriarchae
2402 1135 2506 1196 ΟΡ.
2570 1134 2640 1191 de
2693 1133 2961 1192 doctrina
3010 1140 3071 1192 et
3123 1135 3263 1193 reli-

634 1224 807 1301 alia2)
844 1223 985 1281 haec
1017 1222 1231 1280 edidit:
1274 1224 1581 1281 Theatrum
1609 1242 1709 1281 seu
1718 1226 1919 1297 potius
1972 1222 2149 1298 gione
2180 1222 2790 1298 wittembergensium
2824 1223 3268 1297 theologorum?

632 1313 867 1386 offis-ina
898 1314 1358 1370 concionatorum·
1407 1312 1916 1386 praedicatoribus

632 1405 693 1459 et
766 1401 1059 1476 theologis
1122 1401 1185 1459 in
1247 1402 1492 1459 scientia
1552 1401 1919 1475 speculativa

634 1508 677 1547 S.
712 1490 966 1546 Thomae
998 1489 1155 1547 haud
1178 1489 1552 1548 mediocriter
1576 1490 1823 1548 versatis
1843 1490 1914 1547 ad

633 1579 962 1653 profectum
997 1578 1322 1635 animarum
1361 1583 1420 1636 et
1451 1579 1913 1637 destructionem

634 1667 901 1725 omnium
952 1667 1262 1724 haeresum
1313 1670 1372 1724 et
1415 1667 1549 1724 fidei
1596 1667 1918 1731 catholicae

634 1756 1044 1831 quoquomodo
1089 1755 1526 1813 adversantium
1558 1756 1917 1832 permaxime

635 1845 801 1901 utili-3
824 1849 883 1902 et
903 1844 1243 1911 necessaria,
1280 1844 1543 1902 Venetiis
1576 1855 1734 1906 1597
1762 1846 1825 1901 in
1846 1845 1915 1914 f.;

635 1934 907 2004 Quaesita
951 1953 995 1990 S.
1044 1934 1381 2007 Scripturae
1430 1935 1918 2008 theoloqorumque

632 2040 988 2079 summorum
1022 2024 1177 2079 circa
1198 2023 1488 2099 domna-ta,
1508 2023 1679 2097 cujus
1704 2021 1914 2096 operis,

634 2111 791 2184 quod
825 2111 885 2168 in
925 2120 999 2172 12
1038 2111 1421 2169 distribuerat
1440 2116 1645 2179 tomos,
1682 2111 1915 2184 primus

632 2205 865 2258 tantum
899 2202 1095 2257 tomus
1142 2204 1332 2258 morte
1367 2201 1624 2259 auctoris
1658 2200 1915 2257 interve-

632 2288 834 2347 niente
869 2289 1172 2347 Cracoviae
1213 2300 1411 2358 16063
1445 2289 1721 2365 Lugduni
1746 2298 1909 2350 1607

631 2379 693 2434 in
728 2378 763 2435 f.
797 2377 1036 2451 prodiit,
1085 2377 1179 2435 cui
1227 2378 1471 2435 titulum
1505 2378 1749 2435 indidit:
1815 2376 1914 2433 In—

630 2467 1047 2523 troductorium
1075 2468 1336 2542 yenerale
1356 2466 1428 2523 ad
1453 2467 1914 2539 subsequentem

631 2555 1079 2624 tractationem3
1114 2574 1263 2629 opus
1297 2555 1596 2631 integrum
1619 2555 1914 2613 Menates-

631 2663 801 2702 seron
822 2643 1224 2719 evangelicum
1244 2643 1656 2701 distinctiones
1680 2653 1911 2704 36.000

629 2733 1022 2807 complectens
1068 2731 1185 2788 dici
1229 2732 1480 2789 volebat.
1530 2766 1611 2775 -—·
1647 2732 1913 2789 Invisum

630 2837 691 2877 se
754 2820 1230 2894 protestantibus
1280 2820 1540 2878 reddidit
1585 2820 1916 2879 Stanislaus

630 2908 1096 2966 Socolovius
1146 2905 1265 2987 (vel
1300 2909 1649 2980 Solicovius,
1704 2909 1915 2968 Szoko·

630 2997 855 3067 lowski,
908 2993 1298 3078 Sokolowski)
1353 2998 1667 3057 canonicus
1718 3016 1913 3057 craco-

628 3086 848 3143 viensis
862 3086 911 3164 ³)
931 3091 990 3143 et
1008 3086 1302 3160 Stephano
1321 3087 1445 3163 regi
1465 3107 1498 3144 a
1518 3087 1912 3145 concionibus,

629 3171 689 3253 (†
732 3172 940 3256 1619),
992 3176 1252 3233 editione
1303 3195 1577 3233 censurae
1623 3176 1915 3233 orientalis

627 3266 884 3322 ecclesiae
947 3264 1019 3322 de
1087 3265 1424 3340 praecipuis
1489 3264 1676 3322 nostri
1729 3264 1911 3322 seculi

628 3353 1058 3412 haereticorum
1138 3354 1517 3431 dogmatibus
1586 3352 1914 3411 Hieremiae

626 3450 811 3500 const.
875 3442 1241 3517 patriarchae
1303 3441 1509 3518 judicii
1561 3447 1620 3499 et
1670 3443 1912 3499 mutuae

626 3533 1054 3589 communionis
1089 3550 1262 3589 causa
1293 3532 1366 3589 ab
1401 3530 1754 3588 orthodoxae
1777 3529 1911 3587 doc·

624 3619 813 3676 trinae
849 3620 1198 3677 adversariis
1248 3639 1368 3677 non
1420 3620 1502 3676 ita
1547 3618 1774 3694 pridem
1808 3619 1911 3675 ob-

626 3708 779 3772 latis,
844 3708 917 3764 ab
969 3707 1168 3764 eodem
1222 3708 1557 3783 patriarcha
1604 3713 1787 3765 ronst.
1839 3707 1910 3764 ad

627 3813 933 3867 germanos
984 3813 1187 3870 graece
1222 3797 1604 3871 conscriptae,
1640 3814 1670 3853 e
1704 3813 1912 3870 graeco

626 3883 689 3939 in
754 3884 1004 3939 latinum
1067 3901 1383 3942 conversae
1434 3902 1498 3941 ac
1551 3884 1909 3958 quibusdam

704 4072 741 4138 Γ)
771 4068 830 4120 In
860 4070 1135 4132 Ἓξάτοντα
1162 4069 1320 4139 Elog.
1350 4074 1435 4126 86.
1466 4087 1519 4138 p.
1551 4076 1671 4127 194.

703 4145 741 4187 *ti
774 4139 988 4193 Echard
1018 4141 1081 4204 ΙΙ,
1109 4146 1229 4201 411.

701 4213 742 4280 ιΊ)
771 4210 946 4275 Quam
974 4212 1211 4281 insignis
1239 4213 1408 4265 fuerit
1443 4212 1820 4277 concionator,
1848 4213 1910 4265 li-

627 4286 766 4361 quet
803 4300 868 4335 ex
896 4283 1078 4337 verbis
1105 4283 1424 4351 Bolognetti
1466 4283 1658 4335 nuncii
1686 4285 1911 4351 aposto·

623 4351 716 4405 hci
745 4354 815 4407 ad
844 4354 1033 4407 aulam
1060 4355 1327 4423 polonam
1369 4353 1691 4407 scribentis:
1748 4353 1910 4414 „Tria

626 4423 745 4476 vidi
770 4424 1052 4478 mirabilia
1076 4426 1134 4476 in
1162 4424 1396 4477 Polonia
1417 4442 1428 4474 :
1456 4424 1808 4494 Stephanum
1832 4443 1908 4479 re-

625 4511 752 4615 gem
780 4495 1269 4564 sapientissimum.
1297 4495 1671 4561 Zamojscium
1697 4495 1909 4550 cancel·

649 4565 829 4616 arium
893 4566 1401 4633 prudentissimum
1452 4567 1510 4617 et
1552 4565 1908 4620 Socolovium

626 4635 1071 4690 concionatorem
1124 4653 1297 4706 prope
1343 4635 1647 4691 divinum.“
1717 4635 1910 4690 Wurz·

1975 1330 2093 1368 una
2143 1330 2276 1370 cum
2329 1312 2593 1370 antidoto
2644 1311 2891 1370 ultimae
2924 1311 3261 1385 responsio-

1974 1399 2067 1458 nis
2128 1400 2467 1468 eorundem‚
2521 1401 2827 1476 Augustae
2882 1400 3265 1458 Trevirorum

1984 1498 2165 1552 1586.
2202 1489 2333 1545 Alia
2367 1492 2671 1564 praeterea
2715 1488 2902 1547 edidit
2919 1483 2965 1570 ¹)
3003 1494 3105 1547 ut:
3174 1490 3262 1547 De

1976 1597 2138 1635 verae
2183 1585 2232 1634 et
2272 1576 2465 1649 falsae
2495 1578 2780 1636 Ecclesiae.
2825 1578 3158 1635 discrimine
3189 1598 3259 1636 ex

1975 1685 2018 1723 s,
2072 1666 2409 1741 Scripturas
2456 1673 2516 1723 et
2563 1666 3105 1724 vetustissimorum
3155 1686 3261 1741 pa·

1973 1759 2136 1812 trum
2182 1756 2496 1813 sententiis
2541 1755 2600 1811 ll.
2639 1764 2693 1821 3,
2744 1755 3054 1813 Cracoviae
3095 1764 3264 1818 1583

1973 1843 2060 1901 ed.
2125 1863 2285 1911 rara;
2351 1844 2703 1918 Ingolstadii
2776 1852 2973 1913 15843
3060 1854 3257 1912 1586;

1976 1932 2158 1990 Notae
2203 1935 2263 1989 in
2309 1933 2686 2005 Matthaeum,
2737 1933 3000 1990 Marcum
3050 1941 3099 1989 et
3134 1934 3260 1990 Isu-

1972 2040 2098 2079 cam
2148 2021 2274 2095 ejus
2326 2040 2416 2095 op.
2467 2025 2509 2083 t.
2563 2030 2632 2088 23
2688 2023 3037 2092 partitiones
3089 2023 3258 2079 eccle-

1971 2112 2237 2168 siasticae
2268 2110 2340 2167 ad
2374 2111 2616 2168 Petrum
2637 2110 2896 2168 Costcam
2931 2110 3108 2185 episc.
3132 2111 3257 2168 cul-

1973 2217 2249 2267 mensem,
2285 2199 2358 2257 ib.
2403 2207 2564 2261 1589
2619 2199 2679 2255 in
2717 2210 2784 2263 4:
2838 2200 2906 2255 de
2955 2216 3261 2256 consecra-

1973 2290 2119 2345 tione
2150 2289 2418 2362 episcopi,
2457 2288 2666 2345 Romae
2693 2296 2856 2348 1602
2894 2288 2957 2343 in
2992 2297 3067 2351 4.,
3106 2306 3262 2362 opus

1971 2396 2190 2445 rarum,
2224 2377 2289 2433 in
2311 2393 2427 2450 quo
2448 2377 2616 2445 rituS‚
2648 2380 2931 2445 vetustae,
2955 2376 3258 2450 mysteria,

1973 2484 2115 2523 usus
2180 2465 2636 2523 consecrationis
2684 2465 2967 2539 episcopi.
3033 2465 3260 2522 functio

1974 2554 2116 2612 item
2133 2558 2192 2613 et
2208 2554 2469 2630 dignitas
2487 2553 2836 2629 episcopalis
2871 2554 3259 2628 explicantur.

1973 2643 2165 2718 Opera
2211 2645 2339 2719 ejus
2373 2644 2621 2701 collect-a
2666 2643 3016 2717 prodierunt
3051 2644 3263 2702 Craco·

1971 2732 2103 2790 viae
2143 2743 2300 2794 1591
2344 2732 2407 2789 in
2441 2732 2478 2789 f.
2513 2766 2599 2775 —
2633 2731 2984 2789 Valentinus
3039 2732 3264 2790 Vida-

1974 2822 2151 2879 vius
2197 2822 2270 2878 ab
2320 2821 2452 2878 aliis
2502 2821 2990 2878 Laurentius
3040 2820 3262 2892 dictus,

1972 2909 2304 2986 theologiae
2333 2910 2648 2984 professor,
2696 2908 3027 2966 academiae
3060 2928 3261 2968 craco-

1971 2998 2192 3057 viensis
2242 3001 2433 3056 rector
2481 3003 2543 3056 et
2587 2997 2963 3072 praepositus
3010 2998 3258 3072 capit-uli

1973 3084 2032 3166 (†
2075 3095 2168 3149 12.
2204 3087 2347 3144 Nov.
2392 3082 2582 3165 1601)
2617 3085 2863 3154 edidit2)
2919 3092 3264 3144 controver-

1971 3174 2120 3233 siam
2153 3176 2487 3250 generalem
2521 3176 2590 3232 de
2619 3175 3006 3253 in-clulqentiis‚
3051 3175 3262 3233 Craco-

1972 3264 2100 3320 viae
2143 3273 2306 3325 1593
2343 3263 2406 3320 in
2439 3263 2476 3319 f.
2514 3260 2612 3344 (m.
2660 3258 2777 3341 18).

2070 3484 2205 3536 195.
2241 3474 2321 3531 Ex
2358 3476 2564 3549 Augilis
2606 3474 2814 3532 ceteris
2849 3475 3138 3533 telebrior
3170 3479 3270 3533 est

1970 3567 2030 3621 et
2091 3564 2300 3620 merito
2352 3562 2594 3636 quidem
2648 3563 2940 3622 Robertus
2990 3563 3256 3621 Perso-

2046 3793 2082 3851 1)
2111 3786 2195 3838 Cf.
2235 3784 2440 3850 Zedler,
2498 3785 2903 3839 Universallex.
2948 3783 3263 3849 xxxvffl,

2043 3933 2082 3998 ⁹)
2112 3925 2324 3980 Paulus
2367 3926 2398 3979 J
2415 3926 2621 3995 oseph
2665 3927 2826 3979 rabbi
2853 3928 3020 3979 antea
3049 3942 3257 3993 posna-

1967 3998 2195 4062 niensis,
2241 4000 2369 4066 post
2407 4015 2566 4050 suam
2607 3997 2678 4050 ad
2721 3998 2887 4050 fidem
2914 3996 3254 4050 catholicam

1967 4067 2384 4124 conversionem
2411 4068 2632 4136 scripsit
2658 4067 2724 4121 l.:
2755 4070 2910 4122 Scala
2938 4087 3062 4121 vera
3089 4071 3253 4121 Jeru-

1967 4145 2144 4207 salem,
2178 4140 2427 4193 Viennae
2456 4144 2609 4196 1612.
2650 4138 2710 4191 in
2737 4142 2799 4197 8:
2843 4143 2998 4203 1626,
3038 4137 3096 4191 in
3140 4155 3260 4206 qua

1968 4230 2034 4266 ex
2053 4213 2118 4265 V.
2140 4215 2198 4265 et
2217 4210 2283 4263 N.
2301 4212 2379 4273 T„
2410 4210 2708 4279 praecipue
2735 4211 2929 4262 autem
2957 4226 3018 4263 ex
3047 4210 3255 4263 revela-

1968 4283 2120 4336 tione
2147 4281 2378 4337 Joannis
2407 4284 2462 4333 et
2487 4279 2734 4334 Danielis
2779 4284 3160 4333 monastratnr
3187 4280 3256 4337 V.

1967 4353 2026 4407 T.
2056 4371 2173 4407 esse
2201 4351 2485 4405 sublatum
2526 4355 2584 4403 et
2624 4351 2906 4417 quomodo
2949 4368 3080 4404 vera.
3119 4351 3257 4404 fides

1966 4425 2277 4478 christiana,
2293 4423 2365 4476 sit
2377 4421 2776 4488 cognoscenda.
2794 4423 3099 4491 Speciatim
3112 4425 3256 4476 trac·

1967 4498 2122 4549 tatur
2139 4494 2433 4556 deMessia,
2452 4492 2699 4546 Ecclesia
2709 4491 2828 4556 Dei,
2842 4493 3253 4559 Mahommede‚

1966 4566 2298 4619 antichristo
2339 4564 2479 4618 Dan.
2521 4568 2588 4629 8.,
2643 4562 3001 4632 Apocalypsi,
3042 4564 3258 4618 revela.-

1966 4637 2119 4691 tione
2146 4638 2182 4693 1.
2208 4642 2260 4692 4.
2315 4635 2537 4699 Esdrae‚
2577 4634 2880 4688 divinitate
2922 4635 3146 4700 Christi,
3176 4635 3254 4688 di-

628 4705 767 4757 bach
792 4705 972 4775 Biogr.
1002 4707 1247 4760 Lexikon
1294 4707 1392 4759 des
1428 4707 1704 4761 Kaiserth.
1736 4708 1910 4763 Oster-
1966 4708 2209 4762 vinitate
2237 4706 2482 4775 Spiritus
2523 4724 2565 4758 s.
2610 4707 2666 4758 et
2692 4704 2989 4760 Trinitate.
3045 4706 3129 4761 Cf.
3155 4707 3257 4759 Fa—

629 4776 778 4827 relch
804 4780 891 4840 42,
920 4782 1039 4833 241.

1965 4779 2206 4832 bricium
2235 4779 2366 4838 hist.
2392 4776 2525 4830 bibl.
2554 4776 2743 4830 fabric.
2775 4777 2866 4842 IV,
2897 4782 3014 4835 195.
