3625 5193
596 263 675 316 50
686 264 720 316 3
1405 246 1511 298 160
1521 244 1776 298 lm1620.
1805 240 2112 310 Theologia
2139 235 2454 308 pastoralis.
3089 257 3123 308 6
3132 259 3166 310 0
3175 257 3214 310 4

589 434 712 488 test
729 427 834 510 ¹).‘
897 429 973 487 Et
1030 428 1252 486 iterum
1312 427 1386 484 de
1447 445 1515 485 eo
1577 425 1872 499 scribit2):
1929 444 2082 500 quae
2130 425 2506 502 Augustinus
2554 425 2824 484 Valerius
2872 426 3215 484 veronensis

596 518 823 588 ,Quem
866 536 985 576 non
1016 519 1253 575 tantum
1299 515 1498 574 schola
1528 514 1871 582 casinensia,
1930 514 2182 572 antistes
2214 515 2277 572 in
2321 514 2530 572 crediti
2576 514 2693 572 sibi
2736 514 2945 590 populi
2989 514 3215 573 bonum

591 606 698 666 sed
729 607 970 666 ecclesia
1016 624 1258 664 romana
1303 605 1461 663 inter
1509 604 1873 680 praecipuos,
1929 603 2191 679 peregit:
2245 603 2634 673 humanitate,
2669 603 2935 672 caritate,
2983 603 3214 662 concio·

594 714 743 771 quos
774 714 1040 770 unquam
1060 693 1290 764 habuit,
1322 692 1653 769 theologiae
1685 710 1875 750 mora-
1932 691 2111 750 nibus
2144 691 2342 761 sacris,
2375 692 2670 767 precibus,
2705 692 2969 763 consilio,
3004 691 3216 751 officiis

592 785 668 843 lis
710 784 981 843 doctores
1026 801 1341 842 numerare
1364 783 1500 857 jure
1550 801 1615 839 ac
1664 781 1877 840 merito
1932 798 2151 850 omnes,
2185 781 2300 855 piis
2331 780 2756 858 largitionibus
2798 799 3089 856 pauperes
3112 781 3218 856 ju-

593 876 806 949 potest,
839 872 956 931 nisi
996 872 1400 947 principatum
1447 870 1538 929 illi
1585 868 1877 946 assignari
1934 869 2039 938 vit,
2086 869 2355 945 ipsorum
2382 888 2596 945 parens
2627 874 2688 929 et
2735 872 2905 929 tutor
2952 870 3217 945 appella-

593 962 752 1022 velit.
784 961 842 1020 Is
876 960 1167 1037 siquidem
1188 958 1410 1037 insigni
1442 977 1616 1034 opere
1648 957 1876 1017 studio·
1933 962 2053 1020 tus.
2092 959 2412 1016 Grassante
2442 964 2609 1034 peste
2639 958 2801 1017 vitae
2834 958 3136 1035 prodigus,
3171 977 3218 1017 s.

594 1069 710 1126 que
760 1051 1049 1109 indefesso
1108 1049 1497 1107 conscientiae
1557 1066 1745 1118 casus,
1807 1049 1881 1104 ut
1936 1046 2126 1119 Caroli
2159 1047 2477 1105 cardinalis
2512 1048 2756 1105 sedulus
2801 1052 2862 1106 et
2893 1047 3083 1105 fidelis
3116 1067 3215 1105 ae-

596 1145 824 1211 vocant,
875 1138 1132 1216 collegit,
1191 1137 1707 1214 pulcherrimaque
1754 1154 1876 1194 me·
1934 1136 2212 1206 mulator,
2248 1136 2677 1213 languentibus
2718 1138 2780 1194 et
2824 1136 3217 1196 morientibus

595 1229 776 1286 thodo
793 1231 853 1287 et
873 1228 1172 1287 industria
1199 1227 1488 1303 singulari
1503 1227 1590 1284 ita
1609 1225 1877 1303 digessit,
1937 1243 2108 1299 opem
2143 1224 2379 1283 laturus
2413 1224 2653 1295 aderat3
2706 1225 3012 1300 pudicitia,
3046 1225 3218 1284 inno-

595 1320 669 1375 ut
699 1318 912 1376 ceteris
963 1316 1260 1384 omnibu3‚
1308 1318 1605 1390 quotquot
1649 1314 1723 1372 de
1773 1315 1882 1371 hac
1936 1313 2148 1382 centia,
2164 1314 2421 1388 justitia,
2455 1314 2640 1372 animi
2670 1313 3036 1384 fortitudine,
3070 1314 3216 1372 libe-

595 1407 846 1466 materia
878 1406 1257 1481 scripserunt,
1308 1405 1615 1462 doctorum
1654 1403 1881 1480 judicio
1936 1402 2176 1460 ralitate
2194 1401 2678 1478 vigililantiaque
2715 1402 2950 1461 enituit.
2983 1403 3217 1461 Discor-

599 1495 853 1570 palmam
887 1494 1282 1570 praeripuisse
1332 1493 1623 1551 videatur.
1686 1492 1780 1550 Ita
1808 1493 1883 1549 ut
1936 1491 2171 1549 diarum
2215 1490 2371 1549 faces
2417 1495 2478 1549 et
2522 1491 2777 1550 excitata
2820 1491 3085 1550 odiorum
3124 1491 3218 1549 in·

599 1583 821 1659 dignus
854 1584 950 1653 sit,
985 1582 1090 1658 qui
1121 1582 1386 1641 omnium
1419 1581 1658 1640 omnino
1690 1580 1880 1638 homi·
1938 1579 2144 1638 cendia
2175 1580 2335 1654 pacis
2365 1599 2570 1639 amans
2604 1580 2863 1639 Veronae
2908 1581 3219 1638 exstinxit:

598 1691 762 1742 num,
796 1675 1094 1746 quotquot
1143 1690 1211 1729 ex
1245 1671 1425 1746 hujus
1456 1671 1613 1728 vitae
1645 1668 1882 1728 casibus
1940 1670 2240 1742 Romaque
2271 1687 2444 1727 senex
2467 1671 2595 1745 jam
2629 1670 2920 1744 planeque
2949 1669 3214 1744 decrepi-

597 1760 846 1820 lubricis
877 1763 939 1819 et
967 1761 1228 1818 tenebris
1276 1759 1349 1818 ad
1394 1759 1669 1817 stabilem
1714 1758 1882 1816 illam
1938 1761 2039 1816 tus
2071 1757 2253 1815 etiam
2283 1757 2705 1834 intempestivo
2750 1757 2891 1816 anni
2934 1760 3218 1833 tempore,

598 1849 946 1909 felicitatem
996 1851 1059 1907 et
1089 1849 1284 1908 lucem
1331 1849 1691 1906 inaccessam
1721 1847 1880 1920 aspi·
1939 1849 2010 1904 ut
2040 1846 2290 1904 dissidia
2321 1846 2539 1905 civium
2572 1850 2680 1904 aut
2723 1846 3015 1906 nobilium
3058 1846 3221 1904 inter

598 1940 754 2007 rant,
820 1938 1054 1997 assiduo
1117 1937 1393 1996 manibus
1455 1940 1516 1995 et
1576 1936 1882 1994 mentibus
1938 1954 2000 1994 se
2031 1939 2427 2010 componeret,
2474 1953 2594 1994 non
2638 1935 2820 1994 semel
2858 1953 2966 1994 nec
2994 1935 3220 1994 frustra

599 2028 832 2086 teratur
861 2031 923 2085 et
951 2027 1292 2086 revolvatur
1321 2030 1383 2085 et
1413 2025 1683 2084 canescat
1713 2025 1882 2083 seclis
1941 2024 2231 2083 Veronam
2261 2025 2634 2099 properavit:
2682 2027 2754 2082 ut
2789 2024 3001 2082 merito
3046 2042 3217 2082 vero-

597 2116 1189 2177 innumerabilibu8.‘
1937 2114 2138 2171 nensis
2185 2113 2396 2171 civitas
2441 2113 2628 2172 tantis
2678 2113 2753 2171 ab
2801 2131 2870 2172 eo
2919 2112 3219 2171 beneficiis

1938 2202 2147 2260 affecta
2179 2205 2240 2259 et
2269 2203 2443 2279 grata
2474 2220 2655 2260 aeneo
2683 2201 2999 2260 simulacro
3016 2201 3218 2259 laudi-

694 2295 925 2356 262.1n
939 2294 1212 2370 theoloyia
1222 2290 1573 2369 pastoraliss)
1595 2290 1755 2350 haud
1777 2291 1881 2348 ob·
1940 2291 2171 2365 busque
2190 2290 2375 2348 inciso
2395 2309 2685 2349 marmore
2704 2289 2993 2366 expressis
3012 2292 3218 2349 tantae

599 2401 837 2442 scurum
862 2386 956 2442 est
973 2400 1190 2441 nomen
1224 2380 1547 2458 Augustini
1582 2379 1881 2439 Valerii
1939 2379 2183 2437 virtutis
2214 2396 2280 2436 ac
2309 2378 2653 2455 vigilantiae
2682 2379 3016 2455 praesulem
3060 2379 3220 2453 pub-

602 2466 886 2553 (Valiero)
919 2471 1128 2530 Veneti
1165 2467 1248 2551 (n.
1288 2480 1339 2531 7.
1373 2472 1515 2544 Apr.
1544 2464 1758 2550 1531),
1785 2468 1881 2526 cui
1939 2469 2053 2526 lico
2086 2468 2322 2526 decreto
2353 2466 2629 2526 decorare
2661 2467 3055 2530 constituerit.
3103 2467 3220 2525 Sed

604 2563 846 2621 senatus
882 2578 1100 2620 munus
1144 2558 1389 2617 docendi
1433 2557 1879 2634 philosophiam,
1938 2561 2000 2616 et
2018 2556 2332 2616 academici
2352 2556 2762 2633 philarmonici
2786 2553 3066 2640 (quorum
3087 2556 3218 2632 ipse

601 2650 742 2708 licet
771 2649 871 2707 vix
907 2658 983 2711 27
1020 2651 1361 2707 numeraret
1391 2664 1594 2717 ann08,
1629 2646 1885 2705 contulit
1939 2650 2226 2723 patronus
2242 2646 2493 2716 exstitit,
2510 2665 2833 2722 eorumque
2848 2646 3221 2705 dissertatio-

603 2735 847 2816 (1558).
897 2737 946 2795 A
994 2737 1100 2794 Pio
1131 2736 1227 2795 IV.
1273 2739 1629 2810 procurante
1676 2735 1883 2794 Carolo
1938 2736 2117 2795 nibus
2162 2734 2439 2793 interfuit
2480 2753 2547 2794 ac
2591 2735 2756 2805 favit,
2804 2735 2868 2793 in
2905 2735 3126 2810 quibus
3157 2738 3221 2793 et

603 2825 1082 2894 Borromae0,0ui
1103 2824 1552 2899 acceptissimus
1573 2823 1691 2882 fuit
1706 2842 1882 2899 prop·
1938 2825 2066 2899 ipse
2117 2824 2336 2899 primas
2381 2826 2580 2899 partes
2635 2824 2851 2892 tenuit,
2903 2824 2966 2881 in
3014 2842 3223 2882 eorum

602 2917 695 2971 ter
724 2932 916 2972 mores
950 2913 1436 2990 castigatissimos
1469 2931 1884 2988 summamque
1940 2912 2350 2989 congressibus
2369 2930 2401 2970 e
2421 2912 2713 2971 ditissimo
2731 2912 3072 2971 reconditae
3091 2930 3224 2971 eru·

606 3002 762 3061 vitae
793 3000 1219 3077 integritatem,
1254 3002 1563 3079 episcopus
1593 3020 1881 3060 veronen·
1940 3002 2248 3061 ditioninis
2268 3018 2409 3059 suae
2427 3001 2833 3077 promptuario
2853 3000 2917 3059 in
2939 3004 3222 3076 promptu

604 3090 687 3149 sis
719 3090 859 3167 eligi
893 3092 1112 3149 meruit
1144 3086 1386 3172 (1565).
1407 3090 1554 3166 Ejus
1573 3091 1637 3148 in
1657 3091 1882 3165 episco-
1941 3094 2000 3148 et
2030 3110 2062 3149 e
2095 3109 2160 3149 re
2189 3091 2333 3148 nata
2380 3087 2753 3169 depromens)
2807 3089 3103 3149 viventem
3154 3107 3223 3148 ac

603 3183 753 3256 patu
796 3179 1095 3255 praeclare
1140 3181 1309 3257 gesta
1356 3180 1517 3238 hisce
1560 3179 1683 3238 fere
1727 3197 1884 3237 com·
1939 3181 2244 3238 mortuum
2314 3179 2562 3237 summis
2624 3178 2904 3237 laudibus
2965 3178 3222 3237 celebra-

602 3268 891 3344 plectitur
936 3268 1134 3327 verbis
1185 3268 1450 3328 Andreas
1498 3268 1884 3327 Victorel-
1940 3270 2143 3326 runt.‘
2198 3266 2489 3325 Dioecesis
2539 3285 2675 3325 vero
2729 3285 2869 3326 suae
2918 3271 2980 3325 et
3022 3267 3222 3344 gregis

603 3353 824 3437 lus⁴):
873 3358 1095 3427 ,Plura
1140 3361 1281 3416 sunt
1325 3358 1564 3435 egregia
1606 3356 1883 3425 facinora,
1944 3356 2219 3415 dominici
2254 3356 2437 3414 saluti
2468 3355 2763 3415 indefesso
2809 3355 3007 3415 studio
3068 3355 3224 3414 invi-

1941 3445 2136 3522 gilans
2180 3444 2472 3521 synodum
2517 3444 2835 3519 quotannis
2880 3444 3108 3514 habuit,
3159 3445 3225 3502 in

682 3590 715 3647 ¹)
745 3582 827 3635 Cf.
855 3581 1150 3635 Armellini
1177 3580 1445 3633 Biblioth.
1475 3578 1667 3648 script.
1696 3595 1885 3648 congr.
1942 3553 2061 3635 qua
2107 3534 2396 3609 parochos
2443 3532 2517 3590 ad
2576 3551 2797 3591 munus
2859 3533 3224 3633 smel-§iotam

604 3654 772 3707 casin·
804 3654 843 3718 Ι,
871 3657 1000 3711 191ς
1029 3652 1232 3706 Gillow
1263 3651 1327 3715 v,
1353 3654 1474 3707 481.
1941 3626 2055 3681 nte
2088 3626 2411 3697 sancteque
2457 3621 2799 3680 obeundum
2831 3641 2936 3697 per
2963 3630 3225 3697 serpsum

676 3733 717 3790 2)
746 3724 804 3779 L.
832 3740 877 3776 c.
905 3741 961 3791 p.
987 3727 1020 3778 2
1048 3740 1093 3775 c.
1121 3727 1149 3778 1
1179 3725 1309 3776 sect.
1335 3726 1371 3777 4
1397 3738 1451 3789 p.
1480 3725 1599 3778 183.
1942 3715 2004 3770 et
2036 3712 2212 3770 verbo
2246 3714 2306 3769 et
2338 3710 2604 3785 exemplo
2635 3710 2915 3769 erudivit.
2964 3710 3222 3770 Nosoco-

677 3798 718 3865 ³)
749 3793 1258 3847 praetermittimus
1297 3792 1526 3845 Petrum
1554 3792 1834 3845 Milhar
1853 3791 1888 3845 d
1947 3800 2062 3859 mig
2094 3800 2166 3857 ad
2200 3800 2504 3876 egentium
2538 3802 2599 3857 et
2630 3799 3048 3874 languentium
3080 3800 3225 3858 gub-

603 3864 669 3921 O·
713 3866 763 3919 S·
811 3864 941 3916 ΒΘΗ·
989 3880 1234 3946 pr¹⁰¹sem
1280 3880 1321 3917 ⁸·
1369 3862 1509 3915 Do‘h
1548 3881 1606 3915 ¹¹³
1648 3862 1889 3948 dmee‘fffl
1946 3888 2161 3947 sidium
2208 3888 2445 3962 aliaque
2489 3888 2590 3962 pia
2634 3887 2763 3946 loca
2807 3906 2914 3946 suo
2959 3906 3091 3946 aere
3134 3888 3229 3946 in·

602 3939 891 3998 auxitana,
937 3952 1004 3988 ex
1049 3951 1212 4003 cujus
1239 3950 1328 4002 op.
1358 3938 1442 3988 La
1481 3936 1688 4001 ‚orande
1728 3938 1889 4001 yuade

603 4010 693 4059 des
709 4024 881 4067 eumz,
904 4005 1138 4059 vioaireg
1167 4008 1225 4059 et
1239 4003 1888 4071 conf33331us‚L„gduni
1945 3978 2162 4035 stituit.
2199 3975 2391 4045 Quare
2423 3977 2575 4034 tanti
2608 3976 2903 4051 praesulis
2942 3976 3229 4035 virtutem

610 4080 774 4135 1604:
839 4081 1008 4133 1617:
1073 4075 1374 4145 Rotomagi
1426 4079 1582 4137 1613.
1635 4075 1889 4128 Sorbona
1945 4065 2261 4142 Gregorius
2294 4063 2452 4123 XIII.
2486 4064 2923 4124 oculatissimus
2952 4064 3229 4140 princeps

605 4147 1019 4217 propositiones
1045 4148 1265 4214 aliquot
1280 4163 1514 4200 censura.
1533 4144 1738 4216 dignas
1765 4162 1888 4199 cen·
1945 4156 2315 4230 perspectum
2347 4154 2589 4224 habens,
2630 4153 2827 4228 ipsum
2873 4156 2944 4212 ut
2986 4153 3228 4211 Dalma-

605 4217 888 4356 ffliffess‘lffl
892 4223 1043 4347 1345
1029 4219 1086 4329 {f
1092 4217 1443 4345 ssffrgentffi
1463 4217 1529 4280 Μ’
1556 4221 1606 4281 2’
1624 4220 1887 4287 115'*175
1945 4246 2143 4300 tarum
2175 4261 2366 4301 mores
2386 4242 2708 4319 corrigeret
2728 4261 2792 4299 ac
2815 4242 3231 4301 labefactatam

677 4364 718 4415 τ.
747 4361 1106 4416 mumma.
1125 4357 1451 4411 Tiraboschi
1471 4357 1708 4426 V11,p.1
1728 4363 1888 4414 247:
1949 4332 2011 4389 in
2044 4350 2110 4389 ΕΒ
2140 4331 2443 4406 provincia
2474 4330 2936 4390 ecelesiasticam
2969 4331 3230 4408 discipli-

605 4430 651 4483 Il
685 4432 902 4484 Valiero
944 4432 1006 4485 fu
1047 4446 1160 4484 uno
1202 4428 1395 4496 de'piu
1437 4428 1546 4479 rari
1588 4428 1803 4482 nomini
1833 4429 1887 4481 di

606 4506 805 4567 questo
833 4502 1030 4565 secolo,
1059 4518 1090 4553 o
1119 4501 1164 4553 si
1192 4498 1472 4553 consideri
1496 4499 1550 4551 la
1568 4499 1889 4570 molteplice

605 4572 939 4634 erudizione‚
979 4571 1036 4624 di
1078 4572 1166 4624 cui
1206 4572 1266 4624 fu
1305 4570 1530 4633 fomite,
1571 4588 1600 4624 e
1639 4570 1889 4623 l'instan·
1947 4571 2856 4641 plenderemirabilmente,degno
2874 4570 3062 4640 percio
3079 4570 3232 4623 della

605 4642 783 4695 cabile
811 4641 1196 4710 applicazione
1222 4641 1331 4694 alle
1352 4641 1567 4703 lettere,
1596 4658 1627 4694 o
1655 4643 1700 4694 si
1721 4641 1889 4695 abbia
1946 4643 2113 4696 etima
2140 4660 2168 4696 e
2197 4643 2341 4697 delle
2368 4642 2486 4696 lodi
2533 4644 2591 4696 di
2634 4643 2769 4698 tutti
2799 4644 2816 4695 i
2862 4641 3036 4697 buoni
3061 4658 3091 4695 e
3118 4641 3232 4695 sin·

605 4712 872 4777 riguardo
898 4712 950 4765 al
981 4730 1172 4775 senn0,
1220 4713 1333 4766 alla
1376 4712 1598 4779 probita
1623 4729 1654 4766 e
1679 4730 1712 4765 a
1739 4715 1889 4766 tutte
1945 4713 2400 4785 golarmenteclel
2412 4730 2551 4782 gran
2582 4713 2742 4769 Card.
2768 4714 2821 4769 S.
2838 4713 2895 4774 C.
2912 4713 3233 4779 Borromeo,

604 4783 656 4835 le
685 4784 783 4851 piu
809 4782 952 4836 belle
979 4783 1146 4848 virtu,
1186 4785 1288 4836 che
1317 4783 1376 4835 in
1404 4783 1481 4835 lui
1523 4784 1568 4836 si
1610 4784 1768 4838 vider
1794 4785 1890 4837 ris·
1946 4786 2044 4839 che
2070 4785 2149 4855 gli
2176 4787 2237 4837 fu
2262 4784 2616 4845 amicissimo,
