3625 5193
588 242 709 295 7⁸¹7
1002 229 1372 301 1621-1640.
1401 225 1739 293 Interpretes
1766 241 1807 278 s.
1837 224 2154 295 Scripturae
2181 225 2240 278 in
2268 223 2484 295 Belgio.
2513 228 2561 277 A
2586 224 2816 295 Lapide,
3089 243 3222 296 783

679 421 822 475 331.
868 412 1232 470 Notissimus
1261 429 1403 471 vero
1448 414 1538 470 est
1569 411 1876 471 Cornelius
1931 415 2024 471 ter
2069 412 2188 470 alia
2233 432 2301 470 ex
2333 411 2551 482 verbis,
2601 411 2822 486 quibus
2855 417 3214 471 commenta-

585 521 620 559 a
650 500 942 577 Lapide
975 498 1115 579 (van
1147 500 1261 559 den
1296 496 1495 579 Steen)
1530 500 1584 558 S.
1606 499 1661 559 J.
1683 500 1874 577 patria
1928 500 2087 560 rium
2118 502 2179 559 in
2214 504 2472 577 quatuor
2494 501 2816 576 prophetas
2837 500 3085 575 majores
3108 501 3221 559 ab·

583 590 783 650 Eburo
814 589 1258 649 Bucholdianus
1287 584 1745 669 (Bocholt),'qui
1778 607 1871 647 sa·
1928 590 2132 650 solvit:
2182 590 2271 659 ,O
2320 591 2645 667 prophetae
2687 589 2943 659 Domini,
2990 589 3219 649 fecistis

583 697 738 737 cram
794 679 1060 755 linguam
1118 682 1179 737 et
1224 678 1455 738 divinas
1506 679 1711 737 literas
1755 679 1872 737 Lo-
1929 698 2024 739 me
2084 679 2434 756 prophetiae
2495 681 2729 737 vestrae
2789 680 2851 738 et
2899 677 3222 738 doctoralis

585 768 748 827 vanii
789 769 927 844 plus
974 788 1022 826 a.
1060 776 1140 830 29
1175 768 1413 843 publice
1455 767 1677 837 docuit,
1712 768 1871 827 unde
1927 770 2166 828 laureae
2214 768 2594 846 participem3
2640 767 2834 836 facite,
2869 786 3107 843 quaeso,
3153 772 3215 826 et

583 858 826 916 Romam
871 858 1191 916 accersitus
1238 856 1475 916 easdem
1522 857 1607 915 ibi
1641 875 1871 916 summa
1930 858 2222 935 martyrii,
2268 862 2339 917 ut
2370 861 2432 917 et
2461 874 2569 934 ego
2601 856 2932 926 veritatem,
2968 875 3145 931 quam
3179 876 3222 915 a

582 964 716 1005 cum
749 946 1088 1005 celebritate
1119 946 1378 1006 nominis
1409 947 1744 1022 complures
1765 965 1870 1004 an·
1927 948 2094 1007 vobis
2156 947 2345 1019 hausi,
2397 946 2664 1022 aliosque
2726 944 2903 1004 docui
2964 947 3025 1004 et
3075 964 3210 1006 con-

583 1053 690 1094 nos
722 1035 1150 1111 interpretatus
1197 1038 1306 1106 est,
1339 1035 1524 1095 donec
1556 1035 1869 1095 cathedrae
1924 1037 2152 1114 scripsi,
2197 1036 2489 1114 sanguine
2535 1053 2663 1094 meo
2710 1034 3033 1111 obsignem.
3091 1034 3219 1094 Nec

582 1123 938 1185 renuncians
1003 1127 1200 1183 totum
1253 1142 1315 1182 se
1360 1124 1434 1183 ad
1481 1124 1864 1200 scriptionem
1925 1126 2083 1185 enim
2130 1130 2268 1184 aute
2314 1124 2614 1201 perfectus
2657 1127 2718 1182 et
2762 1128 3209 1183 consummatus

581 1213 890 1277 convertit.
939 1212 1067 1283 Quo
1099 1222 1366 1289 tempore
1396 1213 1571 1289 quale
1589 1214 1866 1273 institue·
1923 1216 2042 1275 erit
2085 1216 2426 1275 doctoratus
2471 1232 2658 1285 meuS,
2705 1212 2820 1271 nisi
2867 1213 2975 1271 hoc
3016 1212 3216 1289 sigillo

581 1302 662 1360 rit
693 1302 849 1361 vitae
868 1321 1076 1379 genus,
1110 1301 1297 1361 nullis
1328 1303 1525 1378 aptius
1558 1322 1739 1378 quam
1769 1302 1866 1379 ip·
1923 1304 2148 1380 pariter
2192 1303 2523 1363 claudatur.
2581 1305 2633 1361 A
2682 1311 2761 1365 30
2808 1319 2991 1376 prope
3037 1302 3207 1360 annis

581 1391 829 1449 siusmet
889 1392 1085 1452 verbis
1148 1390 1565 1451 describemus.
1631 1392 1866 1461 ,Hosce
1920 1394 2225 1454 vobiscum
2256 1396 2317 1452 et
2337 1411 2442 1468 pro
2464 1392 2630 1451 vobis
2650 1390 2863 1449 lubens
2882 1390 3213 1466 volensque

579 1497 742 1538 meos
790 1480 1016 1539 labores
1078 1481 1139 1538 et
1186 1478 1439 1551 fruetus,
1492 1480 1691 1555 inquit
1738 1482 1865 1557 ipse
1921 1482 2274 1545 continuum
2308 1482 2490 1541 subeo
2522 1480 2872 1557 martyrium
2894 1479 3211 1557 religiosae

580 1568 767 1626 Deum
798 1569 1124 1645 alloquens,
1160 1570 1358 1628 omnia
1383 1568 1597 1638 studia,
1632 1588 1864 1629 omnem
1921 1572 2080 1631 vitae
2111 1570 2546 1647 etmartyrium
2568 1568 3031 1646 aegritudinum,
3053 1588 3209 1627 mar-

580 1655 925 1729 doctrinam,
1004 1675 1236 1717 omnem
1307 1659 1862 1719 commentationem
1920 1661 2142 1737 tyrium
2190 1660 2530 1723 studiorum
2573 1664 2638 1720 ⁴et
2682 1657 3050 1734 scriptionis;
3098 1657 3211 1715 im·

579 1749 717 1804 tuae
748 1746 991 1823 gloriae,
1025 1765 1059 1805 o
1093 1752 1468 1806 sacrosancta
1498 1747 1758 1809 Trinitas
1803 1752 1866 1808 et
1920 1752 2169 1826 petrate,
2204 1750 2459 1817 obsecro,
2507 1747 2654 1806 mihi
2699 1764 2808 1822 pro
2840 1746 3117 1805 coronide
3147 1750 3208 1803 et

575 1834 736 1892 trina
780 1836 1001 1903 unitae,
1044 1836 1395 1906 consecravi,
1429 1836 1760 1912 optavique,
1795 1841 1866 1897 ut
1919 1842 2202 1913 quartum
2222 1838 2574 1915 martyrium
2593 1834 2920 1913 sanguinis,
2950 1834 3211 1895 Exhausi

577 1925 767 1983 omnis
797 1942 928 1983 mea
958 1924 1128 1991 actio,
1163 1925 1355 1984 omnis
1376 1925 1593 2001 passio,
1616 1928 1864 2001 totaque
1921 1946 2026 2004 pro
2059 1927 2226 1986 vobis
2268 1928 2519 2004 spiritus
2553 1926 2763 1984 vitales
2804 1927 2865 1983 et
2898 1924 3199 1993 animales,

575 2013 697 2071 vita
717 2032 835 2072 non
851 2018 1009 2072 esset
1028 2013 1211 2083 aliud,
1229 2033 1408 2089 quam
1427 2015 1711 2074 continua
1729 2018 1864 2075 laus
1918 2017 2260 2075 exhauriam
2292 2019 2355 2074 et
2386 2015 2758 2092 sanguinem.
2805 2013 3009 2073 Omnis
3040 2013 3204 2071 labo-

575 2105 701 2160 tua.
751 2101 840 2161 Tu
886 2102 1073 2160 menti
1120 2122 1283 2162 meae
1326 2103 1399 2162 ab
1432 2104 1572 2162 olim
1603 2107 1664 2163 te
1694 2125 1861 2164 reve·
1918 2104 2002 2163 ris
2049 2105 2165 2164 mei
2207 2124 2312 2182 per
2357 2108 2451 2163 tot
2495 2121 2682 2164 annos
2733 2101 3039 2169 exantlati,
3086 2120 3210 2177 quo

575 2190 737 2259 lasti,
772 2195 842 2250 ut
872 2195 933 2250 te
964 2210 1153 2250 unum
1186 2193 1557 2252 aestimarem
1584 2199 1648 2254 et
1679 2213 1861 2271 quae·
1920 2213 2023 2252 vos
2071 2195 2175 2253 Dei
2236 2194 2430 2271 gratia
2474 2192 2741 2268 explicui,
2793 2190 3095 2249 illustravi
3145 2194 3209 2249 et

572 2298 779 2351 rerem,
815 2285 1010 2339 cetera
1041 2280 1238 2338 omnia
1256 2281 1420 2340 velut
1445 2282 1636 2352 exilia,
1659 2283 1863 2344 inania
1918 2301 2069 2342 novo
2101 2302 2368 2342 sermone
2400 2283 2711 2358 loquentes
2744 2284 2806 2339 et
2837 2279 3210 2355 prophetan-

573 2372 633 2427 et
665 2368 900 2445 fugacia
931 2370 1094 2428 flocci
1127 2369 1401 2429 ducerem
1430 2374 1491 2429 et
1511 2371 1862 2438 sa·tidirem,
1917 2376 2008 2433 tes
2029 2372 2192 2431 effeci
2222 2390 2289 2431 ac
2308 2371 2615 2431 vobiscum
2637 2370 2809 2445 quasi
2830 2369 3207 2445 prophetavi,

575 2455 854 2524 Quocirca
888 2458 1057 2516 aulas
1090 2462 1151 2516 et
1169 2478 1301 2516 oras
1322 2458 1518 2536 fugio:
1554 2461 1859 2522 silentium
1919 2465 2188 2521 vestrum
2232 2461 2378 2519 mihi
2417 2459 2588 2537 quasi
2620 2460 2943 2535 prophetae
2976 2458 3208 2534 stipen-

573 2551 630 2605 et
684 2563 971 2606 secessum
1032 2547 1176 2606 mihi
1225 2549 1558 2624 jucundum
1611 2550 1861 2626 aliisque
1916 2550 2099 2622 dium,
2133 2550 2487 2628 martyrium
2535 2549 2682 2618 dico,
2731 2569 2764 2606 a
2806 2549 2980 2608 Patre
3029 2547 3209 2606 lumi·

572 2653 689 2693 non
743 2636 1018 2694 inutilem
1068 2655 1281 2711 sequor
1333 2656 1465 2696 cum
1518 2658 1560 2697 s.
1612 2640 1855 2711 Basilio,
1915 2659 2059 2698 num
2112 2659 2297 2714 aeque
2342 2659 2409 2698 ac
2459 2638 2917 2697 misericordiam
2971 2636 3205 2695 obtine·

572 2724 870 2800 GregoriO,
926 2725 1301 2799 Hieronymo.
1365 2727 1536 2802 cujus
1592 2732 1858 2787 sanctam
1913 2732 2033 2787 te.‘
2084 2730 2214 2787 Mox
2249 2747 2311 2787 se
2343 2729 2417 2786 ad
2451 2730 2514 2786 B.
2546 2727 2850 2804 Virginem
2882 2725 3093 2784 deinde
3125 2725 3199 2783 ad

573 2812 875 2870 Bethleem
923 2813 997 2870 ab
1038 2815 1201 2871 eoin
1233 2814 1571 2874 Palaestina
1605 2818 1858 2876 sollicite
1913 2818 2112 2893 ipsum
2146 2817 2512 2877 Salvatorem
2559 2821 2908 2875 convertens
2952 2815 3196 2874 eandem

572 2901 901 2973 quaesitam
933 2920 1042 2977 ego
1063 2902 1277 2960 Romae
1309 2903 1527 2962 inveni.
1578 2906 1731 2965 Olim
1755 2908 1857 2981 ju·
1912 2907 2168 2982 gratiam
2200 2907 2366 2965 enixe
2391 2906 2696 2982 efflagitat.
2731 2905 2839 2963 His
2859 2904 2959 2963 ille
2981 2903 3203 2962 studiis

570 2989 705 3046 nior
722 2989 1140 3065 egiMartham,
1161 3009 1320 3050 nunc
1343 2993 1406 3051 in
1427 2993 1856 3054 devexaaetate
1913 2996 2339 3055 sanctimoniae
2385 2996 2653 3054 intentus
2701 2993 3023 3069 piissimam
3060 2993 3200 3051 reli-

570 3077 758 3153 magis
789 3078 1199 3155 magdalenam
1233 3101 1344 3158 ago
1376 3087 1438 3141 et
1469 3083 1696 3152 adamo,
1731 3104 1853 3142 me·
1911 3084 2429 3160 giosissimamque
2462 3085 2647 3143 vitam
2680 3085 2880 3142 sancto
2901 3081 3015 3140 fine
3035 3082 3201 3140 clau·

569 3184 698 3224 mor
728 3166 1013 3226 instantis
1036 3170 1428 3234 aeternitatis,
1463 3172 1654 3232 Cellae
1676 3170 1854 3252 (quae
1911 3172 1990 3230 sit
2014 3174 2296 3236 12.Mart.
2322 3184 2506 3237 1637.
2540 3173 2841 3249 Integram
2864 3172 2980 3229 fere
2999 3171 3201 3246 Scrip-

568 3255 711 3314 mihi
755 3257 886 3327 fida,
923 3259 1138 3339 amica,
1186 3262 1314 3318 tota
1355 3265 1513 3319 terra
1545 3262 1733 3321 carior
1764 3266 1856 3320 est
1908 3265 2108 3320 turam
2155 3263 2414 3339 exceptis
2448 3261 2733 3320 Psalterio
2779 3263 2839 3318 et
2882 3261 2920 3317 l.
2954 3259 3070 3318 Job
3103 3260 3202 3317 in·

568 3344 830 3420 adeoque
878 3348 1106 3405 coelum
1152 3352 1436 3408 terrestre
1481 3347 1743 3431 videtur)
1792 3355 1854 3409 et
1908 3354 2276 3425 terpretatus
2327 3357 2436 3422 est,
2490 3351 2739 3427 ejusque
2787 3348 3197 3407 commentarii

569 3434 790 3493 silentii
838 3435 1026 3495 solius
1073 3455 1206 3495 sum
1238 3438 1457 3508 incola;
1493 3440 1759 3498 cellicola
1793 3442 1855 3499 et
1909 3439 1972 3498 in
2014 3441 2280 3517 singulos
2320 3441 2518 3510 libros,
2554 3440 2773 3514 quibus
2806 3456 2978 3512 saepe
3011 3437 3191 3495 utiles

567 3523 715 3580 sacri
749 3523 939 3582 musei
972 3526 1212 3595 assecla,
1247 3528 1525 3586 coelicola
1556 3546 1682 3588 esse
1714 3547 1852 3588 con-
1906 3530 2240 3604 praemittit
2255 3528 2766 3604 interpretationis
2781 3543 3193 3594 canoneS,sae-

566 3612 762 3680 tendo,
798 3617 1036 3672 sanctae
1076 3617 1616 3692 contemplationis,
1648 3619 1851 3676 lectio·
1907 3618 2151 3692 pissime
2214 3619 2575 3694 prodierunt,
2637 3615 2948 3690 aliquoties
3012 3613 3190 3670 etiam

564 3701 676 3768 nis,
727 3702 1070 3776 scriptionis
1120 3704 1329 3774 otium,
1378 3707 1496 3763 imo
1541 3708 1847 3782 negotium
1908 3706 2155 3775 collecti,
2193 3707 2570 3782 Antwerpiae
2610 3714 2764 3768 1681
2821 3723 2872 3761 v.
2913 3713 2986 3766 10
3040 3701 3104 3758 in
3152 3701 3199 3758 f.

565 3807 907 3863 persequor.
956 3791 1073 3848 Deo
1106 3793 1209 3849 uni
1241 3797 1302 3850 et
1342 3795 1518 3862 trine,
1554 3797 1682 3865 eius
1717 3815 1848 3854 ora·
1912 3793 2080 3875 (baec
2100 3796 2280 3855 editio
2302 3789 2675 3873 aestimatur)
2697 3816 2710 3864 ;
2731 3792 2993 3851 Venetiis
3024 3799 3196 3854 1708

565 3877 713 3934 culis
780 3883 842 3934 et
915 3879 1407 3953 inspirationibus
1471 3884 1846 3958 excipiendis,
1911 3904 1963 3941 v.
2006 3894 2115 3953 163
2158 3895 2322 3949 1740
2359 3904 2411 3943 v.
2451 3895 2562 3953 11;
2613 3881 2983 3957 Antwerpiae
3027 3889 3191 3941 1714

565 3965 939 4030 meditandis,
1005 3967 1373 4026 celebrandis
1426 3971 1720 4040 incumb0‚
1775 3973 1848 4030 ad
1909 3993 1962 4031 v.
2010 3984 2070 4035 11
2101 3995 2113 4043 ;
2148 3974 2419 4033 Coloniae
2461 3982 2620 4035 1732
2657 3991 2711 4030 v.
2739 3982 2851 4038 11;
2885 3971 3066 4028 etiam
3098 3985 3189 4025 re-

565 4052 778 4108 Christi
812 4052 988 4127 pedes
1020 4055 1208 4122 sedeo,
1242 4062 1313 4114 ut
1343 4058 1534 4117 abore
1555 4061 1684 4135 ejus
1703 4079 1848 4135 pen·
1904 4063 2156 4120 centiori
2204 4058 2479 4143 aetate¹)‚
2513 4066 2583 4120 ut
2613 4059 2892 4136 Lugduni
2932 4066 3097 4122 1840
3135 4077 3195 4114 v,

563 4138 743 4196 dulus
777 4141 957 4198 verba
979 4142 1134 4201 vitae
1156 4144 1444 4218 hauriam,
1467 4166 1619 4222 quae
1638 4149 1848 4207 deinde
1911 4162 1979 4212 ll
2024 4150 2086 4208 in
2136 4160 2204 4217 4:
2253 4152 2488 4209 Melitae
2543 4156 2971 4212 1843—1856
3018 4165 3069 4204 v.
3112 4157 3191 4208 10

563 4227 624 4283 in
646 4226 792 4286 alios
813 4230 1108 4288 effundam
1127 4228 1235 4315 ¹).‘
1260 4233 1550 4295 Omnibus
1570 4238 1726 4296 votis
1748 4258 1846 4296 ex·
1903 4240 1967 4297 in
2001 4248 2058 4300 4.
2098 4238 2266 4319 (haec
2298 4239 2481 4297 editio
2515 4237 2931 4313 complectitur
2963 4234 3198 4294 Pine-

563 4317 811 4390 optabat
840 4320 1320 4396 martyrium‚.ut
1368 4325 1708 4404 colligimus
1755 4328 1846 4385 in·
1903 4328 1937 4385 d
1958 4347 2038 4386 ae
2069 4328 2553 4386 commentarium
2575 4326 2639 4383 in
2659 4324 2775 4384 Job
2795 4329 2857 4383 et
2888 4324 3186 4383 Bellar·

1902 4416 2092 4475 mini
2135 4417 2200 4475 in
2246 4411 2566 4497 Psalmos);
2620 4414 2856 4473 Parisiis
2913 4423 3075 4477 1855
3132 4430 3192 4470 v.

1904 4515 1983 4568 20
2033 4504 2093 4563 in
2132 4516 2202 4574 4;
2250 4505 2493 4581 Neapoli
2536 4511 2966 4567 1854-1860
3013 4520 3063 4562 v.
3110 4509 3191 4563 18

561 4558 1702 4700 v,-ifuffiugflfil-,g,efflfezvgfflgss'ffjcffig‘n{123
1721 4569 1845 4693 {5³25
1901 4594 1964 4651 in
1999 4605 2054 4655 4.
2090 4591 2250 4672 (cum
2283 4595 2501 4653 Pineda
2534 4599 2593 4651 et
2625 4594 2702 4651 Le
2724 4594 2907 4651 Blanc
2936 4591 3000 4648 in
3020 4588 3191 4646 Psal-

559 4705 632 4754 πίε
659 4704 996 4771 Hister-eques
1021 4704 1096 4758 du
1125 4705 1183 4759 P.
1214 4707 1588 4773 Terwecoren‚
1617 4707 1845 4763 Bruxel-

560 4771 632 4824 lis
661 4776 815 4837 1857,
842 4778 1155 4846 610—614;
1184 4782 1486 4834 631-645.
1867 4767 1875 4828 1
1979 4784 2015 4855 ¹)
2043 4781 2125 4837 Cf.
2153 4782 2569 4851 Sommervogel
2596 4781 2691 4844 lv,
2720 4781 3016 4839 1511—26.
