<?xml version="1.0" encoding="UTF-8"?>
<!DOCTYPE html PUBLIC "-//W3C//DTD XHTML 1.0 Transitional//EN"
    "http://www.w3.org/TR/xhtml1/DTD/xhtml1-transitional.dtd">
<html xmlns="http://www.w3.org/1999/xhtml" xml:lang="en" lang="en">
 <head>
  <title>
</title>
<meta http-equiv="Content-Type" content="text/html;charset=utf-8" />
  <meta name='ocr-system' content='tesseract 3.04.00' />
  <meta name='ocr-capabilities' content='ocr_page ocr_carea ocr_par ocr_line ocrx_word'/>
</head>
<body>
  <div class='ocr_page' id='page_1' title='image "./nomenclatorlite11hurtgoog_0180.png"; bbox 0 0 3625 5193; ppageno 0'>
   <div class='ocr_carea' id='block_1_1' title="bbox 556 206 3164 280">
    <p class='ocr_par' dir='ltr' id='par_1_1' title="bbox 556 206 3164 280">
     <span class='ocr_line' id='line_1_1' title="bbox 556 206 3164 280; baseline -0.003 -14"><span class='ocrx_word' id='word_1_1' title='bbox 556 227 680 280; x_wconf 84' lang='lat'><strong>343</strong></span> <span class='ocrx_word' id='word_1_2' title='bbox 795 211 1163 266; x_wconf 86' lang='lat'><strong>1581—1600.</strong></span> <span class='ocrx_word' id='word_1_3' title='bbox 1192 207 1224 261; x_wconf 87' lang='lat' dir='ltr'>J</span> <span class='ocrx_word' id='word_1_4' title='bbox 1230 225 1296 261; x_wconf 85' lang='lat' dir='ltr'><strong>us</strong></span> <span class='ocrx_word' id='word_1_5' title='bbox 1311 207 1648 262; x_wconf 86' lang='lat' dir='ltr'><strong>canonicum</strong></span> <span class='ocrx_word' id='word_1_6' title='bbox 1666 209 1725 262; x_wconf 91' lang='lat' dir='ltr'><strong>in</strong></span> <span class='ocrx_word' id='word_1_7' title='bbox 1745 208 1810 261; x_wconf 87' lang='lat' dir='ltr'><strong>lt.</strong></span> <span class='ocrx_word' id='word_1_8' title='bbox 1827 211 1885 260; x_wconf 88' lang='lat' dir='ltr'><strong>et</strong></span> <span class='ocrx_word' id='word_1_9' title='bbox 1900 207 2061 278; x_wconf 84' lang='lat' dir='ltr'><strong>Hisp.</strong></span> <span class='ocrx_word' id='word_1_10' title='bbox 2079 207 2372 271; x_wconf 81' lang='lat' dir='ltr'>Columna,</span> <span class='ocrx_word' id='word_1_11' title='bbox 2387 207 2515 265; x_wconf 89' lang='lat' dir='ltr'><strong>Did.</strong></span> <span class='ocrx_word' id='word_1_12' title='bbox 2535 207 2603 261; x_wconf 85' lang='lat' dir='ltr'><strong>de</strong></span> <span class='ocrx_word' id='word_1_13' title='bbox 2619 206 2926 273; x_wconf 82' lang='lat' dir='ltr'><strong>Simancae,</strong></span> <span class='ocrx_word' id='word_1_14' title='bbox 3041 225 3164 278; x_wconf 82' lang='lat'><strong>344</strong></span> 
     </span>
    </p>
   </div>
   <div class='ocr_carea' id='block_1_2' title="bbox 550 392 3178 2337">
    <p class='ocr_par' dir='ltr' id='par_1_2' title="bbox 550 392 3178 2337">
     <span class='ocr_line' id='line_1_2' title="bbox 550 392 3166 470; baseline -0.001 -18"><span class='ocrx_word' id='word_1_15' title='bbox 550 397 931 468; x_wconf 76' lang='lat' dir='ltr'><strong>etsusceptos</strong></span> <span class='ocrx_word' id='word_1_16' title='bbox 945 392 1358 452; x_wconf 86' lang='lat' dir='ltr'><strong>administrare</strong></span> <span class='ocrx_word' id='word_1_17' title='bbox 1372 393 1832 470; x_wconf 90' lang='lat' dir='ltr'><strong>quisqueprohi-</strong></span> <span class='ocrx_word' id='word_1_18' title='bbox 1892 393 2171 453; x_wconf 89' lang='lat' dir='ltr'><strong>dubensis</strong></span> <span class='ocrx_word' id='word_1_19' title='bbox 2216 394 2305 452; x_wconf 81' lang='lat' dir='ltr'><strong>vir</strong></span> <span class='ocrx_word' id='word_1_20' title='bbox 2351 392 2618 452; x_wconf 89' lang='lat' dir='ltr'><strong>omnium</strong></span> <span class='ocrx_word' id='word_1_21' title='bbox 2663 392 2996 468; x_wconf 78' lang='lat' dir='ltr'><strong>aequalium</strong></span> <span class='ocrx_word' id='word_1_22' title='bbox 3029 411 3166 452; x_wconf 89' lang='lat' dir='ltr'><strong>con·</strong></span> 
     </span>
     <span class='ocr_line' id='line_1_3' title="bbox 552 480 3169 558; baseline 0.001 -20"><span class='ocrx_word' id='word_1_23' title='bbox 552 483 745 554; x_wconf 83' lang='lat' dir='ltr'><strong>betur,</strong></span> <span class='ocrx_word' id='word_1_24' title='bbox 780 482 842 540; x_wconf 94' lang='lat' dir='ltr'><strong>ll.</strong></span> <span class='ocrx_word' id='word_1_25' title='bbox 879 492 935 552; x_wconf 88' lang='lat'><strong>5,</strong></span> <span class='ocrx_word' id='word_1_26' title='bbox 968 481 1181 541; x_wconf 87' lang='lat' dir='ltr'><strong>Romae</strong></span> <span class='ocrx_word' id='word_1_27' title='bbox 1225 491 1421 552; x_wconf 86' lang='lat'><strong>1576;</strong></span> <span class='ocrx_word' id='word_1_28' title='bbox 1480 493 1643 546; x_wconf 83' lang='grc'>1619</span> <span class='ocrx_word' id='word_1_29' title='bbox 1679 483 1742 541; x_wconf 91' lang='lat' dir='ltr'><strong>in</strong></span> <span class='ocrx_word' id='word_1_30' title='bbox 1777 493 1832 544; x_wconf 84' lang='lat'><strong>4.</strong></span> <span class='ocrx_word' id='word_1_31' title='bbox 1891 501 2068 541; x_wconf 90' lang='lat' dir='ltr'><strong>sensu</strong></span> <span class='ocrx_word' id='word_1_32' title='bbox 2117 481 2514 552; x_wconf 73' lang='lat' dir='ltr'><strong>doctissimae,</strong></span> <span class='ocrx_word' id='word_1_33' title='bbox 2564 480 2755 540; x_wconf 89' lang='lat' dir='ltr'><strong>divini</strong></span> <span class='ocrx_word' id='word_1_34' title='bbox 2809 481 3169 558; x_wconf 85' lang='lat' dir='ltr'><strong>humanique</strong></span> 
     </span>
     <span class='ocr_line' id='line_1_4' title="bbox 553 568 3169 647; baseline -0 -18"><span class='ocrx_word' id='word_1_35' title='bbox 553 577 659 631; x_wconf 83' lang='lat' dir='ltr'><strong>etc.</strong></span> <span class='ocrx_word' id='word_1_36' title='bbox 710 603 794 614; x_wconf 93' lang='lat'>—</span> <span class='ocrx_word' id='word_1_37' title='bbox 838 571 1133 646; x_wconf 85' lang='lat' dir='ltr'><strong>Josephus</strong></span> <span class='ocrx_word' id='word_1_38' title='bbox 1178 572 1554 630; x_wconf 82' lang='lat' dir='ltr'><strong>Mascardi</strong></span> <span class='ocrx_word' id='word_1_39' title='bbox 1601 572 1831 631; x_wconf 88' lang='lat' dir='ltr'><strong>Sereza·</strong></span> <span class='ocrx_word' id='word_1_40' title='bbox 1882 571 2041 647; x_wconf 87' lang='lat' dir='ltr'><strong>juris</strong></span> <span class='ocrx_word' id='word_1_41' title='bbox 2075 571 2489 647; x_wconf 82' lang='lat' dir='ltr'><strong>peritissimus,</strong></span> <span class='ocrx_word' id='word_1_42' title='bbox 2515 568 2672 646; x_wconf 88' lang='lat' dir='ltr'><strong>juris</strong></span> <span class='ocrx_word' id='word_1_43' title='bbox 2704 570 2895 629; x_wconf 84' lang='lat' dir='ltr'><strong>civilis</strong></span> <span class='ocrx_word' id='word_1_44' title='bbox 2942 571 3169 647; x_wconf 89' lang='lat' dir='ltr'><strong>profes-</strong></span> 
     </span>
     <span class='ocr_line' id='line_1_5' title="bbox 552 655 3167 743; baseline -0.001 -23"><span class='ocrx_word' id='word_1_45' title='bbox 552 662 773 730; x_wconf 90' lang='lat' dir='ltr'><strong>nensis,</strong></span> <span class='ocrx_word' id='word_1_46' title='bbox 807 660 1118 737; x_wconf 90' lang='lat' dir='ltr'><strong>episcopus</strong></span> <span class='ocrx_word' id='word_1_47' title='bbox 1150 661 1454 720; x_wconf 87' lang='lat' dir='ltr'><strong>auxiliaris</strong></span> <span class='ocrx_word' id='word_1_48' title='bbox 1491 661 1834 738; x_wconf 87' lang='lat' dir='ltr'><strong>adjaciensis</strong></span> <span class='ocrx_word' id='word_1_49' title='bbox 1890 677 1989 719; x_wconf 89' lang='lat' dir='ltr'><strong>sor</strong></span> <span class='ocrx_word' id='word_1_50' title='bbox 2019 655 2270 743; x_wconf 88' lang='lat'><strong>(1540).</strong></span> <span class='ocrx_word' id='word_1_51' title='bbox 2320 659 2460 718; x_wconf 87' lang='lat' dir='ltr'><strong>Fuit</strong></span> <span class='ocrx_word' id='word_1_52' title='bbox 2491 659 2749 736; x_wconf 90' lang='lat' dir='ltr'><strong>primum</strong></span> <span class='ocrx_word' id='word_1_53' title='bbox 2781 660 3167 729; x_wconf 83' lang='lat' dir='ltr'><strong>civitatensis,</strong></span> 
     </span>
     <span class='ocr_line' id='line_1_6' title="bbox 556 744 3170 829; baseline -0.001 -19"><span class='ocrx_word' id='word_1_54' title='bbox 556 746 617 829; x_wconf 83' lang='lat'><strong>(†</strong></span> <span class='ocrx_word' id='word_1_55' title='bbox 657 744 866 829; x_wconf 83' lang='lat'>1588),</span> <span class='ocrx_word' id='word_1_56' title='bbox 901 749 1026 825; x_wconf 83' lang='lat' dir='ltr'><strong>agit</strong></span> <span class='ocrx_word' id='word_1_57' title='bbox 1057 768 1164 824; x_wconf 86' lang='lat' dir='ltr'><strong>pro</strong></span> <span class='ocrx_word' id='word_1_58' title='bbox 1197 769 1304 809; x_wconf 89' lang='lat' dir='ltr'><strong>suo</strong></span> <span class='ocrx_word' id='word_1_59' title='bbox 1336 753 1599 826; x_wconf 89' lang='lat' dir='ltr'><strong>tempore</strong></span> <span class='ocrx_word' id='word_1_60' title='bbox 1631 749 1832 809; x_wconf 86' lang='lat' dir='ltr'><strong>admo·</strong></span> <span class='ocrx_word' id='word_1_61' title='bbox 1889 749 2028 807; x_wconf 90' lang='lat' dir='ltr'><strong>dein</strong></span> <span class='ocrx_word' id='word_1_62' title='bbox 2059 748 2240 808; x_wconf 88' lang='lat' dir='ltr'><strong>ferme</strong></span> <span class='ocrx_word' id='word_1_63' title='bbox 2271 768 2377 825; x_wconf 92' lang='lat' dir='ltr'><strong>per</strong></span> <span class='ocrx_word' id='word_1_64' title='bbox 2407 748 2757 808; x_wconf 87' lang='lat' dir='ltr'><strong>decennium</strong></span> <span class='ocrx_word' id='word_1_65' title='bbox 2789 750 3073 825; x_wconf 85' lang='lat' dir='ltr'><strong>pacensis,</strong></span> <span class='ocrx_word' id='word_1_66' title='bbox 3096 748 3170 808; x_wconf 89' lang='lat' dir='ltr'><strong>ad</strong></span> 
     </span>
     <span class='ocr_line' id='line_1_7' title="bbox 553 837 3171 914; baseline -0.001 -16"><span class='ocrx_word' id='word_1_67' title='bbox 553 839 697 898; x_wconf 87' lang='lat' dir='ltr'><strong>dum</strong></span> <span class='ocrx_word' id='word_1_68' title='bbox 728 838 984 914; x_wconf 82' lang='lat' dir='ltr'><strong>practice</strong></span> <span class='ocrx_word' id='word_1_69' title='bbox 1016 839 1085 896; x_wconf 83' lang='lat' dir='ltr'><strong>de</strong></span> <span class='ocrx_word' id='word_1_70' title='bbox 1103 839 1562 914; x_wconf 79' lang='lat' dir='ltr'><strong><em>probationibus,</em></strong></span> <span class='ocrx_word' id='word_1_71' title='bbox 1585 839 1629 897; x_wconf 82' lang='lat' dir='ltr'>F</span> <span class='ocrx_word' id='word_1_72' title='bbox 1631 858 1833 898; x_wconf 90' lang='lat' dir='ltr'><strong>ranco-</strong></span> <span class='ocrx_word' id='word_1_73' title='bbox 1890 838 2173 897; x_wconf 88' lang='lat' dir='ltr'><strong>ultimum</strong></span> <span class='ocrx_word' id='word_1_74' title='bbox 2206 837 2562 897; x_wconf 82' lang='lat' dir='ltr'><strong>zamorensis</strong></span> <span class='ocrx_word' id='word_1_75' title='bbox 2596 837 2871 897; x_wconf 88' lang='lat' dir='ltr'><strong>ecclesiae</strong></span> <span class='ocrx_word' id='word_1_76' title='bbox 2904 838 3171 896; x_wconf 82' lang='lat' dir='ltr'><strong>antistes.</strong></span> 
     </span>
     <span class='ocr_line' id='line_1_8' title="bbox 552 925 3171 1004; baseline -0 -18"><span class='ocrx_word' id='word_1_77' title='bbox 552 928 699 986; x_wconf 76' lang='lat' dir='ltr'><strong>furt-i</strong></span> <span class='ocrx_word' id='word_1_78' title='bbox 741 937 1111 996; x_wconf 81' lang='lat'>1593—953</span> <span class='ocrx_word' id='word_1_79' title='bbox 1156 938 1315 991; x_wconf 81' lang='grc'>1607</span> <span class='ocrx_word' id='word_1_80' title='bbox 1353 932 1449 989; x_wconf 82' lang='lat' dir='ltr'><strong>t.3</strong></span> <span class='ocrx_word' id='word_1_81' title='bbox 1477 928 1538 987; x_wconf 89' lang='lat' dir='ltr'><strong>in</strong></span> <span class='ocrx_word' id='word_1_82' title='bbox 1559 928 1595 985; x_wconf 84' lang='lat' dir='ltr'><strong>f.</strong></span> <span class='ocrx_word' id='word_1_83' title='bbox 1618 931 1829 991; x_wconf 85' lang='lat' dir='ltr'><strong>etc.—-</strong></span> <span class='ocrx_word' id='word_1_84' title='bbox 1890 929 1939 987; x_wconf 88' lang='lat' dir='ltr'>A</span> <span class='ocrx_word' id='word_1_85' title='bbox 1972 946 2110 1004; x_wconf 84' lang='lat' dir='ltr'><strong>rege</strong></span> <span class='ocrx_word' id='word_1_86' title='bbox 2142 927 2381 985; x_wconf 88' lang='lat' dir='ltr'><strong>Romam</strong></span> <span class='ocrx_word' id='word_1_87' title='bbox 2422 925 2639 985; x_wconf 90' lang='lat' dir='ltr'><strong>missus</strong></span> <span class='ocrx_word' id='word_1_88' title='bbox 2685 926 2803 985; x_wconf 83' lang='lat' dir='ltr'><strong>suit</strong></span> <span class='ocrx_word' id='word_1_89' title='bbox 2849 926 2925 985; x_wconf 84' lang='lat' dir='ltr'><strong>ad</strong></span> <span class='ocrx_word' id='word_1_90' title='bbox 2956 946 3171 1003; x_wconf 81' lang='lat' dir='ltr'><strong>urgen-</strong></span> 
     </span>
     <span class='ocr_line' id='line_1_9' title="bbox 554 1015 3173 1092; baseline 0.001 -19"><span class='ocrx_word' id='word_1_91' title='bbox 554 1017 767 1074; x_wconf 85' lang='lat' dir='ltr'><strong>Petrus</strong></span> <span class='ocrx_word' id='word_1_92' title='bbox 817 1016 1137 1075; x_wconf 86' lang='lat' dir='ltr'><strong>Perusio</strong></span> <span class='ocrx_word' id='word_1_93' title='bbox 1182 1018 1250 1075; x_wconf 82' lang='lat' dir='ltr'><strong>de</strong></span> <span class='ocrx_word' id='word_1_94' title='bbox 1294 1018 1607 1076; x_wconf 79' lang='lat' dir='ltr'><em>mutatione</em></span> <span class='ocrx_word' id='word_1_95' title='bbox 1649 1024 1837 1076; x_wconf 80' lang='lat' dir='ltr'><strong>status</strong></span> <span class='ocrx_word' id='word_1_96' title='bbox 1889 1015 2025 1075; x_wconf 87' lang='lat' dir='ltr'><strong>dam</strong></span> <span class='ocrx_word' id='word_1_97' title='bbox 2058 1016 2125 1078; x_wconf 91' lang='lat' dir='ltr'><strong>B.</strong></span> <span class='ocrx_word' id='word_1_98' title='bbox 2157 1015 2473 1076; x_wconf 77' lang='lat' dir='ltr'><strong>Cari-anzae</strong></span> <span class='ocrx_word' id='word_1_99' title='bbox 2503 1033 2761 1086; x_wconf 88' lang='lat' dir='ltr'><strong>causam,</strong></span> <span class='ocrx_word' id='word_1_100' title='bbox 2795 1015 2913 1074; x_wconf 90' lang='lat' dir='ltr'><strong>imo</strong></span> <span class='ocrx_word' id='word_1_101' title='bbox 2945 1018 3008 1073; x_wconf 88' lang='lat' dir='ltr'><strong>et</strong></span> <span class='ocrx_word' id='word_1_102' title='bbox 3035 1035 3173 1092; x_wconf 89' lang='lat' dir='ltr'><strong>pro·</strong></span> 
     </span>
     <span class='ocr_line' id='line_1_10' title="bbox 553 1102 3172 1181; baseline -0.001 -17"><span class='ocrx_word' id='word_1_103' title='bbox 553 1107 941 1179; x_wconf 76' lang='lat' dir='ltr'><strong>ecclesiarum,</strong></span> <span class='ocrx_word' id='word_1_104' title='bbox 973 1103 1241 1164; x_wconf 86' lang='lat' dir='ltr'><strong>Venetiis</strong></span> <span class='ocrx_word' id='word_1_105' title='bbox 1289 1113 1482 1175; x_wconf 83' lang='lat'>1584;</span> <span class='ocrx_word' id='word_1_106' title='bbox 1546 1108 1616 1164; x_wconf 83' lang='lat' dir='ltr'><strong>de</strong></span> <span class='ocrx_word' id='word_1_107' title='bbox 1646 1113 1834 1164; x_wconf 76' lang='lat' dir='ltr'><strong>muta-</strong></span> <span class='ocrx_word' id='word_1_108' title='bbox 1891 1105 2045 1181; x_wconf 84' lang='lat' dir='ltr'><strong>regis</strong></span> <span class='ocrx_word' id='word_1_109' title='bbox 2088 1104 2599 1180; x_wconf 76' lang='lat' dir='ltr'><strong>neapolitanorum</strong></span> <span class='ocrx_word' id='word_1_110' title='bbox 2646 1123 2883 1163; x_wconf 89' lang='lat' dir='ltr'><strong>munere</strong></span> <span class='ocrx_word' id='word_1_111' title='bbox 2929 1102 3172 1164; x_wconf 80' lang='lat' dir='ltr'><strong>functus</strong></span> 
     </span>
     <span class='ocr_line' id='line_1_11' title="bbox 555 1188 3172 1275; baseline 0 -23"><span class='ocrx_word' id='word_1_112' title='bbox 555 1196 704 1252; x_wconf 79' lang='lat' dir='ltr'><strong>tione</strong></span> <span class='ocrx_word' id='word_1_113' title='bbox 721 1201 904 1253; x_wconf 76' lang='lat' dir='ltr'><strong>status</strong></span> <span class='ocrx_word' id='word_1_114' title='bbox 915 1211 1306 1267; x_wconf 79' lang='lat' dir='ltr'><strong>personarum</strong></span> <span class='ocrx_word' id='word_1_115' title='bbox 1327 1196 1835 1254; x_wconf 72' lang='lat' dir='ltr'><strong>ecclesiasticarum</strong></span> <span class='ocrx_word' id='word_1_116' title='bbox 1891 1198 1985 1252; x_wconf 89' lang='lat' dir='ltr'><strong>est</strong></span> <span class='ocrx_word' id='word_1_117' title='bbox 2017 1190 2077 1275; x_wconf 89' lang='lat'><strong>(†</strong></span> <span class='ocrx_word' id='word_1_118' title='bbox 2119 1205 2216 1257; x_wconf 88' lang='lat'><strong>16.</strong></span> <span class='ocrx_word' id='word_1_119' title='bbox 2253 1193 2376 1253; x_wconf 88' lang='lat' dir='ltr'><strong>Oct.</strong></span> <span class='ocrx_word' id='word_1_120' title='bbox 2419 1188 2628 1275; x_wconf 87' lang='grc'><strong>1583).</strong></span> <span class='ocrx_word' id='word_1_121' title='bbox 2662 1193 2985 1268; x_wconf 77' lang='lat' dir='ltr'><strong>Praecipua</strong></span> <span class='ocrx_word' id='word_1_122' title='bbox 3017 1194 3172 1270; x_wconf 88' lang='lat' dir='ltr'><strong>ejus-</strong></span> 
     </span>
     <span class='ocr_line' id='line_1_12' title="bbox 555 1282 3171 1360; baseline -0 -19"><span class='ocrx_word' id='word_1_123' title='bbox 555 1283 808 1358; x_wconf 88' lang='lat' dir='ltr'><strong>aliisque</strong></span> <span class='ocrx_word' id='word_1_124' title='bbox 839 1283 1223 1359; x_wconf 82' lang='lat' dir='ltr'><strong>argumentis,</strong></span> <span class='ocrx_word' id='word_1_125' title='bbox 1275 1303 1424 1359; x_wconf 86' lang='lat' dir='ltr'><strong>quae</strong></span> <span class='ocrx_word' id='word_1_126' title='bbox 1455 1285 1837 1359; x_wconf 88' lang='lat' dir='ltr'><strong>reperiuntur</strong></span> <span class='ocrx_word' id='word_1_127' title='bbox 1892 1282 2025 1341; x_wconf 88' lang='lat' dir='ltr'><strong>dem</strong></span> <span class='ocrx_word' id='word_1_128' title='bbox 2059 1301 2236 1360; x_wconf 88' lang='lat' dir='ltr'><strong>opera</strong></span> <span class='ocrx_word' id='word_1_129' title='bbox 2268 1285 2442 1341; x_wconf 87' lang='lat' dir='ltr'><strong>sunt:</strong></span> <span class='ocrx_word' id='word_1_130' title='bbox 2476 1284 2545 1340; x_wconf 82' lang='lat' dir='ltr'><strong>de</strong></span> <span class='ocrx_word' id='word_1_131' title='bbox 2575 1283 2850 1359; x_wconf 68' lang='lat' dir='ltr'><strong>diynitate</strong></span> <span class='ocrx_word' id='word_1_132' title='bbox 2881 1286 3171 1356; x_wconf 78' lang='lat' dir='ltr'><strong>episcopo-</strong></span> 
     </span>
     <span class='ocr_line' id='line_1_13' title="bbox 555 1370 3169 1449; baseline 0.001 -19"><span class='ocrx_word' id='word_1_133' title='bbox 555 1373 733 1430; x_wconf 86' lang='lat' dir='ltr'><strong>etiam</strong></span> <span class='ocrx_word' id='word_1_134' title='bbox 786 1372 849 1430; x_wconf 91' lang='lat' dir='ltr'><strong>in</strong></span> <span class='ocrx_word' id='word_1_135' title='bbox 898 1375 1066 1429; x_wconf 88' lang='lat' dir='ltr'><strong>tract.</strong></span> <span class='ocrx_word' id='word_1_136' title='bbox 1118 1372 1279 1430; x_wconf 86' lang='lat' dir='ltr'><strong>univ.</strong></span> <span class='ocrx_word' id='word_1_137' title='bbox 1304 1374 1463 1447; x_wconf 89' lang='lat' dir='ltr'><strong>juris</strong></span> <span class='ocrx_word' id='word_1_138' title='bbox 1501 1377 1543 1431; x_wconf 93' lang='lat' dir='ltr'><strong>t.</strong></span> <span class='ocrx_word' id='word_1_139' title='bbox 1578 1372 1725 1432; x_wconf 85' lang='lat' dir='ltr'>XIV.</span> <span class='ocrx_word' id='word_1_140' title='bbox 1776 1375 1838 1431; x_wconf 91' lang='lat' dir='ltr'><strong>et</strong></span> <span class='ocrx_word' id='word_1_141' title='bbox 1894 1391 2044 1447; x_wconf 86' lang='lat' dir='ltr'><strong>rum,</strong></span> <span class='ocrx_word' id='word_1_142' title='bbox 2080 1370 2346 1430; x_wconf 88' lang='lat' dir='ltr'><strong>Venetiis</strong></span> <span class='ocrx_word' id='word_1_143' title='bbox 2387 1381 2572 1442; x_wconf 78' lang='lat'>15683</span> <span class='ocrx_word' id='word_1_144' title='bbox 2606 1371 2967 1449; x_wconf 86' lang='lat' dir='ltr'><strong>Antverpiae</strong></span> <span class='ocrx_word' id='word_1_145' title='bbox 3006 1380 3169 1434; x_wconf 79' lang='lat'>1573</span> 
     </span>
     <span class='ocr_line' id='line_1_14' title="bbox 559 1459 3173 1535; baseline 0 -18"><span class='ocrx_word' id='word_1_146' title='bbox 559 1460 675 1518; x_wconf 85' lang='lat' dir='ltr'><strong>XV.</strong></span> <span class='ocrx_word' id='word_1_147' title='bbox 723 1495 811 1503; x_wconf 91' lang='lat'>—</span> <span class='ocrx_word' id='word_1_148' title='bbox 853 1459 1115 1518; x_wconf 87' lang='lat' dir='ltr'><strong>Jacobus</strong></span> <span class='ocrx_word' id='word_1_149' title='bbox 1166 1461 1414 1519; x_wconf 87' lang='lat' dir='ltr'><strong>Auellus</strong></span> <span class='ocrx_word' id='word_1_150' title='bbox 1459 1461 1531 1520; x_wconf 94' lang='lat' dir='ltr'><strong>de</strong></span> <span class='ocrx_word' id='word_1_151' title='bbox 1575 1461 1835 1520; x_wconf 88' lang='lat' dir='ltr'><strong>Bottis</strong></span> <span class='ocrx_word' id='word_1_152' title='bbox 1893 1480 2027 1519; x_wconf 88' lang='lat' dir='ltr'><strong>cum</strong></span> <span class='ocrx_word' id='word_1_153' title='bbox 2074 1461 2388 1519; x_wconf 77' lang='lat' dir='ltr'><strong>enchiridio</strong></span> <span class='ocrx_word' id='word_1_154' title='bbox 2427 1460 2697 1535; x_wconf 86' lang='lat' dir='ltr'><strong>judicum</strong></span> <span class='ocrx_word' id='word_1_155' title='bbox 2753 1460 3001 1520; x_wconf 82' lang='lat' dir='ltr'><strong>violatae</strong></span> <span class='ocrx_word' id='word_1_156' title='bbox 3034 1461 3173 1518; x_wconf 89' lang='lat' dir='ltr'><strong>reli-</strong></span> 
     </span>
     <span class='ocr_line' id='line_1_15' title="bbox 561 1548 3178 1626; baseline 0 -19"><span class='ocrx_word' id='word_1_157' title='bbox 561 1549 991 1625; x_wconf 80' lang='lat' dir='ltr'><strong>Neapolitanus</strong></span> <span class='ocrx_word' id='word_1_158' title='bbox 1023 1553 1083 1606; x_wconf 90' lang='lat' dir='ltr'><strong>et</strong></span> <span class='ocrx_word' id='word_1_159' title='bbox 1102 1549 1226 1626; x_wconf 87' lang='lat' dir='ltr'><strong>regi</strong></span> <span class='ocrx_word' id='word_1_160' title='bbox 1246 1571 1278 1607; x_wconf 84' lang='lat' dir='ltr'><strong>a</strong></span> <span class='ocrx_word' id='word_1_161' title='bbox 1298 1550 1543 1609; x_wconf 88' lang='lat' dir='ltr'><strong>consilio</strong></span> <span class='ocrx_word' id='word_1_162' title='bbox 1566 1550 1638 1608; x_wconf 93' lang='lat' dir='ltr'><strong>ad</strong></span> <span class='ocrx_word' id='word_1_163' title='bbox 1658 1567 1839 1626; x_wconf 87' lang='lat' dir='ltr'><strong>opera</strong></span> <span class='ocrx_word' id='word_1_164' title='bbox 1891 1549 2087 1626; x_wconf 84' lang='lat' dir='ltr'><strong>gionis</strong></span> <span class='ocrx_word' id='word_1_165' title='bbox 2108 1568 2214 1608; x_wconf 88' lang='lat' dir='ltr'><strong>seu</strong></span> <span class='ocrx_word' id='word_1_166' title='bbox 2235 1549 2401 1625; x_wconf 83' lang='lat' dir='ltr'><strong>praxi</strong></span> <span class='ocrx_word' id='word_1_167' title='bbox 2430 1548 2777 1619; x_wconf 77' lang='lat' dir='ltr'><strong>haereseon3</strong></span> <span class='ocrx_word' id='word_1_168' title='bbox 2810 1550 2878 1607; x_wconf 83' lang='lat' dir='ltr'><strong>de</strong></span> <span class='ocrx_word' id='word_1_169' title='bbox 2896 1551 3178 1624; x_wconf 77' lang='lat' dir='ltr'><strong>episcopis</strong></span> 
     </span>
     <span class='ocr_line' id='line_1_16' title="bbox 555 1637 3173 1714; baseline 0.001 -19"><span class='ocrx_word' id='word_1_170' title='bbox 555 1637 923 1696; x_wconf 80' lang='lat' dir='ltr'><strong>celeberrimi</strong></span> <span class='ocrx_word' id='word_1_171' title='bbox 966 1639 1305 1698; x_wconf 79' lang='lat' dir='ltr'><strong>canonistas</strong></span> <span class='ocrx_word' id='word_1_172' title='bbox 1349 1639 1577 1699; x_wconf 85' lang='lat' dir='ltr'><strong>Nicolai</strong></span> <span class='ocrx_word' id='word_1_173' title='bbox 1610 1639 1701 1698; x_wconf 87' lang='lat' dir='ltr'><strong>Te</strong></span> <span class='ocrx_word' id='word_1_174' title='bbox 1724 1639 1835 1698; x_wconf 90' lang='lat' dir='ltr'><strong>de·</strong></span> <span class='ocrx_word' id='word_1_175' title='bbox 1887 1640 2266 1714; x_wconf 45' lang='lat' dir='ltr'><strong>jurisperiti&amp;</strong></span> <span class='ocrx_word' id='word_1_176' title='bbox 2302 1638 2381 1696; x_wconf 91' lang='lat' dir='ltr'><strong>ib.</strong></span> <span class='ocrx_word' id='word_1_177' title='bbox 2422 1648 2618 1706; x_wconf 77' lang='lat'>15743</span> <span class='ocrx_word' id='word_1_178' title='bbox 2663 1641 3045 1697; x_wconf 73' lang='lat' dir='ltr'><strong>institutiones</strong></span> <span class='ocrx_word' id='word_1_179' title='bbox 3075 1657 3173 1697; x_wconf 82' lang='lat' dir='ltr'><strong>ca-</strong></span> 
     </span>
     <span class='ocr_line' id='line_1_17' title="bbox 560 1723 3173 1808; baseline 0 -23"><span class='ocrx_word' id='word_1_180' title='bbox 560 1727 725 1785; x_wconf 89' lang='lat' dir='ltr'><strong>schi</strong></span> <span class='ocrx_word' id='word_1_181' title='bbox 778 1723 839 1808; x_wconf 87' lang='lat'><strong>(†</strong></span> <span class='ocrx_word' id='word_1_182' title='bbox 880 1736 1043 1789; x_wconf 82' lang='lat'>1445</span> <span class='ocrx_word' id='word_1_183' title='bbox 1078 1727 1147 1785; x_wconf 86' lang='lat' dir='ltr'><strong>cf.</strong></span> <span class='ocrx_word' id='word_1_184' title='bbox 1184 1728 1256 1797; x_wconf 88' lang='lat'><strong>11,</strong></span> <span class='ocrx_word' id='word_1_185' title='bbox 1295 1724 1467 1808; x_wconf 85' lang='lat'><strong>858),</strong></span> <span class='ocrx_word' id='word_1_186' title='bbox 1522 1747 1671 1802; x_wconf 82' lang='lat' dir='ltr'><strong>quae</strong></span> <span class='ocrx_word' id='word_1_187' title='bbox 1701 1746 1839 1803; x_wconf 87' lang='lat' dir='ltr'><strong>pro·</strong></span> <span class='ocrx_word' id='word_1_188' title='bbox 1894 1728 2144 1798; x_wconf 80' lang='lat' dir='ltr'><strong>thelicae,</strong></span> <span class='ocrx_word' id='word_1_189' title='bbox 2179 1727 2399 1803; x_wconf 90' lang='lat' dir='ltr'><strong>quihus</strong></span> <span class='ocrx_word' id='word_1_190' title='bbox 2440 1731 2734 1785; x_wconf 86' lang='lat' dir='ltr'><strong>tractatur</strong></span> <span class='ocrx_word' id='word_1_191' title='bbox 2781 1727 3069 1803; x_wconf 90' lang='lat' dir='ltr'><strong>quidquid</strong></span> <span class='ocrx_word' id='word_1_192' title='bbox 3101 1726 3173 1785; x_wconf 79' lang='lat' dir='ltr'><strong>ad</strong></span> 
     </span>
     <span class='ocr_line' id='line_1_18' title="bbox 557 1815 3176 1893; baseline 0 -20"><span class='ocrx_word' id='word_1_193' title='bbox 557 1816 800 1874; x_wconf 88' lang='lat' dir='ltr'><strong>dierunt</strong></span> <span class='ocrx_word' id='word_1_194' title='bbox 830 1815 1091 1874; x_wconf 79' lang='lat' dir='ltr'><strong>Venetiis</strong></span> <span class='ocrx_word' id='word_1_195' title='bbox 1123 1823 1164 1873; x_wconf 88' lang='lat' dir='ltr'><strong>t.</strong></span> <span class='ocrx_word' id='word_1_196' title='bbox 1203 1827 1237 1878; x_wconf 86' lang='lat'>9</span> <span class='ocrx_word' id='word_1_197' title='bbox 1290 1817 1353 1876; x_wconf 90' lang='lat' dir='ltr'><strong>in</strong></span> <span class='ocrx_word' id='word_1_198' title='bbox 1390 1828 1464 1887; x_wconf 89' lang='lat'><strong>4.,</strong></span> <span class='ocrx_word' id='word_1_199' title='bbox 1516 1817 1840 1877; x_wconf 75' lang='lat' dir='ltr'><strong>additiones</strong></span> <span class='ocrx_word' id='word_1_200' title='bbox 1892 1815 2323 1893; x_wconf 83' lang='lat' dir='ltr'><strong>praecavendas</strong></span> <span class='ocrx_word' id='word_1_201' title='bbox 2353 1820 2414 1874; x_wconf 88' lang='lat' dir='ltr'><strong>et</strong></span> <span class='ocrx_word' id='word_1_202' title='bbox 2445 1816 2856 1892; x_wconf 87' lang='lat' dir='ltr'><strong>exstirpandas</strong></span> <span class='ocrx_word' id='word_1_203' title='bbox 2909 1817 3176 1875; x_wconf 79' lang='lat' dir='ltr'><strong>haereses</strong></span> 
     </span>
     <span class='ocr_line' id='line_1_19' title="bbox 556 1903 3174 1980; baseline -0 -18"><span class='ocrx_word' id='word_1_204' title='bbox 556 1903 848 1980; x_wconf 82' lang='lat' dir='ltr'><strong>adjunxit,</strong></span> <span class='ocrx_word' id='word_1_205' title='bbox 885 1905 962 1962; x_wconf 89' lang='lat' dir='ltr'><strong>ib.</strong></span> <span class='ocrx_word' id='word_1_206' title='bbox 1005 1914 1162 1967; x_wconf 88' lang='lat'>1591</span> <span class='ocrx_word' id='word_1_207' title='bbox 1206 1905 1269 1963; x_wconf 91' lang='lat' dir='ltr'><strong>in</strong></span> <span class='ocrx_word' id='word_1_208' title='bbox 1300 1905 1358 1975; x_wconf 89' lang='lat' dir='ltr'><strong>f.,</strong></span> <span class='ocrx_word' id='word_1_209' title='bbox 1392 1906 1549 1964; x_wconf 88' lang='lat' dir='ltr'><strong>sicut</strong></span> <span class='ocrx_word' id='word_1_210' title='bbox 1569 1906 1838 1965; x_wconf 87' lang='lat' dir='ltr'><strong>etiamad</strong></span> <span class='ocrx_word' id='word_1_211' title='bbox 1895 1904 2288 1965; x_wconf 83' lang='lat' dir='ltr'><strong>necessarium</strong></span> <span class='ocrx_word' id='word_1_212' title='bbox 2324 1908 2433 1975; x_wconf 86' lang='lat' dir='ltr'><strong>est,</strong></span> <span class='ocrx_word' id='word_1_213' title='bbox 2457 1904 2791 1963; x_wconf 86' lang='lat' dir='ltr'><strong>Vallisoleti</strong></span> <span class='ocrx_word' id='word_1_214' title='bbox 2820 1914 2983 1969; x_wconf 87' lang='lat'>1552</span> <span class='ocrx_word' id='word_1_215' title='bbox 3019 1905 3084 1963; x_wconf 89' lang='lat' dir='ltr'><strong>in</strong></span> <span class='ocrx_word' id='word_1_216' title='bbox 3116 1904 3174 1973; x_wconf 77' lang='lat' dir='ltr'><strong>f..</strong></span> 
     </span>
     <span class='ocr_line' id='line_1_20' title="bbox 560 1993 3177 2070; baseline 0 -19"><span class='ocrx_word' id='word_1_217' title='bbox 560 1994 743 2051; x_wconf 85' lang='lat' dir='ltr'><strong>libros</strong></span> <span class='ocrx_word' id='word_1_218' title='bbox 778 1993 1186 2063; x_wconf 76' lang='lat' dir='ltr'><strong>decretalium,</strong></span> <span class='ocrx_word' id='word_1_219' title='bbox 1235 1994 1312 2052; x_wconf 90' lang='lat' dir='ltr'><strong>ib.</strong></span> <span class='ocrx_word' id='word_1_220' title='bbox 1357 2001 1516 2058; x_wconf 87' lang='grc'>1588</span> <span class='ocrx_word' id='word_1_221' title='bbox 1567 1994 1629 2052; x_wconf 89' lang='lat' dir='ltr'><strong>in</strong></span> <span class='ocrx_word' id='word_1_222' title='bbox 1664 2005 1719 2058; x_wconf 84' lang='lat'><strong>4.</strong></span> <span class='ocrx_word' id='word_1_223' title='bbox 1752 2029 1840 2038; x_wconf 89' lang='lat'><em>-</em></span> <span class='ocrx_word' id='word_1_224' title='bbox 1896 1994 2112 2053; x_wconf 85' lang='lat' dir='ltr'><strong>Romae</strong></span> <span class='ocrx_word' id='word_1_225' title='bbox 2151 2003 2335 2063; x_wconf 82' lang='lat'><strong>1575,</strong></span> <span class='ocrx_word' id='word_1_226' title='bbox 2369 2011 2520 2069; x_wconf 91' lang='lat' dir='ltr'><strong>opus</strong></span> <span class='ocrx_word' id='word_1_227' title='bbox 2553 2013 2768 2052; x_wconf 86' lang='lat' dir='ltr'><strong>rarum.</strong></span> <span class='ocrx_word' id='word_1_228' title='bbox 2818 1993 2965 2070; x_wconf 84' lang='lat' dir='ltr'><strong>Ejus</strong></span> <span class='ocrx_word' id='word_1_229' title='bbox 2998 2012 3177 2070; x_wconf 87' lang='lat' dir='ltr'><strong>opera</strong></span> 
     </span>
     <span class='ocr_line' id='line_1_21' title="bbox 559 2078 3177 2165; baseline 0.001 -25"><span class='ocrx_word' id='word_1_230' title='bbox 559 2084 790 2141; x_wconf 86' lang='lat' dir='ltr'><strong>Marcus</strong></span> <span class='ocrx_word' id='word_1_231' title='bbox 810 2082 1104 2141; x_wconf 87' lang='lat' dir='ltr'><strong>Antonius</strong></span> <span class='ocrx_word' id='word_1_232' title='bbox 1132 2082 1441 2141; x_wconf 87' lang='lat' dir='ltr'><strong>Column</strong></span> <span class='ocrx_word' id='word_1_233' title='bbox 1461 2103 1495 2142; x_wconf 87' lang='lat' dir='ltr'><strong>a</strong></span> <span class='ocrx_word' id='word_1_234' title='bbox 1526 2078 1838 2165; x_wconf 88' lang='lat' dir='ltr'><strong>(Colonna)</strong></span> <span class='ocrx_word' id='word_1_235' title='bbox 1896 2084 2145 2143; x_wconf 87' lang='lat' dir='ltr'><strong>collecta</strong></span> <span class='ocrx_word' id='word_1_236' title='bbox 2193 2081 2544 2158; x_wconf 90' lang='lat' dir='ltr'><strong>prodierunt</strong></span> <span class='ocrx_word' id='word_1_237' title='bbox 2573 2082 2873 2142; x_wconf 88' lang='lat' dir='ltr'><strong>Ferrariae</strong></span> <span class='ocrx_word' id='word_1_238' title='bbox 2913 2092 3077 2145; x_wconf 84' lang='lat'>1692</span> <span class='ocrx_word' id='word_1_239' title='bbox 3114 2082 3177 2142; x_wconf 89' lang='lat' dir='ltr'><strong>in</strong></span> 
     </span>
     <span class='ocr_line' id='line_1_22' title="bbox 558 2170 3176 2249; baseline 0 -20"><span class='ocrx_word' id='word_1_240' title='bbox 558 2190 628 2229; x_wconf 88' lang='lat' dir='ltr'><strong>ex</strong></span> <span class='ocrx_word' id='word_1_241' title='bbox 690 2170 1057 2229; x_wconf 88' lang='lat' dir='ltr'><strong>nobilissima</strong></span> <span class='ocrx_word' id='word_1_242' title='bbox 1133 2171 1576 2231; x_wconf 88' lang='lat' dir='ltr'><strong>Columniorum</strong></span> <span class='ocrx_word' id='word_1_243' title='bbox 1653 2173 1841 2249; x_wconf 80' lang='lat' dir='ltr'><strong>stirpe</strong></span> <span class='ocrx_word' id='word_1_244' title='bbox 1897 2172 1934 2234; x_wconf 87' lang='lat' dir='ltr'><strong>f.</strong></span> <span class='ocrx_word' id='word_1_245' title='bbox 1956 2171 2284 2230; x_wconf 89' lang='lat' dir='ltr'><strong>-Verum</strong></span> <span class='ocrx_word' id='word_1_246' title='bbox 2308 2170 2467 2230; x_wconf 87' lang='lat' dir='ltr'><strong>inter</strong></span> <span class='ocrx_word' id='word_1_247' title='bbox 2489 2171 2646 2247; x_wconf 89' lang='lat' dir='ltr'><strong>juris</strong></span> <span class='ocrx_word' id='word_1_248' title='bbox 2679 2173 2899 2247; x_wconf 87' lang='lat' dir='ltr'><strong>peritos</strong></span> <span class='ocrx_word' id='word_1_249' title='bbox 2937 2172 3176 2230; x_wconf 79' lang='lat' dir='ltr'><strong>inclitae</strong></span> 
     </span>
     <span class='ocr_line' id='line_1_23' title="bbox 560 2258 3178 2337; baseline -0 -19"><span class='ocrx_word' id='word_1_250' title='bbox 560 2264 902 2337; x_wconf 82' lang='lat' dir='ltr'><strong>prognatus,</strong></span> <span class='ocrx_word' id='word_1_251' title='bbox 938 2259 1001 2319; x_wconf 89' lang='lat' dir='ltr'><strong>in</strong></span> <span class='ocrx_word' id='word_1_252' title='bbox 1033 2260 1226 2318; x_wconf 91' lang='lat' dir='ltr'><strong>literis</strong></span> <span class='ocrx_word' id='word_1_253' title='bbox 1247 2266 1309 2319; x_wconf 88' lang='lat' dir='ltr'><strong>et</strong></span> <span class='ocrx_word' id='word_1_254' title='bbox 1328 2262 1553 2320; x_wconf 81' lang='lat' dir='ltr'><strong>virtute</strong></span> <span class='ocrx_word' id='word_1_255' title='bbox 1575 2260 1722 2321; x_wconf 90' lang='lat' dir='ltr'><strong>bene</strong></span> <span class='ocrx_word' id='word_1_256' title='bbox 1743 2281 1840 2320; x_wconf 91' lang='lat' dir='ltr'><strong>ex·</strong></span> <span class='ocrx_word' id='word_1_257' title='bbox 1896 2261 2064 2320; x_wconf 88' lang='lat' dir='ltr'><strong>illius</strong></span> <span class='ocrx_word' id='word_1_258' title='bbox 2084 2259 2347 2320; x_wconf 87' lang='lat' dir='ltr'><strong>nationis</strong></span> <span class='ocrx_word' id='word_1_259' title='bbox 2365 2258 2591 2319; x_wconf 89' lang='lat' dir='ltr'><strong>eminet</strong></span> <span class='ocrx_word' id='word_1_260' title='bbox 2618 2280 2724 2337; x_wconf 85' lang='lat' dir='ltr'><strong>par</strong></span> <span class='ocrx_word' id='word_1_261' title='bbox 2741 2261 3178 2319; x_wconf 89' lang='lat' dir='ltr'><strong>nobilissimum</strong></span> 
     </span>
    </p>
   </div>
   <div class='ocr_carea' id='block_1_3' title="bbox 559 2348 1845 3654">
    <p class='ocr_par' dir='ltr' id='par_1_3' title="bbox 559 2348 1845 3654">
     <span class='ocr_line' id='line_1_24' title="bbox 560 2348 1842 2426; baseline 0 -18"><span class='ocrx_word' id='word_1_262' title='bbox 560 2350 760 2408; x_wconf 88' lang='lat' dir='ltr'><strong>cultus</strong></span> <span class='ocrx_word' id='word_1_263' title='bbox 791 2369 825 2407; x_wconf 89' lang='lat' dir='ltr'><strong>a</strong></span> <span class='ocrx_word' id='word_1_264' title='bbox 857 2349 962 2408; x_wconf 90' lang='lat' dir='ltr'><strong>Pio</strong></span> <span class='ocrx_word' id='word_1_265' title='bbox 994 2348 1090 2407; x_wconf 88' lang='lat' dir='ltr'><strong>IV.</strong></span> <span class='ocrx_word' id='word_1_266' title='bbox 1140 2350 1363 2409; x_wconf 89' lang='lat' dir='ltr'><strong>electus</strong></span> <span class='ocrx_word' id='word_1_267' title='bbox 1413 2353 1503 2408; x_wconf 88' lang='lat' dir='ltr'><strong>est</strong></span> <span class='ocrx_word' id='word_1_268' title='bbox 1553 2350 1842 2426; x_wconf 89' lang='lat' dir='ltr'><strong>archiepi-</strong></span> 
     </span>
     <span class='ocr_line' id='line_1_25' title="bbox 561 2438 1838 2514; baseline 0 -18"><span class='ocrx_word' id='word_1_269' title='bbox 561 2457 774 2514; x_wconf 86' lang='lat' dir='ltr'><strong>scopus</strong></span> <span class='ocrx_word' id='word_1_270' title='bbox 805 2438 1143 2496; x_wconf 84' lang='lat' dir='ltr'><strong>tarentinus</strong></span> <span class='ocrx_word' id='word_1_271' title='bbox 1194 2444 1254 2497; x_wconf 88' lang='lat' dir='ltr'><strong>et</strong></span> <span class='ocrx_word' id='word_1_272' title='bbox 1285 2458 1416 2497; x_wconf 83' lang='lat' dir='ltr'><strong>mox</strong></span> <span class='ocrx_word' id='word_1_273' title='bbox 1451 2442 1682 2497; x_wconf 87' lang='lat' dir='ltr'><strong>creatus</strong></span> <span class='ocrx_word' id='word_1_274' title='bbox 1714 2458 1838 2498; x_wconf 87' lang='lat' dir='ltr'><strong>car·</strong></span> 
     </span>
     <span class='ocr_line' id='line_1_26' title="bbox 560 2526 1845 2586; baseline 0.002 -2"><span class='ocrx_word' id='word_1_275' title='bbox 560 2527 797 2585; x_wconf 82' lang='lat' dir='ltr'><strong>dinaliS.</strong></span> <span class='ocrx_word' id='word_1_276' title='bbox 861 2528 1002 2584; x_wconf 89' lang='lat' dir='ltr'><strong>Post</strong></span> <span class='ocrx_word' id='word_1_277' title='bbox 1063 2527 1227 2584; x_wconf 81' lang='lat' dir='ltr'><strong>obita</strong></span> <span class='ocrx_word' id='word_1_278' title='bbox 1289 2527 1454 2585; x_wconf 85' lang='lat' dir='ltr'><strong>varia</strong></span> <span class='ocrx_word' id='word_1_279' title='bbox 1529 2526 1845 2586; x_wconf 79' lang='lat' dir='ltr'><strong>honorifica</strong></span> 
     </span>
     <span class='ocr_line' id='line_1_27' title="bbox 561 2615 1843 2691; baseline 0.002 -17"><span class='ocrx_word' id='word_1_280' title='bbox 561 2636 811 2676; x_wconf 89' lang='lat' dir='ltr'><strong>munera</strong></span> <span class='ocrx_word' id='word_1_281' title='bbox 861 2634 1075 2691; x_wconf 86' lang='lat' dir='ltr'><strong>magna</strong></span> <span class='ocrx_word' id='word_1_282' title='bbox 1121 2635 1256 2674; x_wconf 88' lang='lat' dir='ltr'><strong>cum</strong></span> <span class='ocrx_word' id='word_1_283' title='bbox 1297 2615 1618 2689; x_wconf 88' lang='lat' dir='ltr'><strong>prudentia</strong></span> <span class='ocrx_word' id='word_1_284' title='bbox 1649 2616 1843 2676; x_wconf 88' lang='lat' dir='ltr'><strong>factus</strong></span> 
     </span>
     <span class='ocr_line' id='line_1_28' title="bbox 561 2704 1843 2780; baseline 0.002 -18"><span class='ocrx_word' id='word_1_285' title='bbox 561 2709 652 2762; x_wconf 87' lang='lat' dir='ltr'><strong>est</strong></span> <span class='ocrx_word' id='word_1_286' title='bbox 696 2705 1004 2780; x_wconf 87' lang='lat' dir='ltr'><strong>episcopus</strong></span> <span class='ocrx_word' id='word_1_287' title='bbox 1066 2704 1383 2762; x_wconf 84' lang='lat' dir='ltr'><strong>cardinalis</strong></span> <span class='ocrx_word' id='word_1_288' title='bbox 1430 2706 1843 2779; x_wconf 76' lang='lat' dir='ltr'><strong>praenestinus</strong></span> 
     </span>
     <span class='ocr_line' id='line_1_29' title="bbox 559 2790 1844 2868; baseline 0.002 -17"><span class='ocrx_word' id='word_1_289' title='bbox 559 2797 620 2851; x_wconf 88' lang='lat' dir='ltr'><strong>et</strong></span> <span class='ocrx_word' id='word_1_290' title='bbox 651 2813 684 2851; x_wconf 86' lang='lat' dir='ltr'><strong>a</strong></span> <span class='ocrx_word' id='word_1_291' title='bbox 715 2793 1012 2851; x_wconf 76' lang='lat' dir='ltr'><strong>Clemente</strong></span> <span class='ocrx_word' id='word_1_292' title='bbox 1042 2790 1197 2849; x_wconf 86' lang='lat' dir='ltr'><strong>VIII.</strong></span> <span class='ocrx_word' id='word_1_293' title='bbox 1233 2792 1307 2851; x_wconf 92' lang='lat' dir='ltr'><strong>ob</strong></span> <span class='ocrx_word' id='word_1_294' title='bbox 1339 2795 1738 2868; x_wconf 77' lang='lat' dir='ltr'><strong>praestantem</strong></span> <span class='ocrx_word' id='word_1_295' title='bbox 1769 2794 1844 2853; x_wconf 88' lang='lat' dir='ltr'><strong>li-</strong></span> 
     </span>
     <span class='ocr_line' id='line_1_30' title="bbox 562 2881 1843 2956; baseline 0.002 -16"><span class='ocrx_word' id='word_1_296' title='bbox 562 2888 823 2940; x_wconf 82' lang='lat' dir='ltr'><strong>terarum</strong></span> <span class='ocrx_word' id='word_1_297' title='bbox 857 2881 1252 2956; x_wconf 84' lang='lat' dir='ltr'><strong>cognitionem</strong></span> <span class='ocrx_word' id='word_1_298' title='bbox 1303 2881 1693 2955; x_wconf 81' lang='lat' dir='ltr'><strong>bibliothecae</strong></span> <span class='ocrx_word' id='word_1_299' title='bbox 1738 2903 1843 2942; x_wconf 79' lang='lat' dir='ltr'><strong>va-</strong></span> 
     </span>
     <span class='ocr_line' id='line_1_31' title="bbox 560 2969 1841 3049; baseline 0.002 -21"><span class='ocrx_word' id='word_1_300' title='bbox 560 2970 792 3028; x_wconf 88' lang='lat' dir='ltr'><strong>ticanae</strong></span> <span class='ocrx_word' id='word_1_301' title='bbox 825 2969 1176 3044; x_wconf 69' lang='lat' dir='ltr'><strong>praefectae.</strong></span> <span class='ocrx_word' id='word_1_302' title='bbox 1209 2969 1544 3047; x_wconf 88' lang='lat' dir='ltr'><strong>Benignum</strong></span> <span class='ocrx_word' id='word_1_303' title='bbox 1578 2990 1640 3030; x_wconf 89' lang='lat' dir='ltr'><strong>se</strong></span> <span class='ocrx_word' id='word_1_304' title='bbox 1671 2992 1841 3049; x_wconf 85' lang='lat' dir='ltr'><strong>prae-</strong></span> 
     </span>
     <span class='ocr_line' id='line_1_32' title="bbox 561 3058 1841 3131; baseline 0.003 -15"><span class='ocrx_word' id='word_1_305' title='bbox 561 3059 723 3117; x_wconf 85' lang='lat' dir='ltr'><strong>stitit</strong></span> <span class='ocrx_word' id='word_1_306' title='bbox 772 3058 1039 3117; x_wconf 84' lang='lat' dir='ltr'><strong>virorum</strong></span> <span class='ocrx_word' id='word_1_307' title='bbox 1085 3058 1389 3118; x_wconf 86' lang='lat' dir='ltr'><strong>doctorum</strong></span> <span class='ocrx_word' id='word_1_308' title='bbox 1432 3061 1841 3131; x_wconf 86' lang='lat' dir='ltr'><strong>Maecenatem,</strong></span> 
     </span>
     <span class='ocr_line' id='line_1_33' title="bbox 560 3147 1843 3222; baseline 0.004 -18"><span class='ocrx_word' id='word_1_309' title='bbox 560 3153 624 3205; x_wconf 86' lang='lat' dir='ltr'><strong>et</strong></span> <span class='ocrx_word' id='word_1_310' title='bbox 654 3148 729 3205; x_wconf 93' lang='lat' dir='ltr'><strong>ob</strong></span> <span class='ocrx_word' id='word_1_311' title='bbox 762 3150 1099 3222; x_wconf 81' lang='lat' dir='ltr'><strong>perspectas</strong></span> <span class='ocrx_word' id='word_1_312' title='bbox 1114 3147 1372 3207; x_wconf 84' lang='lat' dir='ltr'><strong>virtutes</strong></span> <span class='ocrx_word' id='word_1_313' title='bbox 1387 3148 1449 3206; x_wconf 90' lang='lat' dir='ltr'><strong>in</strong></span> <span class='ocrx_word' id='word_1_314' title='bbox 1466 3150 1647 3208; x_wconf 85' lang='lat' dir='ltr'><strong>variis</strong></span> <span class='ocrx_word' id='word_1_315' title='bbox 1664 3151 1843 3209; x_wconf 92' lang='lat' dir='ltr'><strong>comi-</strong></span> 
     </span>
     <span class='ocr_line' id='line_1_34' title="bbox 560 3235 1841 3315; baseline 0.004 -22"><span class='ocrx_word' id='word_1_316' title='bbox 560 3236 662 3294; x_wconf 88' lang='lat' dir='ltr'><strong>tiis</strong></span> <span class='ocrx_word' id='word_1_317' title='bbox 680 3256 713 3294; x_wconf 88' lang='lat' dir='ltr'><strong>a</strong></span> <span class='ocrx_word' id='word_1_318' title='bbox 729 3236 968 3312; x_wconf 87' lang='lat' dir='ltr'><strong>collegis</strong></span> <span class='ocrx_word' id='word_1_319' title='bbox 984 3235 1203 3313; x_wconf 89' lang='lat' dir='ltr'><strong>dignus</strong></span> <span class='ocrx_word' id='word_1_320' title='bbox 1209 3236 1516 3312; x_wconf 89' lang='lat' dir='ltr'><strong>judicatus</strong></span> <span class='ocrx_word' id='word_1_321' title='bbox 1534 3244 1623 3297; x_wconf 87' lang='lat' dir='ltr'><strong>est</strong></span> <span class='ocrx_word' id='word_1_322' title='bbox 1642 3238 1841 3315; x_wconf 90' lang='lat' dir='ltr'><strong>ponti-</strong></span> 
     </span>
     <span class='ocr_line' id='line_1_35' title="bbox 562 3321 1840 3407; baseline 0.003 -24"><span class='ocrx_word' id='word_1_323' title='bbox 562 3326 741 3384; x_wconf 87' lang='lat' dir='ltr'><strong>ficatu</strong></span> <span class='ocrx_word' id='word_1_324' title='bbox 776 3321 837 3407; x_wconf 87' lang='lat'><strong>(†</strong></span> <span class='ocrx_word' id='word_1_325' title='bbox 879 3326 1126 3400; x_wconf 83' lang='lat' dir='ltr'><strong>14.·Maj.</strong></span> <span class='ocrx_word' id='word_1_326' title='bbox 1159 3321 1368 3406; x_wconf 83' lang='lat'>1597).</span> <span class='ocrx_word' id='word_1_327' title='bbox 1403 3325 1656 3402; x_wconf 79' lang='lat' dir='ltr'><strong>Scripsit</strong></span> <span class='ocrx_word' id='word_1_328' title='bbox 1674 3328 1840 3387; x_wconf 87' lang='lat' dir='ltr'><strong>Com-</strong></span> 
     </span>
     <span class='ocr_line' id='line_1_36' title="bbox 561 3415 1845 3475; baseline 0.002 -3"><span class='ocrx_word' id='word_1_329' title='bbox 561 3416 913 3474; x_wconf 87' lang='lat' dir='ltr'><strong>mentarium</strong></span> <span class='ocrx_word' id='word_1_330' title='bbox 947 3415 1016 3473; x_wconf 82' lang='lat' dir='ltr'><strong>de</strong></span> <span class='ocrx_word' id='word_1_331' title='bbox 1035 3416 1536 3473; x_wconf 75' lang='lat' dir='ltr'><strong>ecclesiasticorum</strong></span> <span class='ocrx_word' id='word_1_332' title='bbox 1553 3418 1845 3475; x_wconf 72' lang='lat' dir='ltr'><strong>redituum</strong></span> 
     </span>
     <span class='ocr_line' id='line_1_37' title="bbox 559 3503 1839 3581; baseline 0.006 -20"><span class='ocrx_word' id='word_1_333' title='bbox 559 3506 779 3581; x_wconf 77' lang='lat' dir='ltr'><strong>oriyine</strong></span> <span class='ocrx_word' id='word_1_334' title='bbox 829 3524 896 3562; x_wconf 78' lang='lat' dir='ltr'><strong>ac</strong></span> <span class='ocrx_word' id='word_1_335' title='bbox 942 3505 1086 3575; x_wconf 74' lang='lat' dir='ltr'><strong>jure,</strong></span> <span class='ocrx_word' id='word_1_336' title='bbox 1135 3503 1397 3563; x_wconf 82' lang='lat' dir='ltr'><strong>Venetiis</strong></span> <span class='ocrx_word' id='word_1_337' title='bbox 1438 3513 1633 3577; x_wconf 78' lang='lat'>15763</span> <span class='ocrx_word' id='word_1_338' title='bbox 1681 3514 1839 3569; x_wconf 82' lang='lat'>1585</span> 
     </span>
     <span class='ocr_line' id='line_1_38' title="bbox 559 3605 711 3654; baseline -0.007 -4"><span class='ocrx_word' id='word_1_339' title='bbox 559 3612 621 3650; x_wconf 78' lang='lat' dir='ltr'><strong>in</strong></span> <span class='ocrx_word' id='word_1_340' title='bbox 658 3605 711 3654; x_wconf 84' lang='lat'><strong>4.</strong></span> 
     </span>
    </p>
   </div>
   <div class='ocr_carea' id='block_1_4' title="bbox 570 3768 1844 3919">
    <p class='ocr_par' dir='ltr' id='par_1_4' title="bbox 570 3768 1844 3919">
     <span class='ocr_line' id='line_1_39' title="bbox 662 3768 1844 3848; baseline -0.002 -18"><span class='ocrx_word' id='word_1_341' title='bbox 662 3778 800 3832; x_wconf 86' lang='lat'><strong>150.</strong></span> <span class='ocrx_word' id='word_1_342' title='bbox 833 3769 997 3827; x_wconf 83' lang='lat' dir='ltr'><strong>Inter</strong></span> <span class='ocrx_word' id='word_1_343' title='bbox 1017 3768 1313 3844; x_wconf 77' lang='lat' dir='ltr'><strong>Hispanos</strong></span> <span class='ocrx_word' id='word_1_344' title='bbox 1326 3772 1375 3848; x_wconf 87' lang='lat'><strong>¹)</strong></span> <span class='ocrx_word' id='word_1_345' title='bbox 1397 3770 1695 3829; x_wconf 85' lang='lat' dir='ltr'><strong>mentione</strong></span> <span class='ocrx_word' id='word_1_346' title='bbox 1716 3771 1844 3848; x_wconf 84' lang='lat' dir='ltr'><strong>dig-</strong></span> 
     </span>
     <span class='ocr_line' id='line_1_40' title="bbox 570 3857 1844 3919; baseline 0.002 -3"><span class='ocrx_word' id='word_1_347' title='bbox 570 3876 684 3916; x_wconf 90' lang='lat' dir='ltr'><strong>nus</strong></span> <span class='ocrx_word' id='word_1_348' title='bbox 717 3860 811 3915; x_wconf 88' lang='lat' dir='ltr'><strong>est</strong></span> <span class='ocrx_word' id='word_1_349' title='bbox 839 3857 1099 3916; x_wconf 88' lang='lat' dir='ltr'><strong>Didacus</strong></span> <span class='ocrx_word' id='word_1_350' title='bbox 1150 3858 1221 3916; x_wconf 89' lang='lat' dir='ltr'><strong>de</strong></span> <span class='ocrx_word' id='word_1_351' title='bbox 1272 3858 1343 3917; x_wconf 90' lang='lat' dir='ltr'><strong>Si</strong></span> <span class='ocrx_word' id='word_1_352' title='bbox 1360 3878 1419 3916; x_wconf 91' lang='lat' dir='ltr'><strong>m</strong></span> <span class='ocrx_word' id='word_1_353' title='bbox 1436 3878 1520 3916; x_wconf 86' lang='lat' dir='ltr'><strong>an</strong></span> <span class='ocrx_word' id='word_1_354' title='bbox 1535 3878 1611 3916; x_wconf 87' lang='lat' dir='ltr'><strong>ca</strong></span> <span class='ocrx_word' id='word_1_355' title='bbox 1631 3878 1659 3918; x_wconf 90' lang='lat' dir='ltr'><strong>s</strong></span> <span class='ocrx_word' id='word_1_356' title='bbox 1709 3858 1844 3919; x_wconf 88' lang='lat' dir='ltr'><strong>Cor-</strong></span> 
     </span>
    </p>
   </div>
   <div class='ocr_carea' id='block_1_5' title="bbox 560 3981 878 3989">
    <p class='ocr_par' dir='ltr' id='par_1_5' title="bbox 560 3981 878 3989">
     <span class='ocr_line' id='line_1_41' title="bbox 560 3981 878 3989; baseline 0 0"><span class='ocrx_word' id='word_1_357' title='bbox 560 3981 878 3989; x_wconf 95' lang='lat' dir='ltr'><strong> </strong></span> 
     </span>
    </p>
   </div>
   <div class='ocr_carea' id='block_1_6' title="bbox 1898 2343 3183 4024">
    <p class='ocr_par' dir='ltr' id='par_1_6' title="bbox 1898 2343 3183 4024">
     <span class='ocr_line' id='line_1_42' title="bbox 1898 2343 3178 2431; baseline -0.002 -22"><span class='ocrx_word' id='word_1_358' title='bbox 1898 2350 2103 2409; x_wconf 91' lang='lat' dir='ltr'><strong>eodem</strong></span> <span class='ocrx_word' id='word_1_359' title='bbox 2134 2369 2288 2409; x_wconf 89' lang='lat' dir='ltr'><strong>anno</strong></span> <span class='ocrx_word' id='word_1_360' title='bbox 2323 2343 2549 2431; x_wconf 85' lang='grc'>(1586)</span> <span class='ocrx_word' id='word_1_361' title='bbox 2573 2349 3001 2418; x_wconf 87' lang='lat' dir='ltr'><strong>defunctorum,</strong></span> <span class='ocrx_word' id='word_1_362' title='bbox 3025 2349 3178 2408; x_wconf 84' lang='lat' dir='ltr'><strong>Mar·</strong></span> 
     </span>
     <span class='ocr_line' id='line_1_43' title="bbox 1899 2438 3179 2514; baseline 0 -18"><span class='ocrx_word' id='word_1_363' title='bbox 1899 2439 2063 2497; x_wconf 87' lang='lat' dir='ltr'><strong>tinus</strong></span> <span class='ocrx_word' id='word_1_364' title='bbox 2110 2438 2571 2514; x_wconf 87' lang='lat' dir='ltr'><strong>Azpilcueta</strong></span> <span class='ocrx_word' id='word_1_365' title='bbox 2615 2458 2649 2496; x_wconf 86' lang='lat' dir='ltr'><strong>a</strong></span> <span class='ocrx_word' id='word_1_366' title='bbox 2694 2439 2885 2514; x_wconf 82' lang='lat' dir='ltr'><strong>patria</strong></span> <span class='ocrx_word' id='word_1_367' title='bbox 2917 2457 3179 2497; x_wconf 88' lang='lat' dir='ltr'><strong>commu-</strong></span> 
     </span>
     <span class='ocr_line' id='line_1_44' title="bbox 1899 2526 3179 2598; baseline 0 -13"><span class='ocrx_word' id='word_1_368' title='bbox 1899 2527 2054 2585; x_wconf 80' lang='lat' dir='ltr'><strong>niter</strong></span> <span class='ocrx_word' id='word_1_369' title='bbox 2085 2526 2140 2584; x_wconf 92' lang='lat' dir='ltr'>N</span> <span class='ocrx_word' id='word_1_370' title='bbox 2156 2545 2474 2586; x_wconf 81' lang='lat' dir='ltr'><strong>avarrus</strong></span> <span class='ocrx_word' id='word_1_371' title='bbox 2525 2526 2740 2598; x_wconf 88' lang='lat' dir='ltr'><strong>dictus,</strong></span> <span class='ocrx_word' id='word_1_372' title='bbox 2788 2530 2848 2586; x_wconf 86' lang='lat' dir='ltr'><strong>et</strong></span> <span class='ocrx_word' id='word_1_373' title='bbox 2877 2527 3179 2586; x_wconf 82' lang='lat' dir='ltr'><strong>Antonius</strong></span> 
     </span>
     <span class='ocr_line' id='line_1_45' title="bbox 1898 2616 3179 2693; baseline 0.001 -19"><span class='ocrx_word' id='word_1_374' title='bbox 1898 2617 2414 2693; x_wconf 82' lang='lat' dir='ltr'><strong>Augustinus.</strong></span> <span class='ocrx_word' id='word_1_375' title='bbox 2492 2616 2671 2676; x_wconf 89' lang='lat' dir='ltr'><strong>Illum</strong></span> <span class='ocrx_word' id='word_1_376' title='bbox 2750 2617 3062 2686; x_wconf 78' lang='lat' dir='ltr'><strong>,Navarra</strong></span> <span class='ocrx_word' id='word_1_377' title='bbox 3129 2638 3179 2675; x_wconf 85' lang='lat' dir='ltr'><strong>a.</strong></span> 
     </span>
     <span class='ocr_line' id='line_1_46' title="bbox 1907 2705 3181 2781; baseline -0.002 -14"><span class='ocrx_word' id='word_1_378' title='bbox 1907 2714 2071 2768; x_wconf 86' lang='lat'>1493</span> <span class='ocrx_word' id='word_1_379' title='bbox 2139 2705 2408 2781; x_wconf 88' lang='lat' dir='ltr'><strong>protulit,</strong></span> <span class='ocrx_word' id='word_1_380' title='bbox 2473 2705 2730 2764; x_wconf 87' lang='lat' dir='ltr'><strong>Castella</strong></span> <span class='ocrx_word' id='word_1_381' title='bbox 2778 2710 2975 2765; x_wconf 87' lang='lat' dir='ltr'><strong>autem</strong></span> <span class='ocrx_word' id='word_1_382' title='bbox 3027 2725 3181 2766; x_wconf 85' lang='lat' dir='ltr'><strong>nova</strong></span> 
     </span>
     <span class='ocr_line' id='line_1_47' title="bbox 1900 2794 3180 2869; baseline -0.001 -16"><span class='ocrx_word' id='word_1_383' title='bbox 1900 2794 2193 2864; x_wconf 79' lang='lat' dir='ltr'><strong>educavit,</strong></span> <span class='ocrx_word' id='word_1_384' title='bbox 2248 2794 2439 2854; x_wconf 83' lang='lat' dir='ltr'><strong>Gallia</strong></span> <span class='ocrx_word' id='word_1_385' title='bbox 2487 2794 2681 2853; x_wconf 78' lang='lat' dir='ltr'><strong>virum</strong></span> <span class='ocrx_word' id='word_1_386' title='bbox 2734 2794 2890 2869; x_wconf 85' lang='lat' dir='ltr'><strong>fecit,</strong></span> <span class='ocrx_word' id='word_1_387' title='bbox 2926 2795 3180 2854; x_wconf 87' lang='lat' dir='ltr'><strong>Castella</strong></span> 
     </span>
     <span class='ocr_line' id='line_1_48' title="bbox 1900 2883 3177 2960; baseline 0.002 -19"><span class='ocrx_word' id='word_1_388' title='bbox 1900 2887 2071 2942; x_wconf 90' lang='lat' dir='ltr'><strong>vetus</strong></span> <span class='ocrx_word' id='word_1_389' title='bbox 2103 2883 2493 2941; x_wconf 85' lang='lat' dir='ltr'><strong>Salmanticae</strong></span> <span class='ocrx_word' id='word_1_390' title='bbox 2525 2883 2768 2942; x_wconf 87' lang='lat' dir='ltr'><strong>sublimi</strong></span> <span class='ocrx_word' id='word_1_391' title='bbox 2800 2885 2926 2944; x_wconf 84' lang='lat' dir='ltr'><strong>loco</strong></span> <span class='ocrx_word' id='word_1_392' title='bbox 2957 2883 3177 2960; x_wconf 88' lang='lat' dir='ltr'><strong>posuit,</strong></span> 
     </span>
     <span class='ocr_line' id='line_1_49' title="bbox 1898 2971 3179 3041; baseline 0 -11"><span class='ocrx_word' id='word_1_393' title='bbox 1898 2972 2205 3030; x_wconf 84' lang='lat' dir='ltr'><strong>Lusitania</strong></span> <span class='ocrx_word' id='word_1_394' title='bbox 2237 2972 2486 3041; x_wconf 86' lang='lat' dir='ltr'><strong>ornavit,</strong></span> <span class='ocrx_word' id='word_1_395' title='bbox 2510 2971 2812 3032; x_wconf 88' lang='lat' dir='ltr'><strong>decoravit</strong></span> <span class='ocrx_word' id='word_1_396' title='bbox 2844 2992 2910 3032; x_wconf 88' lang='lat' dir='ltr'><strong>ao</strong></span> <span class='ocrx_word' id='word_1_397' title='bbox 2939 2972 3179 3031; x_wconf 85' lang='lat' dir='ltr'><strong>tandem</strong></span> 
     </span>
     <span class='ocr_line' id='line_1_50' title="bbox 1900 3060 3180 3137; baseline 0 -18"><span class='ocrx_word' id='word_1_398' title='bbox 1900 3061 2081 3119; x_wconf 86' lang='lat' dir='ltr'><strong>Roma</strong></span> <span class='ocrx_word' id='word_1_399' title='bbox 2142 3060 2390 3120; x_wconf 89' lang='lat' dir='ltr'><strong>summis</strong></span> <span class='ocrx_word' id='word_1_400' title='bbox 2450 3079 2598 3135; x_wconf 88' lang='lat' dir='ltr'><strong>quos</strong></span> <span class='ocrx_word' id='word_1_401' title='bbox 2659 3060 2892 3137; x_wconf 80' lang='lat' dir='ltr'><strong>privata</strong></span> <span class='ocrx_word' id='word_1_402' title='bbox 2940 3061 3180 3121; x_wconf 88' lang='lat' dir='ltr'><strong>fortuna</strong></span> 
     </span>
     <span class='ocr_line' id='line_1_51' title="bbox 1900 3149 3178 3226; baseline -0.001 -19"><span class='ocrx_word' id='word_1_403' title='bbox 1900 3151 2075 3224; x_wconf 82' lang='lat' dir='ltr'><strong>capit,</strong></span> <span class='ocrx_word' id='word_1_404' title='bbox 2108 3150 2432 3209; x_wconf 88' lang='lat' dir='ltr'><strong>honoribus</strong></span> <span class='ocrx_word' id='word_1_405' title='bbox 2463 3149 2657 3207; x_wconf 84' lang='lat' dir='ltr'><strong>virum</strong></span> <span class='ocrx_word' id='word_1_406' title='bbox 2678 3150 2860 3221; x_wconf 77' lang='lat' dir='ltr'><strong>auxit,</strong></span> <span class='ocrx_word' id='word_1_407' title='bbox 2882 3149 3178 3226; x_wconf 88' lang='lat' dir='ltr'><strong>ejusdem-</strong></span> 
     </span>
     <span class='ocr_line' id='line_1_52' title="bbox 1899 3238 3177 3315; baseline -0.001 -20"><span class='ocrx_word' id='word_1_408' title='bbox 1899 3258 2015 3313; x_wconf 86' lang='lat' dir='ltr'><strong>que</strong></span> <span class='ocrx_word' id='word_1_409' title='bbox 2049 3239 2200 3296; x_wconf 86' lang='lat' dir='ltr'><strong>diem</strong></span> <span class='ocrx_word' id='word_1_410' title='bbox 2236 3258 2412 3297; x_wconf 90' lang='lat' dir='ltr'><strong>suum</strong></span> <span class='ocrx_word' id='word_1_411' title='bbox 2462 3239 2739 3298; x_wconf 89' lang='lat' dir='ltr'><strong>obeuntis</strong></span> <span class='ocrx_word' id='word_1_412' title='bbox 2784 3257 2916 3298; x_wconf 85' lang='lat' dir='ltr'><strong>cum</strong></span> <span class='ocrx_word' id='word_1_413' title='bbox 2951 3238 3177 3315; x_wconf 85' lang='lat' dir='ltr'><strong>magni·</strong></span> 
     </span>
     <span class='ocr_line' id='line_1_53' title="bbox 1900 3322 3180 3403; baseline 0 -18"><span class='ocrx_word' id='word_1_414' title='bbox 1900 3322 2282 3385; x_wconf 73' lang='lat' dir='ltr'><strong>licentissime</strong></span> <span class='ocrx_word' id='word_1_415' title='bbox 2330 3345 2546 3403; x_wconf 86' lang='lat' dir='ltr'><strong>pompa</strong></span> <span class='ocrx_word' id='word_1_416' title='bbox 2576 3326 2758 3386; x_wconf 89' lang='lat' dir='ltr'><strong>funus</strong></span> <span class='ocrx_word' id='word_1_417' title='bbox 2791 3327 3022 3386; x_wconf 51' lang='lat' dir='ltr'><strong>duxit}</strong></span> <span class='ocrx_word' id='word_1_418' title='bbox 3086 3328 3180 3385; x_wconf 81' lang='lat' dir='ltr'><strong>Ita</strong></span> 
     </span>
     <span class='ocr_line' id='line_1_54' title="bbox 1898 3414 3176 3493; baseline -0.001 -19"><span class='ocrx_word' id='word_1_419' title='bbox 1898 3415 1971 3474; x_wconf 89' lang='lat' dir='ltr'><strong>de</strong></span> <span class='ocrx_word' id='word_1_420' title='bbox 2002 3435 2069 3474; x_wconf 91' lang='lat' dir='ltr'><strong>eo</strong></span> <span class='ocrx_word' id='word_1_421' title='bbox 2102 3415 2460 3474; x_wconf 87' lang='lat' dir='ltr'><strong>bibliotheca</strong></span> <span class='ocrx_word' id='word_1_422' title='bbox 2480 3415 2745 3493; x_wconf 86' lang='lat' dir='ltr'><strong>hispana,</strong></span> <span class='ocrx_word' id='word_1_423' title='bbox 2776 3417 2996 3491; x_wconf 89' lang='lat' dir='ltr'><strong>quibus</strong></span> <span class='ocrx_word' id='word_1_424' title='bbox 3012 3414 3176 3486; x_wconf 87' lang='lat' dir='ltr'><strong>adde,</strong></span> 
     </span>
     <span class='ocr_line' id='line_1_55' title="bbox 1899 3504 3178 3564; baseline 0 -2"><span class='ocrx_word' id='word_1_425' title='bbox 1899 3523 2036 3564; x_wconf 89' lang='lat' dir='ltr'><strong>eum</strong></span> <span class='ocrx_word' id='word_1_426' title='bbox 2067 3525 2109 3563; x_wconf 86' lang='lat' dir='ltr'><strong>s.</strong></span> <span class='ocrx_word' id='word_1_427' title='bbox 2143 3505 2441 3564; x_wconf 84' lang='lat' dir='ltr'><strong>Francisci</strong></span> <span class='ocrx_word' id='word_1_428' title='bbox 2472 3504 2706 3564; x_wconf 84' lang='lat' dir='ltr'><strong>Xaverii</strong></span> <span class='ocrx_word' id='word_1_429' title='bbox 2758 3505 2943 3563; x_wconf 88' lang='lat' dir='ltr'><strong>fuisse</strong></span> <span class='ocrx_word' id='word_1_430' title='bbox 2992 3523 3178 3563; x_wconf 82' lang='lat' dir='ltr'><strong>avun-</strong></span> 
     </span>
     <span class='ocr_line' id='line_1_56' title="bbox 1900 3593 3181 3668; baseline 0 -17"><span class='ocrx_word' id='word_1_431' title='bbox 1900 3594 2121 3663; x_wconf 87' lang='lat' dir='ltr'><strong>culum,</strong></span> <span class='ocrx_word' id='word_1_432' title='bbox 2156 3612 2290 3651; x_wconf 89' lang='lat' dir='ltr'><strong>cum</strong></span> <span class='ocrx_word' id='word_1_433' title='bbox 2323 3594 2501 3668; x_wconf 86' lang='lat' dir='ltr'><strong>hujus</strong></span> <span class='ocrx_word' id='word_1_434' title='bbox 2546 3594 2733 3653; x_wconf 83' lang='lat' dir='ltr'><strong>sancti</strong></span> <span class='ocrx_word' id='word_1_435' title='bbox 2778 3597 2967 3653; x_wconf 83' lang='lat' dir='ltr'><strong>mater</strong></span> <span class='ocrx_word' id='word_1_436' title='bbox 2998 3593 3181 3652; x_wconf 83' lang='lat' dir='ltr'><strong>fuerit</strong></span> 
     </span>
     <span class='ocr_line' id='line_1_57' title="bbox 1901 3681 3179 3759; baseline 0 -19"><span class='ocrx_word' id='word_1_437' title='bbox 1901 3682 2136 3740; x_wconf 83' lang='lat' dir='ltr'><strong>Martini</strong></span> <span class='ocrx_word' id='word_1_438' title='bbox 2170 3686 2345 3741; x_wconf 84' lang='lat' dir='ltr'><strong>soror.</strong></span> <span class='ocrx_word' id='word_1_439' title='bbox 2377 3682 2616 3741; x_wconf 83' lang='lat' dir='ltr'><strong>Tolosae</strong></span> <span class='ocrx_word' id='word_1_440' title='bbox 2647 3681 2834 3759; x_wconf 86' lang='lat' dir='ltr'><strong>prius,</strong></span> <span class='ocrx_word' id='word_1_441' title='bbox 2867 3682 3003 3741; x_wconf 89' lang='lat' dir='ltr'><strong>dein</strong></span> <span class='ocrx_word' id='word_1_442' title='bbox 3036 3702 3179 3759; x_wconf 92' lang='lat' dir='ltr'><strong>qua-</strong></span> 
     </span>
     <span class='ocr_line' id='line_1_58' title="bbox 1899 3770 3183 3840; baseline 0 -11"><span class='ocrx_word' id='word_1_443' title='bbox 1899 3770 2225 3830; x_wconf 86' lang='lat' dir='ltr'><strong>tuordecim</strong></span> <span class='ocrx_word' id='word_1_444' title='bbox 2258 3789 2442 3830; x_wconf 86' lang='lat' dir='ltr'><strong>annos</strong></span> <span class='ocrx_word' id='word_1_445' title='bbox 2474 3771 2570 3840; x_wconf 82' lang='lat' dir='ltr'><strong>ius</strong></span> <span class='ocrx_word' id='word_1_446' title='bbox 2602 3773 2948 3830; x_wconf 85' lang='lat' dir='ltr'><strong>canonicum</strong></span> <span class='ocrx_word' id='word_1_447' title='bbox 2981 3771 3183 3830; x_wconf 84' lang='lat' dir='ltr'><strong>docuit</strong></span> 
     </span>
     <span class='ocr_line' id='line_1_59' title="bbox 1901 3858 3177 3930; baseline 0 -13"><span class='ocrx_word' id='word_1_448' title='bbox 1901 3860 2308 3929; x_wconf 74' lang='lat' dir='ltr'><strong>salmanticae,</strong></span> <span class='ocrx_word' id='word_1_449' title='bbox 2388 3858 2683 3918; x_wconf 83' lang='lat' dir='ltr'><strong>sexdecim</strong></span> <span class='ocrx_word' id='word_1_450' title='bbox 2759 3860 3177 3930; x_wconf 78' lang='lat' dir='ltr'><strong>conimbricae,</strong></span> 
     </span>
     <span class='ocr_line' id='line_1_60' title="bbox 1900 3947 3178 4024; baseline 0 -18"><span class='ocrx_word' id='word_1_451' title='bbox 1900 3967 2017 4024; x_wconf 89' lang='lat' dir='ltr'><strong>quo</strong></span> <span class='ocrx_word' id='word_1_452' title='bbox 2049 3948 2238 4006; x_wconf 82' lang='lat' dir='ltr'><strong>enixis</strong></span> <span class='ocrx_word' id='word_1_453' title='bbox 2269 3947 2539 4024; x_wconf 83' lang='lat' dir='ltr'><strong>precibus</strong></span> <span class='ocrx_word' id='word_1_454' title='bbox 2571 3968 2705 4007; x_wconf 81' lang='lat' dir='ltr'><strong>eum</strong></span> <span class='ocrx_word' id='word_1_455' title='bbox 2738 3949 2969 4008; x_wconf 80' lang='lat' dir='ltr'><strong>vocavit</strong></span> <span class='ocrx_word' id='word_1_456' title='bbox 2998 3949 3178 4008; x_wconf 87' lang='lat' dir='ltr'><strong>Joan-</strong></span> 
     </span>
    </p>
   </div>
   <div class='ocr_carea' id='block_1_7' title="bbox 563 4036 3180 4167">
    <p class='ocr_par' dir='ltr' id='par_1_7' title="bbox 563 4036 3180 4167">
     <span class='ocr_line' id='line_1_61' title="bbox 563 4036 3180 4167; baseline 0 -72"><span class='ocrx_word' id='word_1_457' title='bbox 563 4043 830 4167; x_wconf 31' lang='lat' dir='ltr'><strong>dezfluc</strong></span> <span class='ocrx_word' id='word_1_458' title='bbox 855 4043 1049 4097; x_wconf 86' lang='lat' dir='ltr'><strong>referri</strong></span> <span class='ocrx_word' id='word_1_459' title='bbox 1077 4061 1305 4126; x_wconf 84' lang='lat' dir='ltr'><strong>quoque</strong></span> <span class='ocrx_word' id='word_1_460' title='bbox 1320 4047 1511 4114; x_wconf 86' lang='lat' dir='ltr'><strong>posset</strong></span> <span class='ocrx_word' id='word_1_461' title='bbox 1525 4045 1845 4101; x_wconf 84' lang='lat' dir='ltr'><strong>Ludovicus</strong></span> <span class='ocrx_word' id='word_1_462' title='bbox 1899 4051 2006 4095; x_wconf 70' lang='lat' dir='ltr'><strong>nes‘</strong></span> <span class='ocrx_word' id='word_1_463' title='bbox 2035 4036 2137 4093; x_wconf 88' lang='grc' dir='ltr'><strong>ΙΙΙ.</strong></span> <span class='ocrx_word' id='word_1_464' title='bbox 2172 4036 2243 4094; x_wconf 88' lang='lat' dir='ltr'><strong>ad</strong></span> <span class='ocrx_word' id='word_1_465' title='bbox 2277 4037 2456 4113; x_wconf 76' lang='lat' dir='ltr'><strong>huJus</strong></span> <span class='ocrx_word' id='word_1_466' title='bbox 2499 4036 2828 4098; x_wconf 82' lang='lat' dir='ltr'><strong>academiae</strong></span> <span class='ocrx_word' id='word_1_467' title='bbox 2859 4038 3062 4098; x_wconf 87' lang='lat' dir='ltr'><strong>florem</strong></span> <span class='ocrx_word' id='word_1_468' title='bbox 3096 4037 3180 4095; x_wconf 88' lang='lat' dir='ltr'><strong>sa-</strong></span> 
     </span>
    </p>
   </div>
   <div class='ocr_carea' id='block_1_8' title="bbox 559 4115 1845 4257">
    <p class='ocr_par' dir='ltr' id='par_1_8' title="bbox 559 4115 1845 4257">
     <span class='ocr_line' id='line_1_62' title="bbox 719 4115 1844 4179; baseline 0.004 -14"><span class='ocrx_word' id='word_1_469' title='bbox 719 4130 752 4166; x_wconf 88' lang='lat' dir='ltr'><strong>a</strong></span> <span class='ocrx_word' id='word_1_470' title='bbox 768 4132 796 4165; x_wconf 90' lang='lat' dir='ltr'><strong>r</strong></span> <span class='ocrx_word' id='word_1_471' title='bbox 811 4131 844 4167; x_wconf 84' lang='lat' dir='ltr'><strong>a</strong></span> <span class='ocrx_word' id='word_1_472' title='bbox 861 4133 913 4167; x_wconf 90' lang='lat' dir='ltr'><strong>m</strong></span> <span class='ocrx_word' id='word_1_473' title='bbox 936 4132 986 4179; x_wconf 88' lang='lat'><strong>0,</strong></span> <span class='ocrx_word' id='word_1_474' title='bbox 1014 4115 1443 4169; x_wconf 80' lang='lat' dir='ltr'><strong>archidiaconus</strong></span> <span class='ocrx_word' id='word_1_475' title='bbox 1469 4117 1527 4169; x_wconf 85' lang='lat' dir='ltr'><strong>et</strong></span> <span class='ocrx_word' id='word_1_476' title='bbox 1540 4116 1844 4170; x_wconf 84' lang='lat' dir='ltr'><strong>canonicus</strong></span> 
     </span>
     <span class='ocr_line' id='line_1_63' title="bbox 559 4184 1845 4257; baseline 0.002 -18"><span class='ocrx_word' id='word_1_477' title='bbox 559 4184 825 4240; x_wconf 84' lang='lat' dir='ltr'><strong>ecclesiae</strong></span> <span class='ocrx_word' id='word_1_478' title='bbox 849 4185 1208 4256; x_wconf 80' lang='lat' dir='ltr'><strong>legionensis,</strong></span> <span class='ocrx_word' id='word_1_479' title='bbox 1225 4186 1433 4241; x_wconf 89' lang='lat' dir='ltr'><strong>deinde</strong></span> <span class='ocrx_word' id='word_1_480' title='bbox 1449 4187 1603 4257; x_wconf 85' lang='lat' dir='ltr'><strong>apud</strong></span> <span class='ocrx_word' id='word_1_481' title='bbox 1626 4187 1845 4241; x_wconf 85' lang='lat' dir='ltr'><strong>Siculos</strong></span> 
     </span>
    </p>
   </div>
   <div class='ocr_carea' id='block_1_9' title="bbox 1898 4178 2216 4184">
    <p class='ocr_par' dir='ltr' id='par_1_9' title="bbox 1898 4178 2216 4184">
     <span class='ocr_line' id='line_1_64' title="bbox 1898 4178 2216 4184; baseline 0 0"><span class='ocrx_word' id='word_1_482' title='bbox 1898 4178 2216 4184; x_wconf 95' lang='lat' dir='ltr'><strong> </strong></span> 
     </span>
    </p>
   </div>
   <div class='ocr_carea' id='block_1_10' title="bbox 557 4254 3215 4826">
    <p class='ocr_par' dir='ltr' id='par_1_10' title="bbox 557 4254 3215 4826">
     <span class='ocr_line' id='line_1_65' title="bbox 559 4254 3183 4331; baseline 0.002 -22"><span class='ocrx_word' id='word_1_483' title='bbox 559 4256 689 4310; x_wconf 87' lang='lat' dir='ltr'><strong>fidei</strong></span> <span class='ocrx_word' id='word_1_484' title='bbox 719 4273 1015 4311; x_wconf 82' lang='lat' dir='ltr'><strong>causarum</strong></span> <span class='ocrx_word' id='word_1_485' title='bbox 1043 4257 1386 4327; x_wconf 75' lang='lat' dir='ltr'><strong>apostolicus</strong></span> <span class='ocrx_word' id='word_1_486' title='bbox 1399 4258 1724 4326; x_wconf 83' lang='lat' dir='ltr'><strong>inquisitor,</strong></span> <span class='ocrx_word' id='word_1_487' title='bbox 1742 4259 1846 4327; x_wconf 90' lang='lat' dir='ltr'><strong>qui</strong></span> <span class='ocrx_word' id='word_1_488' title='bbox 1900 4254 2217 4314; x_wconf 80' lang='lat' dir='ltr'><strong>eruditione</strong></span> <span class='ocrx_word' id='word_1_489' title='bbox 2244 4277 2307 4314; x_wconf 88' lang='lat' dir='ltr'><strong>ac</strong></span> <span class='ocrx_word' id='word_1_490' title='bbox 2327 4259 2598 4325; x_wconf 85' lang='lat' dir='ltr'><strong>doctrina,</strong></span> <span class='ocrx_word' id='word_1_491' title='bbox 2619 4261 2774 4331; x_wconf 88' lang='lat' dir='ltr'><strong>quod</strong></span> <span class='ocrx_word' id='word_1_492' title='bbox 2792 4260 3071 4316; x_wconf 88' lang='lat' dir='ltr'><strong>scribendi</strong></span> <span class='ocrx_word' id='word_1_493' title='bbox 3088 4261 3183 4313; x_wconf 85' lang='lat' dir='ltr'><strong>sti-</strong></span> 
     </span>
     <span class='ocr_line' id='line_1_66' title="bbox 557 4328 3215 4401; baseline 0.002 -21"><span class='ocrx_word' id='word_1_494' title='bbox 557 4328 707 4383; x_wconf 86' lang='lat' dir='ltr'><strong>inter</strong></span> <span class='ocrx_word' id='word_1_495' title='bbox 735 4328 852 4383; x_wconf 87' lang='lat' dir='ltr'><strong>alia</strong></span> <span class='ocrx_word' id='word_1_496' title='bbox 879 4328 1139 4399; x_wconf 81' lang='lat' dir='ltr'><strong>scripsit:</strong></span> <span class='ocrx_word' id='word_1_497' title='bbox 1165 4332 1246 4384; x_wconf 80' lang='lat' dir='ltr'><strong>De</strong></span> <span class='ocrx_word' id='word_1_498' title='bbox 1261 4334 1463 4398; x_wconf 51' lang='lat' dir='ltr'><strong>origine</strong></span> <span class='ocrx_word' id='word_1_499' title='bbox 1485 4340 1534 4385; x_wconf 76' lang='lat' dir='ltr'><strong>et</strong></span> <span class='ocrx_word' id='word_1_500' title='bbox 1555 4349 1846 4399; x_wconf 64' lang='lat' dir='ltr'><strong>prom-essu</strong></span> <span class='ocrx_word' id='word_1_501' title='bbox 1898 4330 1989 4384; x_wconf 87' lang='lat' dir='ltr'><strong>lus</strong></span> <span class='ocrx_word' id='word_1_502' title='bbox 2029 4334 2087 4391; x_wconf 85' lang='lat' dir='ltr'><strong>et</strong></span> <span class='ocrx_word' id='word_1_503' title='bbox 2127 4331 2339 4387; x_wconf 86' lang='lat' dir='ltr'><strong>latinae</strong></span> <span class='ocrx_word' id='word_1_504' title='bbox 2380 4331 2743 4401; x_wconf 83' lang='lat' dir='ltr'><strong>eloquentiae</strong></span> <span class='ocrx_word' id='word_1_505' title='bbox 2788 4333 3030 4387; x_wconf 80' lang='lat' dir='ltr'><strong>facultas</strong></span> <span class='ocrx_word' id='word_1_506' title='bbox 3069 4342 3215 4386; x_wconf 73' lang='lat' dir='ltr'><strong>non*</strong></span> 
     </span>
     <span class='ocr_line' id='line_1_67' title="bbox 560 4400 3183 4474; baseline 0.001 -21"><span class='ocrx_word' id='word_1_507' title='bbox 560 4403 730 4467; x_wconf 73' lang='lat' dir='ltr'><strong>officii</strong></span> <span class='ocrx_word' id='word_1_508' title='bbox 753 4419 794 4455; x_wconf 83' lang='lat' dir='ltr'><strong>s.</strong></span> <span class='ocrx_word' id='word_1_509' title='bbox 821 4404 1189 4469; x_wconf 53' lang='lat' dir='ltr'><strong>Inquisitiomzs</strong></span> <span class='ocrx_word' id='word_1_510' title='bbox 1214 4401 1452 4469; x_wconf 89' lang='lat' dir='ltr'><strong>ejusque</strong></span> <span class='ocrx_word' id='word_1_511' title='bbox 1479 4401 1759 4471; x_wconf 82' lang='lat' dir='ltr'><strong>dignitate</strong></span> <span class='ocrx_word' id='word_1_512' title='bbox 1786 4404 1843 4456; x_wconf 86' lang='lat' dir='ltr'><strong>et</strong></span> <span class='ocrx_word' id='word_1_513' title='bbox 1900 4400 2257 4457; x_wconf 84' lang='lat' dir='ltr'><strong>mediocriter</strong></span> <span class='ocrx_word' id='word_1_514' title='bbox 2277 4406 2531 4459; x_wconf 60' lang='lat' dir='ltr'><strong>ornant*</strong></span> <span class='ocrx_word' id='word_1_515' title='bbox 2561 4437 2628 4445; x_wconf 93' lang='lat'><strong>—</strong></span> <span class='ocrx_word' id='word_1_516' title='bbox 2657 4403 2959 4474; x_wconf 80' lang='lat' dir='ltr'><strong>Dionysius</strong></span> <span class='ocrx_word' id='word_1_517' title='bbox 2974 4402 3183 4458; x_wconf 81' lang='lat' dir='ltr'><strong>Paulus</strong></span> 
     </span>
     <span class='ocr_line' id='line_1_68' title="bbox 561 4469 3181 4554; baseline 0.002 -32"><span class='ocrx_word' id='word_1_518' title='bbox 561 4469 830 4533; x_wconf 85' lang='lat' dir='ltr'><strong>utilitate,</strong></span> <span class='ocrx_word' id='word_1_519' title='bbox 859 4487 1079 4525; x_wconf 88' lang='lat' dir='ltr'><strong>necnon</strong></span> <span class='ocrx_word' id='word_1_520' title='bbox 1120 4474 1177 4525; x_wconf 90' lang='lat' dir='ltr'><strong>et</strong></span> <span class='ocrx_word' id='word_1_521' title='bbox 1215 4488 1352 4526; x_wconf 89' lang='lat' dir='ltr'><strong>rom.</strong></span> <span class='ocrx_word' id='word_1_522' title='bbox 1382 4472 1664 4541; x_wconf 83' lang='lat' dir='ltr'><strong>pontificis</strong></span> <span class='ocrx_word' id='word_1_523' title='bbox 1690 4475 1844 4542; x_wconf 88' lang='lat' dir='ltr'><strong>pote·</strong></span> <span class='ocrx_word' id='word_1_524' title='bbox 1901 4471 2080 4554; x_wconf 83' lang='lat' dir='ltr'><strong>Llop</strong></span> <span class='ocrx_word' id='word_1_525' title='bbox 2099 4474 2117 4526; x_wconf 90' lang='lat' dir='ltr'><strong>i</strong></span> <span class='ocrx_word' id='word_1_526' title='bbox 2135 4483 2160 4526; x_wconf 76' lang='lat' dir='ltr'><strong>s·</strong></span> <span class='ocrx_word' id='word_1_527' title='bbox 2205 4475 2537 4529; x_wconf 81' lang='lat' dir='ltr'><strong>Valentinus</strong></span> <span class='ocrx_word' id='word_1_528' title='bbox 2566 4475 2865 4545; x_wconf 82' lang='lat' dir='ltr'><strong>utriusque</strong></span> <span class='ocrx_word' id='word_1_529' title='bbox 2884 4474 3032 4545; x_wconf 85' lang='lat' dir='ltr'><strong>juris</strong></span> <span class='ocrx_word' id='word_1_530' title='bbox 3058 4475 3181 4529; x_wconf 78' lang='lat' dir='ltr'><strong>doc-</strong></span> 
     </span>
     <span class='ocr_line' id='line_1_69' title="bbox 559 4541 3181 4617; baseline 0.003 -23"><span class='ocrx_word' id='word_1_531' title='bbox 559 4544 706 4595; x_wconf 81' lang='lat' dir='ltr'><strong>state</strong></span> <span class='ocrx_word' id='word_1_532' title='bbox 723 4545 782 4596; x_wconf 84' lang='lat' dir='ltr'><strong>et</strong></span> <span class='ocrx_word' id='word_1_533' title='bbox 796 4541 921 4596; x_wconf 89' lang='lat' dir='ltr'><strong>dele</strong></span> <span class='ocrx_word' id='word_1_534' title='bbox 1002 4542 1498 4611; x_wconf 79' lang='lat' dir='ltr'><strong>tainqnisitorum,</strong></span> <span class='ocrx_word' id='word_1_535' title='bbox 1516 4543 1700 4598; x_wconf 88' lang='lat' dir='ltr'><strong>edicto</strong></span> <span class='ocrx_word' id='word_1_536' title='bbox 1717 4543 1844 4597; x_wconf 84' lang='lat' dir='ltr'><strong>fidei</strong></span> <span class='ocrx_word' id='word_1_537' title='bbox 1899 4547 1988 4598; x_wconf 87' lang='lat' dir='ltr'><strong>tor</strong></span> <span class='ocrx_word' id='word_1_538' title='bbox 2014 4543 2282 4601; x_wconf 77' lang='lat' dir='ltr'><strong>disseruit</strong></span> <span class='ocrx_word' id='word_1_539' title='bbox 2317 4551 2381 4601; x_wconf 80' lang='lat' dir='ltr'><strong>de</strong></span> <span class='ocrx_word' id='word_1_540' title='bbox 2421 4550 2544 4601; x_wconf 78' lang='lat' dir='ltr'><strong>ve‘ra</strong></span> <span class='ocrx_word' id='word_1_541' title='bbox 2589 4556 2821 4617; x_wconf 75' lang='lat' dir='ltr'><strong>quatuor</strong></span> <span class='ocrx_word' id='word_1_542' title='bbox 2835 4548 3181 4617; x_wconf 53' lang='lat' dir='ltr'><strong>patriarcha-</strong></span> 
     </span>
     <span class='ocr_line' id='line_1_70' title="bbox 559 4612 3182 4694; baseline 0.002 -29"><span class='ocrx_word' id='word_1_543' title='bbox 559 4614 618 4665; x_wconf 88' lang='lat' dir='ltr'><strong>et</strong></span> <span class='ocrx_word' id='word_1_544' title='bbox 643 4612 914 4694; x_wconf 74' lang='lat' dir='ltr'><strong>ordineju</strong></span> <span class='ocrx_word' id='word_1_545' title='bbox 960 4613 1151 4669; x_wconf 83' lang='lat' dir='ltr'><strong>&#39;ciario</strong></span> <span class='ocrx_word' id='word_1_546' title='bbox 1170 4633 1211 4667; x_wconf 89' lang='lat' dir='ltr'><strong>s.</strong></span> <span class='ocrx_word' id='word_1_547' title='bbox 1235 4613 1844 4689; x_wconf 83' lang='lat' dir='ltr'><strong>officii,Matriti1598;</strong></span> <span class='ocrx_word' id='word_1_548' title='bbox 1900 4619 2032 4670; x_wconf 69' lang='lat' dir='ltr'><strong>lium</strong></span> <span class='ocrx_word' id='word_1_549' title='bbox 2082 4621 2286 4671; x_wconf 80' lang='lat' dir='ltr'><strong>sedium</strong></span> <span class='ocrx_word' id='word_1_550' title='bbox 2336 4618 2589 4686; x_wconf 70' lang='lat' dir='ltr'><strong>diqnttate</strong></span> <span class='ocrx_word' id='word_1_551' title='bbox 2639 4624 2814 4687; x_wconf 81' lang='lat' dir='ltr'><strong>atque</strong></span> <span class='ocrx_word' id='word_1_552' title='bbox 2877 4617 3182 4674; x_wconf 84' lang='lat' dir='ltr'><strong>earundem</strong></span> 
     </span>
     <span class='ocr_line' id='line_1_71' title="bbox 560 4682 3186 4768; baseline 0.004 -32"><span class='ocrx_word' id='word_1_553' title='bbox 560 4685 925 4766; x_wconf 57' lang='lat' dir='ltr'><strong>Antvyerpiae</strong></span> <span class='ocrx_word' id='word_1_554' title='bbox 953 4686 1169 4743; x_wconf 87' lang='lat' dir='ltr'><strong>1614in</strong></span> <span class='ocrx_word' id='word_1_555' title='bbox 1188 4686 1225 4739; x_wconf 91' lang='lat' dir='ltr'><strong>f.</strong></span> <span class='ocrx_word' id='word_1_556' title='bbox 1259 4682 1533 4747; x_wconf 79' lang='lat' dir='ltr'><strong>„Plenum</strong></span> <span class='ocrx_word' id='word_1_557' title='bbox 1550 4685 1666 4741; x_wconf 81' lang='lat' dir='ltr'><strong>scil.</strong></span> <span class='ocrx_word' id='word_1_558' title='bbox 1684 4702 1844 4757; x_wconf 86' lang='lat' dir='ltr'><strong>opus,</strong></span> <span class='ocrx_word' id='word_1_559' title='bbox 1902 4687 2129 4768; x_wconf 81' lang='lat' dir='ltr'><strong>proprie</strong></span> <span class='ocrx_word' id='word_1_560' title='bbox 2152 4687 2305 4742; x_wconf 87' lang='lat' dir='ltr'><strong>inter</strong></span> <span class='ocrx_word' id='word_1_561' title='bbox 2331 4704 2387 4742; x_wconf 86' lang='lat' dir='ltr'><strong>se</strong></span> <span class='ocrx_word' id='word_1_562' title='bbox 2414 4689 2779 4757; x_wconf 83' lang='lat' dir='ltr'><strong>aequalitate,</strong></span> <span class='ocrx_word' id='word_1_563' title='bbox 2807 4689 3018 4744; x_wconf 83' lang='lat' dir='ltr'><strong>Romae</strong></span> <span class='ocrx_word' id='word_1_564' title='bbox 3046 4688 3186 4746; x_wconf 83' lang='lat'>1600</span> 
     </span>
     <span class='ocr_line' id='line_1_72' title="bbox 560 4755 2041 4826; baseline 0.003 -17"><span class='ocrx_word' id='word_1_565' title='bbox 560 4756 754 4824; x_wconf 76' lang='lat' dir='ltr'><strong>inquit</strong></span> <span class='ocrx_word' id='word_1_566' title='bbox 784 4755 1126 4810; x_wconf 82' lang='lat' dir='ltr'><strong>b1b1iotheca</strong></span> <span class='ocrx_word' id='word_1_567' title='bbox 1149 4756 1297 4826; x_wconf 88' lang='lat' dir='ltr'><strong>hisp.</strong></span> <span class='ocrx_word' id='word_1_568' title='bbox 1324 4773 1474 4812; x_wconf 83' lang='lat' dir='ltr'><strong>nova</strong></span> <span class='ocrx_word' id='word_1_569' title='bbox 1499 4762 1548 4822; x_wconf 83' lang='lat'><strong>2,</strong></span> <span class='ocrx_word' id='word_1_570' title='bbox 1576 4762 1663 4824; x_wconf 83' lang='lat'><strong>57,</strong></span> <span class='ocrx_word' id='word_1_571' title='bbox 1691 4761 1848 4813; x_wconf 84' lang='lat' dir='ltr'><strong>varia</strong></span> <span class='ocrx_word' id='word_1_572' title='bbox 1902 4777 1964 4812; x_wconf 79' lang='lat' dir='ltr'><strong>in</strong></span> <span class='ocrx_word' id='word_1_573' title='bbox 1989 4764 2041 4814; x_wconf 83' lang='lat'><strong>4.</strong></span> 
     </span>
    </p>
   </div>
  </div>
 </body>
</html>
