3625 5193
362 276 474 331 197

394 449 443 506 A
475 448 802 506 coloniensi
834 448 1073 507 ecclesia
1103 448 1177 506 ad
1210 449 1484 510 Carolum
1517 451 1582 513 V.

1441 540 1628 617 [imp.,

534 626 628 684 Ab
661 626 879 684 Ottone
913 627 1067 689 card.
1102 630 1437 704 augustano

580 714 672 773 Ad
706 734 748 773 s.
784 714 1101 774 concilium
1130 717 1390 787 trident„

465 806 516 861 A
548 803 919 864 Ferdinando
950 805 1092 881 imp.
1126 806 1510 866 Wormatiam

421 893 638 951 Contra
668 894 1140 953 Melanchtonem
1173 895 1552 965 haereticum,

347 984 398 1040 A
430 982 535 1041 Pio
568 982 661 1040 IV.
701 983 871 1041 Pont.
905 1002 1052 1041 max.
1076 983 1149 1041 ad
1167 984 1463 1061 principes
1486 986 1628 1043 Ger-

1368 1072 1629 1150 [maniae

507 1161 578 1218 In
610 1159 724 1218 fide
756 1161 1183 1220 confirmandos
1215 1162 1465 1233 missus;

349 1250 672 1323 Postquam
693 1250 923 1317 Romae,
946 1250 1009 1308 in
1030 1250 1264 1309 Siciliae
1295 1256 1356 1310 et
1388 1252 1630 1310 Germa·

777 1338 939 1414 [niae
972 1339 1285 1398 academiis
1310 1341 1626 1412 docuisset,

510 1426 627 1485 Diu
660 1427 822 1502 apud
852 1427 897 1485 F
901 1428 1294 1486 ordinandum
1325 1430 1465 1505 imp.

349 1515 424 1573 Et
469 1516 690 1591 passim
742 1535 970 1574 summa
1016 1517 1194 1576 laude
1241 1519 1490 1578 verbum
1521 1518 1631 1576 Dei

1188 1606 1629 1683 [praedicasset,

580 1694 817 1751 Primus
850 1694 1235 1753 Provincialis
1270 1696 1392 1757 Soc.

637 1782 916 1857 Ejusdem
947 1783 1012 1842 in
1044 1784 1356 1844 Germania

475 1873 569 1929 Ab
601 1872 731 1947 ipso
764 1889 879 1933 soc.
912 1876 1152 1933 auctore
1185 1875 1245 1931 P.
1279 1875 1511 1951 Ignatio

760 1962 948 2019 Datus
981 1961 1204 2030 fuisset,

379 2049 748 2125 scriptisque
780 2050 956 2107 fidem
989 2052 1334 2111 catholicam
1365 2052 1602 2129 egregie

792 2138 1181 2209 Illustrasset,

349 2227 653 2302 Auspiciis
686 2228 1009 2286 Reverendi
1043 2229 1107 2287 D.
1140 2229 1307 2288 Joan.
1337 2229 1630 2287 Francisci

484 2316 845 2392 Friburgum
878 2318 1291 2395 sexagenarius
1322 2318 1505 2387 venit,

400 2405 642 2481 Collegii
677 2406 973 2465 societatis
1004 2406 1389 2465 fundamenta
1413 2407 1575 2482 jecit,

425 2494 617 2552 Multa
648 2495 948 2570 praeclara
977 2495 1332 2555 documenta
1364 2495 1545 2563 dedit,

353 2582 426 2640 Et.
457 2584 629 2658 quasi
662 2584 899 2661 quidem
926 2584 1414 2662 Friburgensium
1432 2587 1631 2660 patro-

1472 2674 1630 2750 [nus

395 2761 688 2821 Ecclesiae
722 2782 825 2837 per
857 2761 1191 2821 Helvetiam
1223 2763 1569 2838 patriarcha,

351 2849 672 2928 Religionis
706 2851 1028 2910 catholicae
1070 2871 1176 2910 suo
1222 2857 1486 2927 tempore
1535 2871 1629 2910 co·

1384 2938 1627 3021 (lumna,

456 3028 604 3088 Toto
637 3029 957 3088 christiano
989 3030 1129 3089 orbe
1160 3029 1524 3098 notissimus,

406 3117 563 3186 Fide,
599 3118 933 3194 prudentia,
966 3118 1261 3177 indefesso
1293 3117 1585 3177 scribendi

961 3207 1212 3283 [labore,
1245 3207 1626 3276 abstinentia,

423 3295 677 3353 Perenni
710 3296 1018 3372 gravitate,
1053 3296 1235 3354 animi
1266 3297 1551 3370 puritate,

545 3385 1036 3460 Flagrantissimo
1069 3384 1173 3443 Dei
1207 3402 1418 3455 amore,

449 3473 756 3547 Multaque
789 3474 1109 3532 sanctitate
1144 3474 1522 3544 clarissimae,

635 3561 919 3638 Migravit
950 3562 1023 3620 ad
1057 3562 1350 3642 Christum

569 3650 744 3709 Festo
778 3670 819 3709 s.
853 3651 1106 3710 'shomae
1136 3651 1404 3726 Apostoli

631 3747 793 3800 1597
831 3758 984 3799 anno
1019 3741 1229 3798 aetatis
1267 3749 1364 3801 77.

347 3824 551 3884 Edidit
591 3827 826 3885 Tauleri
875 3846 1051 3903 opera-
1101 3829 1423 3904 praemissa
1471 3829 1627 3904 ejus-

345 3913 476 3973 dem
525 3916 668 3985 vita,
722 3917 994 3976 Coloniae
1051 3927 1248 3989 15433
1294 3919 1365 3976 D.
1423 3917 1630 3993 Cyrilli

347 4006 594 4079 archiep.
641 4006 1018 4065 alexandrini
1061 4024 1260 4080 opera,
1312 4016 1476 4070 1546
1511 4011 1552 4063 t.
1589 4015 1624 4067 2

346 4092 409 4149 in
440 4095 497 4162 f.,
545 4094 705 4166 inter
749 4113 901 4168 quae
946 4096 1007 4155 ll.
1043 4095 1121 4153 XI
1174 4096 1238 4153 in
1285 4096 1424 4159 Gen.
1469 4113 1631 4153 nunc

345 4182 602 4256 primum
649 4182 812 4256 editi,
846 4184 933 4243 ed.
967 4185 1297 4258 rarissima;
1329 4204 1375 4245 s.
1422 4183 1631 4243 Leonis

345 4270 425 4328 M.
445 4291 735 4330 sermones
767 4280 816 4330 et
846 4268 1132 4344 homilias,
1164 4273 1242 4331 ib.
1285 4282 1448 4336 1547
1471 4295 1482 4343 ;
1516 4272 1626 4334 Lo-

1403 266 1601 321 Petrus
1627 266 1895 320 Canisius.

2850 279 2969 335 198

1686 450 2092 519 catechismus,
2140 453 2210 508 ut
2256 450 2627 509 discernatur
2673 469 2707 508 a
2742 450 2972 510 minore

1687 541 1747 598 et
1778 539 2042 609 minimo,
2079 556 2226 614 quos
2247 539 2453 598 ambos
2485 539 2549 597 in
2582 539 2837 615 gratiam
2869 559 2971 597 ru-

1686 629 1920 687 diorum
1951 631 2161 703 postea
2191 627 2512 704 evulgavit.
2545 627 2629 685 Ea
2648 630 2907 702 primum
2922 625 2968 709 ¹)

1684 717 1911 793 prodiit
1949 726 2135 786 1554,
2170 716 2309 776 dein
2342 716 2702 792 saepissime,
2736 717 2881 775 adeo
2900 723 2973 775 ut

1685 806 1867 865 editio
1886 805 2227 882 parisiensis
2257 825 2306 864 a.
2334 815 2496 869 1668
2518 806 2592 864 ad
2612 805 2970 883 quadrigen-

1683 900 1778 955 tas
1808 895 2097 954 editiones
2135 900 2441 964 numeret;
2487 895 2549 953 in
2586 895 2787 970 plures
2821 913 2969 970 quo-

1685 1004 1800 1060 que
1832 985 2067 1060 linguas
2099 1003 2267 1042 versa
2298 984 2430 1043 fuit.
2474 983 2684 1042 Merito
2720 984 2969 1059 proinde

1685 1073 1978 1133 Baronius
2039 1073 2111 1131 de
2166 1092 2235 1131 eo
2279 1076 2320 1131 t.
2364 1084 2414 1135 1.
2462 1073 2673 1131 Annal.
2713 1072 2786 1129 ad
2827 1092 2876 1133 a.
2915 1083 2969 1135 9.

1684 1163 1885 1239 potuit
1981 1162 2251 1222 scribere.
2344 1161 2767 1230 ,Venerandus
2858 1162 2967 1229 vir,

1685 1253 1857 1327 cujus
1891 1251 2019 1310 laus
2051 1255 2146 1310 est
2174 1251 2239 1309 in
2270 1249 2591 1328 Evangelio
2622 1268 2728 1326 per
2768 1269 2970 1308 omnes

1685 1341 2012 1399 ecclesias‘
2079 1340 2629 1398 Commentariorum
2695 1340 2764 1396 de
2818 1340 2971 1397 verbi

1684 1430 1796 1488 Dei
1827 1430 2169 1504 corruptelis
2199 1432 2240 1487 t.
2270 1439 2339 1497 1.,
2374 1428 2437 1486 in
2469 1447 2588 1503 quo
2619 1427 2691 1487 de
2711 1445 2782 1487 ss.
2798 1447 2968 1502 prae-

1684 1519 1939 1577 cursoris
1972 1517 2208 1578 Domini
2239 1517 2493 1576 Joannia
2524 1517 2832 1593 Baptistae
2876 1517 2969 1574 hi-

1687 1609 1872 1666 storia
1920 1606 2260 1683 evangelica
2304 1626 2441 1665 cum
2492 1606 2777 1664 adversus
2825 1606 2971 1667 alios

1686 1697 1867 1772 hujus
1913 1697 2200 1772 temporis
2246 1697 2541 1765 sectarios,
2588 1700 2720 1753 tum
2764 1697 2972 1753 contra

1685 1803 1869 1846 novos
1902 1785 2325 1844 ecclesiasticae
2362 1785 2645 1843 historiae
2677 1784 2969 1843 consarci-

1687 1878 1924 1933 natores
2006 1869 2482 1953 (centuriatores)
2547 1875 2967 1949 pertractatur,

1689 1964 1958 2040 Dilingae
1997 1974 2152 2026 1571
2196 1962 2259 2021 in
2294 1972 2363 2032 43
2397 1964 2484 2021 De
2502 1963 2706 2020 Maria
2738 1961 2972 2039 Virqine

1686 2053 2128 2127 incomparabili
2158 2060 2207 2108 et
2239 2052 2348 2109 Dei
2373 2054 2649 2132 yenitrice
2679 2052 2739 2108 ll.
2768 2061 2820 2117 5,
2846 2051 2970 2108 sive

1687 2145 1727 2198 t.
1766 2151 1822 2203 2.
1856 2140 2408 2199 commentariorum
2434 2140 2507 2197 de
2526 2139 2693 2197 verbi
2714 2140 2820 2197 Dei
2842 2157 2968 2196 cor·

1686 2230 1956 2304 ruptelis,
1979 2228 2325 2305 Ingolstadii
2365 2237 2527 2290 1577
2552 2248 2565 2295 3
2609 2236 2793 2297 1583,
2817 2245 2967 2302 opus

1686 2318 1854 2376 valde
1888 2336 2105 2387 rarum,
2140 2317 2378 2375 Parisiis
2419 2324 2617 2385 15843
2644 2319 2967 2389 utrumque

1687 2408 1900 2465 saltem
1930 2406 2246 2482 quinquies
2279 2405 2523 2463 editum.
2559 2404 2811 2462 Disserit
2842 2405 2881 2461 l.
2912 2416 2961 2465 l.

1687 2496 1759 2554 de
1776 2496 2151 2555 immaculata
2168 2494 2429 2571 Virginis
2446 2492 2844 2568 conceptione,
2863 2511 2965 2550 na-

1685 2585 1941 2655 tivitate,
1976 2584 2259 2650 infantia;
2293 2583 2327 2641 l.
2354 2593 2406 2646 2.
2440 2582 2512 2641 de
2545 2584 2829 2659 perpetua
2847 2582 2963 2640 vir—

1687 2675 1941 2750 ginitate
1993 2674 2274 2733 adversus
2332 2673 2598 2731 diversos
2650 2673 2963 2748 impugna·

1687 2767 1848 2823 tores
1882 2765 2063 2839 hujus
2096 2761 2630 2839 praerogativae31.
2668 2770 2722 2823 3.
2756 2761 2827 2819 de
2862 2760 2965 2818 Dei

1685 2853 1992 2929 genitricis
2015 2852 2454 2928 praerogativa3
2487 2850 2522 2907 1.
2559 2860 2612 2913 4.
2635 2850 2706 2908 de
2746 2850 2967 2907 saucti-

1687 2946 1808 2999 tate
1842 2942 1916 3000 ab
1949 2942 2109 3000 omni
2141 2944 2376 3015 peccato
2422 2940 2637 2998 actuali
2684 2939 2967 3007 immuni;

1684 3031 1722 3089 1.
1762 3041 1815 3092 5.
1850 3030 1920 3088 de
1966 3033 2174 3098 morte,
2222 3030 2284 3087 in
2329 3029 2520 3087 coelos
2566 3029 2968 3102 assumptione

1685 3124 1745 3176 et
1759 3122 2048 3195 perpetuo
2066 3118 2245 3179 cultu.
2267 3118 2415 3175 Hinc
2437 3119 2729 3190 integram
2752 3116 2966 3174 Mario-

1681 3208 1901 3284 logiam
1936 3203 2249 3286 exhibet2).
2283 3206 2580 3283 Cogitavit
2612 3205 2811 3264 eadem
2833 3223 2967 3262 eru-

1763 3473 1796 3532 ι)
1827 3465 1907 3519 De
1923 3466 2029 3520 hac
2045 3463 2444 3528 controversia,
2469 3463 2698 3530 quando
2716 3463 2965 3530 primum

1684 3538 1966 3606 prodierit
1990 3553 2232 3606 magnus
2260 3535 2471 3588 t'anisii
2488 3533 2873 3589 Catechismus
2896 3535 2968 3591 cf.

1683 3608 2108 3677 Braunsberger
2169 3607 2379 3660 Ztschr.
2430 3607 2468 3660 f.
2520 3606 2575 3661 k.
2622 3605 2812 3658 Theol.
2863 3603 2965 3657 XV

1683 3685 1880 3750 (1890),
1899 3684 1997 3734 7:21
2020 3696 2088 3732 ss,
2108 3699 2119 3736 ;
2143 3677 2503 3746 Entstehung
2520 3676 2638 3731 und
2652 3674 2966 3730 Entwicke-

1682 3752 1825 3820 lung
1850 3750 1949 3803 der
1976 3748 2373 3802 Katechismen
2415 3748 2512 3802 dee
2547 3766 2589 3803 s.
2618 3747 2676 3802 P.
2705 3747 2966 3801 Canisius

1683 3821 1960 3890 Freiburg
1986 3824 2155 3890 189&
2200 3821 2333 3873 hist.
2359 3819 2556 3873 Jahrb.
2583 3819 2740 3872 XVII
2767 3823 2966 3890 (1896),

1683 3897 1789 3950 804
1815 3910 1914 3964 sa.;
1968 3891 2205 3945 Kneller
2229 3891 2413 3944 XVlll
2439 3894 2647 3967 (1897)‚·
2665 3895 2963 3947 632--636.

1684 3965 1946 4018 Ceterum
1997 3964 2080 4015 Cf.
2132 3963 2323 4016 Reiser
2373 3961 2433 4016 B.
2487 3961 2546 4015 P.
2586 3961 2844 4015 Canisius
2882 3961 2967 4014 als

1683 4035 1961 4088 Katechet
1998 4035 2057 4087 iu
2087 4033 2252 4087 Wort
2292 4034 2410 4087 und
2438 4033 2737 4096 Schriften,
2780 4032 2966 4085 Maius

1758 4180 1798 4247 ²)
1828 4177 1911 4231 (Jf.
1938 4175 2111 4239 Riese,
2141 4175 2251 4229 Der
2277 4174 2453 4256 selige
2479 4174 2679 4228 Petrus
2704 4174 2966 4228 Canisius

1682 4251 1716 4304 1.
1742 4253 1793 4304 4.
1824 4266 1868 4302 c.
1895 4253 1943 4312 2,
1975 4247 2078 4300 ubi
2103 4248 2289 4317 operis
2314 4249 2601 4316 epitomen
2628 4246 2872 4308 exhibet,
2900 4261 2965 4298 ac

1683 4318 1766 4373 ita
1791 4320 1942 4372 inter
1968 4318 2084 4371 alia
2123 4318 2351 4371 scribit:
2404 4317 2508 4378 ..So
2549 4317 2626 4370 ist
2663 4316 2762 4370 das
2790 4315 2965 4369 Werk

343 4360 500 4459 vfmii
546 4370 747 4430 15663
781 4364 1049 4462 ⁰Pi³wl⁰j⁹
1078 4382 1121 4462 'ff'
1145 4362 1501 4463 Hiero'fymi’
1528 4363 1625 4462 Di?
1683 4390 1792 4444 mit
1836 4390 2045 4443 seinem
2092 4389 2498 4443 bescheidenen
2528 4389 2677 4442 Titel
2720 4387 2847 4440 eine
2874 4403 2965 4456 ge·

345 4447 542 4526 lungae
571 4459 759 4518 1562,
791 4454 852 4509 0¹²
871 4470 1210 4528 880P1881m0
1231 4452 1394 4521 alib13
1416 4451 1626 4509 Hosn
1682 4462 1924 4532 drangte
1952 4460 2375 4530 Widerlegung
2401 4459 2543 4513 aller
2570 4458 2963 4528 Hauptlehren

345 4555 519 4612 opera
568 4540 846 4599 Coloniae
899 4548 1064 4603 1583
1098 4543 1143 4598 t.
1180 4549 1214 4602 2
1251 4541 1314 4598 in
1351 4549 1418 4609 ὃς
1453 4559 1626 4615 opus·
1681 4533 1779 4586 des
1796 4531 2302 4586 protestantismus
2318 4531 2437 4584 und
2461 4572 2474 4585 .
2496 4571 2510 4586 .
2534 4573 2545 4584 .
2581 4529 2707 4583 eine
2734 4529 2863 4582 dem
2891 4529 2964 4581 Ir-

343 4627 478 4685 cula
518 4628 810 4704 quaedam
853 4628 1132 4700 ascetica3
1180 4628 1445 4688 omnium
1485 4647 1625 4689 vero

345 4715 786 4776 Gelebffl'l'imum
807 4721 900 4778 0⁸¹³
918 4719 1045 4793 ejus
1065 4717 1307 4777 summa
1335 4719 1626 4778 mrim
1678 4746 2004 4801 schollenen
2022 4744 2456 4798 Centuriatoren
2482 4761 2595 4797 von
2612 4742 2667 4795 M

1681 4603 1848 4657 thum
1870 4605 2033 4671 Jener
2058 4603 2180 4655 Zeit
2217 4603 2324 4656 auf
2345 4602 2454 4654 den
2484 4601 2683 4656 Grund
2750 4599 2963 4653 eheude

1680 4676 1824 4729 eben
1852 4674 2116 4729 desshalb
2142 4672 2517 4742 unabhangig
2556 4688 2667 4725 von
2749 4688 2819 4724 en
2850 4686 2964 4723 ver·

2670 4743 2964 4812 agdeburg

344 4805 710 4877 Christianae,
763 4825 914 4882 quae
962 4809 1163 4883 potest
1201 4807 1397 4866 vocari
1438 4808 1625 4883 mador
1677 4817 1841 4871 ihren
1856 4816 2019 4870 Wert
2044 4815 2442 4885 behauptende
2466 4813 2956 4881 Unterauchung.“

2574 4904 2640 4957 7*
