3625 5193
560 229 671 281 151
820 214 1189 268 1581—1600.
1217 209 1531 279 Theologia
1557 208 1891 263 scholastica
1915 209 1974 261 in
2005 210 2066 263 lt.
2098 207 2128 261 J
2137 208 2477 272 ustinianus,
2506 202 2763 261 Manenti
2789 209 2896 263 etc.
3049 224 3168 277 152

552 396 628 453 ad
661 395 979 454 nonnullos
1021 407 1069 457 1.
1105 415 1160 470 p.
1180 394 1233 453 d.
1256 395 1512 453 Thomas
1532 395 1832 461 articulos,
1985 404 2083 455 71.
2115 392 2199 450 Ex
2231 394 2388 453 italis
2403 389 2446 473 ¹)
2479 392 2826 452 Vincentius
2858 393 2897 451 J
2909 394 3170 453 ustini-

555 485 856 560 Olisipone
913 494 1095 552 1588,
1143 483 1262 541 9911.
1292 483 1368 541 ad
1400 503 1453 558 q.
1508 493 1578 545 14
1621 503 1670 542 a.
1723 494 1834 554 133
1891 500 2082 540 anus
2117 481 2179 539 Ο.
2214 483 2306 540 Pr.
2341 483 2404 540 in
2434 483 2657 542 chiensi
2689 484 2891 541 insula
2934 478 3171 562 natus2)

554 593 608 649 q.
634 584 796 635 19.a.
828 583 900 635 16
922 594 936 641 3
958 592 1053 648 qq.
1074 581 1173 635 22.
1198 582 1299 643 23,
1320 573 1499 631 editio
1518 572 1836 631 admodum
1898 580 1998 635 28.
2030 573 2182 647 Aug.
2240 582 2422 641 1519,
2471 572 2697 630 ordinis
2743 572 3029 649 magister
3071 590 3173 649 ge-

557 681 717 731 rara3
811 661 1196 738 appendicem
1211 658 1257 741 ¹)
1333 663 1549 737 adjecit
1634 669 1834 732 15893
1890 660 2109 718 neralis
2177 656 2403 741 (1558)
2456 664 2517 719 et
2567 656 2793 742 (1570)
2865 660 3175 719 cardinalis

553 747 1204 833 Antwerpia015952);
1233 749 1836 819 1609.1715;Vsn0-
1895 744 1958 831 (†
1994 758 2093 810 28.
2128 749 2254 811 Oct.
2297 747 2487 830 1582)
2535 768 2669 809 cum
2716 750 2904 809 sodali
2955 750 3177 808 Thoma.

553 840 655 898 tiis
684 849 868 910 1602,
903 843 964 899 et
998 840 1130 899 aliis
1162 839 1527 899 editionibus
1578 839 1834 908 011119Βί9,
1894 838 2340 913 Manriquez
2389 839 2676 916 magistro
2709 857 2753 897 s.
2787 839 3003 898 Palatii
3053 840 3174 897 his-

553 929 625 987 iis
660 929 783 987 scil.
817 930 880 987 in
912 930 1133 1003 quibus
1153 929 1386 1005 adjecta
1416 933 1509 986 est
1541 947 1836 989 commen·
1893 945 2047 1002 pano
2101 924 2162 1009 (†
2200 922 2396 1008 1573)
2445 928 2634 985 edidit
2679 945 2854 1001 opera
2902 930 3096 986 omnia
3129 946 3173 985 s,

555 1018 707 1075 tario
753 1018 816 1075 in
856 1028 906 1081 1.
940 1037 993 1092 p.
1028 1037 1069 1076 9.
1104 1018 1357 1077 Thomae
1405 1014 1531 1098 (scd
1575 1036 1696 1076 non
1743 1019 1837 1076 in·
1894 1016 2234 1085 Thomas,
2282 1016 2498 1076 Rornae
2541 1025 2874 1080 1570-71
2916 1020 2960 1078 t.
3005 1026 3078 1079 14
3111 1017 3177 1075 in

554 1104 766 1188 tegre),
800 1107 1046 1165 Parisiis
1088 1117 1271 1171 1876.
1319 1106 1621 1182 Quidquid
1655 1107 1735 1165 sit
1765 1106 1838 1164 de
1903 1116 1975 1167 19
2010 1124 2125 1180 pp„
2161 1124 2311 1181 quae
2342 1105 2430 1164 ed.
2465 1107 2603 1165 licet
2633 1106 2784 1165 aliae
2815 1110 3021 1183 postea
3040 1124 3175 1181 pro-

555 1196 811 1254 Molinae
842 1195 1109 1254 doctrina
1152 1197 1341 1272 deque
1392 1195 1645 1272 singulis
1677 1196 1836 1271 ejus·
1894 1194 2133 1264 dierint,
2169 1195 2371 1271 magni
2386 1196 2733 1254 aestimatur
2767 1192 2867 1277 (m.
2895 1190 3067 1276 500).
3089 1229 3176 1238 -

553 1285 687 1343 dem
738 1285 1135 1355 theorematis,
1185 1285 1388 1362 negari
1438 1285 1669 1359 nequit,
1721 1285 1837 1343 lec·
1895 1284 2133 1341 Scotum
2166 1283 2498 1342 illustravit
2517 1285 2860 1343 Franciscus
2874 1285 3174 1342 Antonius

555 1378 746 1431 torem
795 1374 1004 1433 exinde
1035 1394 1320 1451 magnum
1351 1374 1615 1432 fructum
1645 1373 1837 1450 perci·
1897 1372 2310 1431 casimirus
2344 1394 2378 1431 a
2409 1374 2750 1432 Brundusio
2782 1374 2846 1433 Ο.
2878 1374 3015 1433 Min.
3036 1393 3175 1432 auc-

556 1481 711 1537 pere‚
776 1481 911 1520 cum
975 1463 1349 1537 quaestiones
1407 1463 1836 1521 subtilissimas
1893 1463 1989 1519 tor
2037 1480 2155 1537 op.:
2199 1462 2399 1521 Scotus
2435 1459 2788 1521 dilucidatas
2824 1466 2886 1520 in
2922 1466 2978 1519 2.
3012 1470 3172 1538 sem„

556 1552 865 1628 ingeniose
928 1552 1260 1622 admodum,
1313 1553 1487 1622 clare,
1538 1552 1836 1621 distincte,
1895 1550 2143 1625 Neapoli
2185 1561 2387 1621 1597;
2445 1562 2630 1621 1607,
2665 1570 2783 1626 quo
2817 1552 2879 1610 in
2914 1571 3006 1626 op.
3040 1570 3176 1610 con-

558 1641 781 1715 absque
824 1641 913 1698 ira
961 1642 1020 1699 et
1070 1642 1270 1700 studio
1317 1659 1558 1716 prorsus
1602 1641 1839 1716 pacifice
1894 1639 2219 1697 troversiae
2249 1640 2409 1698 inter
2439 1640 2494 1697 d.
2529 1641 2810 1699 Thomam
2841 1644 2904 1699 et
2935 1641 3177 1698 Scotum

557 1734 899 1804 pertractet,
935 1729 1180 1805 luceque
1212 1730 1530 1805 perfundat
1561 1731 1735 1805 plura
1765 1729 1838 1788 de
1895 1728 2574 1803 explicantur.—Bonav.
2593 1730 2650 1787 M
2669 1729 3178 1789 anentiO.Min.

556 1819 863 1876 concordia
925 1818 1089 1878 liberi
1150 1818 1384 1877 arbitrii
1445 1836 1578 1876 cum
1648 1820 1840 1895 gratia
1895 1817 2070 1876 Conv.
2133 1818 2472 1892 provinciae
2533 1820 2594 1876 et
2653 1818 2793 1876 fidei
2854 1818 3180 1894 inquisitor

558 1908 931 1982 problemata
960 1909 1228 1977 obscura,
1253 1908 1586 1983 meritoque
1619 1908 1839 1966 dixeris

558 1996 635 2054 ab
666 1996 774 2054 hoc
805 2015 979 2071 opere
1012 2016 1225 2056 novam
1259 1997 1520 2072 incipere
1561 1997 1622 2054 in
1670 1997 1839 2056 scho-

558 2085 649 2155 lis,
684 2084 842 2159 quod
874 2086 1303 2144 controversias
1351 2087 1424 2143 de
1473 2086 1669 2161 gratia
1701 2086 1841 2144 atti·
1899 2132 2025 2185 sula
2090 2148 2266 2200 prope
2330 2130 2674 2185 Dalmatiam
2730 2131 2817 2185 vir
2888 2131 2949 2184 in
3025 2130 3178 2184 omni

560 2181 681 2237 net’
720 2170 1108 2257 PesiOdum8)·
1897 2202 2330 2274 disciplinarum
2371 2219 2577 2273 genere
2630 2202 2888 2256 excultus
2929 2220 2983 2256 n.
3024 2206 3179 2258 1529.

559 2298 637 2303 W
1896 2273 2123 2327 Patavii
2149 2274 2352 2328 studiis
2377 2289 2609 2344 operam
2635 2273 2809 2328 dedit.
2837 2273 2972 2328 Post
2997 2272 3180 2326 multa

637 2351 674 2413 ¹)
702 2343 1007 2413 Appendix
1033 2344 1231 2413 paucis
1256 2343 1480 2414 adjecta
1519 2344 1633 2397 fuit
1661 2362 1842 2399 exem·
1897 2345 2105 2399 itinera
2151 2345 2434 2399 Feri-ariae
2475 2346 2736 2400 substitit
2771 2347 2946 2413 atque
2973 2361 3022 2398 a.
3049 2344 3178 2398 XIV

560 2416 831 2485 plaribus.
886 2416 1025 2469 Eam
1065 2416 1293 2469 exhibet
1330 2416 1651 2469 Theodorus
1681 2416 1842 2469 Eleu·
1899 2416 2195 2470 Platonem
2223 2417 2433 2471 ibidem
2473 2417 2740 2486 exposuit
2765 2419 2824 2470 et
2847 2416 2978 2469 inde
3005 2433 3038 2468 a
3066 2415 3182 2470 Cle·

556 2487 749 2539 therus
790 2487 825 2541 i.
869 2508 914 2543 e.
956 2488 1188 2543 Livinus
1228 2487 1416 2555 Meyer
1455 2486 1514 2540 in
1556 2488 1665 2540 fine
1706 2505 1842 2540 suae
1896 2490 2086 2541 mente
2117 2488 2261 2541 VIII.
2291 2487 2528 2542 Romam
2558 2491 2792 2542 vocatus
2820 2491 2921 2553 est,
2969 2488 3034 2540 ut
3059 2487 3182 2557 phi-

555 2557 686 2611 hist.
717 2559 1225 2613 controversiarum
1254 2558 1324 2612 de
1352 2557 1577 2612 auxiliis
1593 2562 1833 2627 11789-
1897 2558 2218 2628 Iosophiam
2263 2561 2492 2614 doceret
2532 2559 2883 2630 platonicam
2930 2562 2976 2629 (†
3002 2563 3181 2630 1597).

556 2635 676 2685 805.
720 2701 725 2702 ⁷
1897 2631 2135 2698 Scripsit
2173 2635 2535 2686 Discussiones
2582 2637 2958 2701 peripateticus
3006 2632 3182 2683 Vene-

632 2713 671 2760 ἕ)
701 2701 1011 2755 Contendit
1072 2700 1146 2753 Le
1204 2701 1379 2755 Blanc
1440 2701 1495 2772 (i.
1561 2721 1605 2754 e.
1657 2702 1842 2772 Serry)
1898 2702 1993 2755 tiis
2022 2707 2157 2758 1571
2189 2706 2229 2756 t.
2255 2707 2320 2760 4:
2364 2703 2617 2758 Basileae
2647 2707 2816 2762 1581;
2859 2703 3060 2770 quoin
3088 2719 3179 2771 op.

556 2771 755 2827 histor.
781 2773 849 2825 de
876 2771 1101 2824 auxiliis
1128 2772 1163 2824 l.
1195 2778 1242 2828 1.
1260 2788 1304 2825 9.
1324 2776 1422 2828 13;
1454 2772 1756 2836 „Molinam
1782 2773 1837 2825 in
1898 2772 2207 2843 diligenter
2248 2774 2609 2843 persequitur
2635 2773 2958 2827 Aristotelis
2985 2773 3180 2834 vitam,

555 2844 960 2912 antweipiensi
990 2843 1236 2897 editione
1281 2843 1461 2896 multa
1507 2844 1841 2913 expunxisse
1898 2861 2086 2912 opera,
2132 2845 2418 2899 doctrinas
2475 2847 2524 2916 ej
2537 2864 2613 2908 us,
2658 2845 2755 2898 sed
2800 2844 2932 2898 dein
2983 2844 3180 2897 stilum

558 2917 749 2965 contra
801 2931 1150 2966 communem
1204 2914 1601 2982 theologorum
1639 2915 1843 2970 doctri·
1898 2917 2262 2970 vehementer
2286 2917 2348 2969 in
2374 2934 2504 2971 eum
2532 2916 2774 2970 invertit
2797 2920 2969 2983 atque
2999 2915 3184 2969 Plato·

554 3001 689 3037 nam
716 2990 978 3038 assertw.
1032 2983 1193 3049 Quod
1235 2986 1443 3039 falsum
1483 3003 1600 3041 esse
1627 2986 1844 3041 evincit
1897 2987 1986 3040 nis
2002 2990 2319 3041 restaurare
2333 2988 2541 3042 nititur
2556 2989 2894 3042 doctrinam.
2913 2987 3034 3041 Hoc
3049 3002 3181 3040 vero

556 3055 677 3108 Liv.
706 3056 898 3124 Meyer
924 3057 1056 3110 hist.
1086 3057 1154 3111 de
1181 3073 1307 3111 aux.
1338 3057 1373 3110 l.
1402 3063 1451 3114 2.
1481 3076 1524 3111 9.
1552 3063 1601 3114 5.
1630 3058 1751 3129 (ubi
1772 3058 1841 3112 de
1903 3058 2089 3112 fusius
2115 3059 2448 3129 aggreditur
2475 3059 2537 3112 in
2561 3063 2712 3114 Nova
2737 3063 2799 3112 de
2824 3061 3181 3127 direrst'sphi-

556 3126 729 3180 vaiiis
769 3128 943 3198 hujus
984 3129 1167 3197 operis
1208 3130 1291 3182 ed.
1337 3129 1577 3200 disserit)
1620 3145 1842 3198 compa·
1897 3133 2155 3197 losopln‘a,
2208 3130 2388 3183 divisa
2438 3131 2497 3182 in
2590 3149 2647 3200 p.
2697 3130 2772 3183 IV
2796 3153 2806 3183 :
2869 3130 3179 3198 Panaugia,

556 3198 777 3251 ratione
804 3204 1068 3254 accurata
1089 3201 1354 3254 instituta
1372 3201 1522 3254 inter
1537 3205 1841 3269 utramque
1899 3200 2232 3262 Panarchia‚
2283 3151 2646 3271 Panpsyoflia
2710 3205 2766 3255 et
2816 3200 3181 3254 Paucosmia:

558 3268 887 3325 editionem.
934 3271 1089 3337 Quae
1117 3271 1268 3325 enim
1293 3272 1509 3326 Molina
1536 3272 1729 3325 omisit
1755 3276 1841 3341 (ea
1898 3288 2041 3341 opus
2091 3273 2394 3327 inutilibus
2444 3277 2711 3327 onustum
2764 3271 3181 3327 subtilitatibus

555 3342 730 3394 refert
754 3344 792 3396 l.
821 3361 865 3396 9.
884 3344 1091 3412 Meyer)
1124 3344 1357 3397 minoris
1384 3348 1519 3397 sunt
1535 3345 1807 3397 momenti
1830 3365 1841 3397 :
1897 3344 1986 3414 (cf.
2017 3343 2266 3398 Brucker
2291 3344 2420 3399 hist.
2449 3344 2656 3414 philos.
2674 3344 2768 3410 IV,
2797 3349 2901 3400 125
2919 3346 2977 3397 et
2990 3344 3180 3412 suppl.

557 3412 772 3481 adjecit
796 3431 1065 3497 responsa.
1091 3415 1163 3469 ad
1185 3415 1463 3483 quasdam
1478 3414 1842 3484 exceptiones
1898 3432 1951 3482 p.
1981 3418 2123 3485 754),
2151 3416 2247 3469 sed
2276 3416 2632 3470 vastissimae
2656 3415 3006 3480 eruditionis,
3025 3431 3181 3485 prae-

553 3484 784 3538 interim
801 3486 906 3540 sibi
923 3488 1119 3542 factas.
1147 3486 1558 3558 Cf.Limbourg
1574 3486 1839 3540 Zeitschr.
1897 3488 2091 3539 sertim
2159 3487 2220 3539 iu
2281 3486 2598 3556 disciplinis
2653 3487 3032 3541 naturalibus.
3097 3485 3179 3540 Cf.

557 3555 649 3606 fiir
674 3555 834 3610 kath.
862 3558 1170 3628 Theologie
1198 3563 1245 3624 1,
1272 3562 1395 3615 495.
1897 3557 2227 3612 Tiraboschi
2273 3558 2460 3612 Storia
2505 3558 2656 3612 della
2705 3558 2913 3612 Letter.
2966 3558 3029 3611 it.
3074 3556 3178 3609 Vll

628 3630 669 3696 8)
695 3626 775 3680 De
803 3628 1032 3683 Maistre
1073 3630 1133 3681 in
1176 3647 1267 3698 op.
1296 3629 1378 3683 De
1417 3630 1647 3700 l’eglise
1672 3628 1839 3699 galli·
1898 3647 1955 3699 p.
1983 3635 2010 3685 1
2042 3629 2077 3682 l.
2108 3634 2139 3685 2
2168 3647 2213 3682 c.
2240 3634 2272 3684 2
2301 3638 2328 3695 ἓ
2356 3635 2440 3689 14.

556 3713 693 3750 cane
723 3702 761 3751 t.
789 3704 838 3754 1.
866 3700 964 3753 liv.
994 3706 1043 3756 1.
1070 3700 1157 3753 911.
1184 3706 1218 3757 9
1257 3700 1326 3752 de
1354 3700 1570 3756 Molina
1599 3701 1840 3769 ejusque
1976 3709 2014 3767 ²)
2044 3701 2205 3754 Alius
2256 3703 2330 3754 ab
2378 3717 2443 3754 90
2490 3705 2576 3754 est·
2617 3700 2779 3754 Vinc.
2818 3698 3180 3753 Justinianus

555 3771 859 3834 systemate
887 3771 1109 3825 scribit:
1154 3770 1277 3832 „Un
1304 3772 1533 3825 homme
1559 3771 1631 3825 de
1656 3773 1839 3842 genie,
1895 3773 1945 3824 A
1964 3790 2001 3824 11
2017 3773 2118 3826 tis
2138 3777 2163 3824 t
2189 3773 2403 3841 pariter
2427 3773 2489 3827 Ο.
2515 3772 2711 3827 Praed.
2738 3771 3032 3825 Valentiae
3046 3771 3180 3822 Ara·

554 3841 760 3892 auteur
787 3841 937 3895 d'un
980 3843 1240 3909 systcme,
1276 3846 1309 3896 a
1348 3843 1406 3896 la.
1446 3842 1553 3897 fois
1593 3843 1840 3913 philoso·
1895 3860 2112 3912 gonum
2140 3846 2324 3908 natus,
2353 3844 2714 3912 antiquitatis
2741 3843 2995 3897 curiosus
3021 3841 3178 3895 inda·

554 3909 769 3978 phique
797 3916 854 3967 et
879 3912 1192 3979 consolant‚
1220 3931 1318 3966 sur
1337 3913 1392 3968 le
1413 3914 1616 3982 dogme
1642 3915 1841 3968 redou-
1895 3916 2078 3983 gator,
2107 3913 2209 3981 qui
2249 3913 2541 3969 veteribus
2581 3914 2843 3969 eruendis
2887 3915 3175 3984 gestorum

555 3981 709 4034 table
738 3985 835 4049 qui
863 4001 896 4036 a
922 3987 1051 4038 tant
1076 3984 1297 4054 fatigue
1327 3985 1558 4055 l'esprit
1581 3985 1839 4050 humain,
1895 3984 2281 4039 monumentis
2344 3986 2602 4040 sedulam
2643 3985 2878 4040 navavit
2947 3999 3174 4052 operam

555 4054 801 4118 systeme
830 4054 931 4122 qui
957 4056 1058 4109 n'a
1077 4055 1285 4125 jamais
1326 4058 1414 4110 ete
1441 4056 1757 4110 condamne
1784 4060 1844 4111 et
1896 4059 1943 4127 (†
1969 4061 2147 4126 1599).
2176 4056 2376 4111 Edidit
2407 4060 2633 4126 praeter
2672 4055 3080 4111 commentaria
3119 4059 3175 4106 in

558 4123 656 4191 qui
686 4140 755 4176 119
783 4125 835 4178 19
862 4143 984 4180 sera
1003 4128 1242 4196 jamais:
1285 4145 1381 4182 car
1423 4131 1553 4182 tout
1595 4131 1840 4196 systema
1895 4132 2197 4183 universam
2222 4133 2478 4197 loyicam,·
2502 4129 2735 4183 accessit
2758 4128 3060 4181 thesaurus
3083 4141 3175 4193 qq.

558 4195 1003 4262 publiquexnent
1028 4199 1298 4269 enseigne
1324 4201 1467 4253 dans
1494 4200 1725 4270 l’eglise
1752 4215 1840 4253 ca·
1893 4198 1983 4271 iis,
2029 4200 2129 4269 qui
2169 4203 2272 4252 aut
2310 4199 2662 4270 disputaturi
2695 4203 2799 4252 aut
2841 4197 3177 4251 assertiones

560 4266 816 4334 tholique
843 4269 1100 4338 pendant
1138 4270 1276 4323 trois
1301 4271 1497 4325 9199199
1524 4288 1653 4324 sans
1680 4272 1840 4324 avoir
1895 4270 2188 4324 defensuri
2239 4275 2392 4335 sunt,
2445 4271 2754 4325 admodum
2818 4268 3176 4328 necessarius,

556 4337 646 4390 ete
675 4340 1007 4405 condamne,
1032 4356 1105 4394 119
1130 4350 1272 4411 peut
1296 4345 1413 4396 etre
1441 4345 1688 4412 suppose
1709 4360 1837 4397 con·
1897 4341 2152 4396 Venetiis
2225 4345 2398 4399 1582:
2478 4346 2730 4412 opuscula
2800 4359 2841 4396 s.
2887 4338 3177 4394 Vincentii

559 4408 892 4473 damnable;
940 4413 1196 4480 systema,
1241 4415 1341 4482 qui
1381 4415 1645 4483 presente
1673 4416 1838 4485 apres
1895 4412 2133 4468 Ferrerii
2179 4432 2308 4468 cum
2352 4414 2840 4483 annotationibus,
2881 4410 3177 4465 Valentiae

558 4483 687 4535 tout
713 4481 763 4535 le
792 4486 920 4552 plus
935 4485 1189 4538 heureux
1211 4486 1392 4550 effort,
1411 4485 1613 4554 quiait
1626 4486 1715 4540 ete
1732 4487 1840 4539 fait
1895 4489 2028 4542 1591
2052 4505 2063 4545 2
2090 4488 2174 4539 La
2200 4488 2320 4539 vida
2347 4506 2381 4552 y
2405 4489 2629 4541 historia
2674 4485 2850 4554 hujus
2893 4483 3074 4537 sancti
3100 4483 3177 4535 ib.

598 4553 742 4606 arla
769 4555 1127 4625 philosophie
1148 4556 1476 4611 chretienne
1493 4573 1640 4626 pour
1655 4574 1837 4611 accor-
1895 4561 2063 4614 1575:
2093 4561 2261 4618 1582;
2300 4557 2547 4610 Tratado
2587 4561 2651 4610 de
2689 4560 2744 4610 la
2784 4559 3090 4623 concepce'on
3117 4556 3178 4606 de

598 4638 659 4675 er
684 4627 968 4680 ensemble
996 4628 1229 4680 suivant
1254 4627 1335 4681 les
1370 4628 1551 4681 forces
1577 4629 1646 4682 de
1674 4633 1836 4683 notre
1893 4631 1958 4681 N.
1986 4631 2209 4692 Seffora,
2235 4628 2452 4682 Matriti
2494 4632 2663 4694 1615;
2705 4626 3009 4697 Majoricae
3036 4628 3176 4681 1616

558 4695 733 4774 faible
758 4697 1123 4768 intelligence
1150 4715 1236 4752 res
1264 4699 1402 4752 olim
1429 4700 1834 4767 dissociabiles,
1893 4699 1952 4752 in
1983 4704 2066 4764 12,
2110 4716 2225 4768 qua
2265 4699 2327 4755 in
2365 4699 2557 4769 opella
2588 4699 2742 4768 piam
2770 4698 3030 4767 sequitur
3058 4712 3176 4750 sen·

556 4765 880 4824 libertatem
906 4773 965 4824 et
990 4771 1423 4842 principatum.“
1892 4771 2146 4825 tentiam.
2175 4770 2259 4826 cf.
2287 4770 2508 4824 Echard
2537 4772 2604 4835 11,
2631 4775 2751 4828 325.

1976 2063 2011 2130 ι)
2039 2059 2371 2114 Franciscus
2408 2060 2451 2113 P
2468 2077 2500 2113 a
2517 2063 2582 2114 tr
2599 2060 2662 2113 iz
2684 2060 2706 2113 i
2744 2076 2809 2113 ex
2851 2058 3059 2114 Cherso
3098 2059 3181 2111 111-
