<?xml version="1.0" encoding="UTF-8"?>
<!DOCTYPE html PUBLIC "-//W3C//DTD XHTML 1.0 Transitional//EN"
    "http://www.w3.org/TR/xhtml1/DTD/xhtml1-transitional.dtd">
<html xmlns="http://www.w3.org/1999/xhtml" xml:lang="en" lang="en">
 <head>
  <title>
</title>
<meta http-equiv="Content-Type" content="text/html;charset=utf-8" />
  <meta name='ocr-system' content='tesseract 3.04.00' />
  <meta name='ocr-capabilities' content='ocr_page ocr_carea ocr_par ocr_line ocrx_word'/>
</head>
<body>
  <div class='ocr_page' id='page_1' title='image "./nomenclatorlite11hurtgoog_0240.png"; bbox 0 0 3625 5193; ppageno 0'>
   <div class='ocr_carea' id='block_1_1' title="bbox 592 263 714 316">
    <p class='ocr_par' dir='ltr' id='par_1_1' title="bbox 592 263 714 316">
     <span class='ocr_line' id='line_1_1' title="bbox 592 263 714 316; baseline -0.008 0"><span class='ocrx_word' id='word_1_1' title='bbox 592 263 714 316; x_wconf 83' lang='lat'>463</span> 
     </span>
    </p>
   </div>
   <div class='ocr_carea' id='block_1_2' title="bbox 1170 239 2650 311">
    <p class='ocr_par' dir='ltr' id='par_1_2' title="bbox 1170 239 2650 311">
     <span class='ocr_line' id='line_1_2' title="bbox 1170 239 2650 311; baseline -0.005 -11"><span class='ocrx_word' id='word_1_2' title='bbox 1170 246 1539 300; x_wconf 76' lang='grc'><strong>1601--1620,</strong></span> <span class='ocrx_word' id='word_1_3' title='bbox 1566 241 1878 311; x_wconf 83' lang='lat' dir='ltr'>Theologia</span> <span class='ocrx_word' id='word_1_4' title='bbox 1904 241 2019 311; x_wconf 88' lang='lat' dir='ltr'>pol.</span> <span class='ocrx_word' id='word_1_5' title='bbox 2044 242 2108 295; x_wconf 87' lang='lat' dir='ltr'>in</span> <span class='ocrx_word' id='word_1_6' title='bbox 2136 239 2319 295; x_wconf 82' lang='lat' dir='ltr'>ltalia.</span> <span class='ocrx_word' id='word_1_7' title='bbox 2350 239 2520 293; x_wconf 88' lang='lat' dir='ltr'>Bozio</span> <span class='ocrx_word' id='word_1_8' title='bbox 2547 242 2650 293; x_wconf 86' lang='lat' dir='ltr'>etc.</span> 
     </span>
    </p>
   </div>
   <div class='ocr_carea' id='block_1_3' title="bbox 3084 255 3208 307">
    <p class='ocr_par' dir='ltr' id='par_1_3' title="bbox 3084 255 3208 307">
     <span class='ocr_line' id='line_1_3' title="bbox 3084 255 3208 307; baseline 0 0"><span class='ocrx_word' id='word_1_9' title='bbox 3084 255 3208 307; x_wconf 71' lang='lat'>464</span> 
     </span>
    </p>
   </div>
   <div class='ocr_carea' id='block_1_4' title="bbox 586 423 3215 861">
    <p class='ocr_par' dir='ltr' id='par_1_4' title="bbox 586 423 3215 861">
     <span class='ocr_line' id='line_1_4' title="bbox 587 423 3212 503; baseline -0.003 -14"><span class='ocrx_word' id='word_1_10' title='bbox 587 432 893 497; x_wconf 88' lang='lat' dir='ltr'>molestus,</span> <span class='ocrx_word' id='word_1_11' title='bbox 950 428 1053 487; x_wconf 89' lang='lat' dir='ltr'>sed</span> <span class='ocrx_word' id='word_1_12' title='bbox 1078 428 1547 503; x_wconf 86' lang='lat' dir='ltr'>jucundissimae</span> <span class='ocrx_word' id='word_1_13' title='bbox 1581 436 1714 486; x_wconf 72' lang='lat' dir='ltr'>cum</span> <span class='ocrx_word' id='word_1_14' title='bbox 1747 446 1872 486; x_wconf 89' lang='lat' dir='ltr'>om·</span> <span class='ocrx_word' id='word_1_15' title='bbox 1929 427 2064 486; x_wconf 87' lang='lat' dir='ltr'>fidei</span> <span class='ocrx_word' id='word_1_16' title='bbox 2112 428 2176 485; x_wconf 90' lang='lat' dir='ltr'>in</span> <span class='ocrx_word' id='word_1_17' title='bbox 2227 445 2399 485; x_wconf 88' lang='lat' dir='ltr'>usum</span> <span class='ocrx_word' id='word_1_18' title='bbox 2449 425 2952 484; x_wconf 86' lang='lat' dir='ltr'>missionariorum</span> <span class='ocrx_word' id='word_1_19' title='bbox 2986 423 3212 498; x_wconf 89' lang='lat' dir='ltr'>prodiit</span> 
     </span>
     <span class='ocr_line' id='line_1_5' title="bbox 589 512 3209 591; baseline -0.004 -13"><span class='ocrx_word' id='word_1_20' title='bbox 589 521 764 578; x_wconf 86' lang='lat' dir='ltr'>nibus</span> <span class='ocrx_word' id='word_1_21' title='bbox 797 517 1247 578; x_wconf 65' lang='lat' dir='ltr'>convictionis&lt;</span> <span class='ocrx_word' id='word_1_22' title='bbox 1314 518 1582 576; x_wconf 88' lang='lat' dir='ltr'>Plurima</span> <span class='ocrx_word' id='word_1_23' title='bbox 1630 516 1875 591; x_wconf 76' lang='lat' dir='ltr'>reliquit</span> <span class='ocrx_word' id='word_1_24' title='bbox 1928 516 2210 575; x_wconf 80' lang='lat' dir='ltr'><strong>Vercellis</strong></span> <span class='ocrx_word' id='word_1_25' title='bbox 2270 525 2454 577; x_wconf 88' lang='grc'><strong>1616.</strong></span> <span class='ocrx_word' id='word_1_26' title='bbox 2489 547 2572 559; x_wconf 90' lang='grc'>--</span> <span class='ocrx_word' id='word_1_27' title='bbox 2609 512 2938 571; x_wconf 80' lang='lat' dir='ltr'>Alexandro</span> <span class='ocrx_word' id='word_1_28' title='bbox 2971 512 3042 569; x_wconf 89' lang='lat' dir='ltr'>de</span> <span class='ocrx_word' id='word_1_29' title='bbox 3076 515 3209 569; x_wconf 88' lang='lat' dir='ltr'>An-</span> 
     </span>
     <span class='ocr_line' id='line_1_6' title="bbox 589 600 3210 684; baseline -0.003 -17"><span class='ocrx_word' id='word_1_30' title='bbox 589 608 776 667; x_wconf 89' lang='lat' dir='ltr'>omnis</span> <span class='ocrx_word' id='word_1_31' title='bbox 808 607 1041 684; x_wconf 90' lang='lat' dir='ltr'>generis</span> <span class='ocrx_word' id='word_1_32' title='bbox 1062 606 1298 681; x_wconf 89' lang='lat' dir='ltr'>scripta,</span> <span class='ocrx_word' id='word_1_33' title='bbox 1332 607 1435 664; x_wconf 90' lang='lat' dir='ltr'>sed</span> <span class='ocrx_word' id='word_1_34' title='bbox 1465 607 1748 682; x_wconf 80' lang='lat' dir='ltr'>pleraque</span> <span class='ocrx_word' id='word_1_35' title='bbox 1779 605 1874 663; x_wconf 88' lang='lat' dir='ltr'>in·</span> <span class='ocrx_word' id='word_1_36' title='bbox 1928 606 2128 682; x_wconf 86' lang='lat' dir='ltr'>gelis</span> <span class='ocrx_word' id='word_1_37' title='bbox 2161 605 2214 662; x_wconf 89' lang='lat' dir='ltr'>S.</span> <span class='ocrx_word' id='word_1_38' title='bbox 2247 605 2302 662; x_wconf 89' lang='lat' dir='ltr'>J.</span> <span class='ocrx_word' id='word_1_39' title='bbox 2337 604 2651 679; x_wconf 85' lang='lat' dir='ltr'>Spoletano</span> <span class='ocrx_word' id='word_1_40' title='bbox 2686 600 2747 681; x_wconf 86' lang='lat'>(†</span> <span class='ocrx_word' id='word_1_41' title='bbox 2786 600 2999 679; x_wconf 83' lang='lat'>1620),</span> <span class='ocrx_word' id='word_1_42' title='bbox 3040 603 3210 677; x_wconf 83' lang='lat' dir='ltr'>cujus</span> 
     </span>
     <span class='ocr_line' id='line_1_7' title="bbox 586 691 3213 771; baseline -0.003 -16"><span class='ocrx_word' id='word_1_43' title='bbox 586 698 765 767; x_wconf 88' lang='lat' dir='ltr'>edita,</span> <span class='ocrx_word' id='word_1_44' title='bbox 799 716 829 753; x_wconf 89' lang='lat' dir='ltr'>e</span> <span class='ocrx_word' id='word_1_45' title='bbox 863 696 1083 771; x_wconf 89' lang='lat' dir='ltr'>quibus</span> <span class='ocrx_word' id='word_1_46' title='bbox 1131 695 1205 753; x_wconf 89' lang='lat' dir='ltr'>ad</span> <span class='ocrx_word' id='word_1_47' title='bbox 1248 713 1371 752; x_wconf 89' lang='lat' dir='ltr'>rem</span> <span class='ocrx_word' id='word_1_48' title='bbox 1403 700 1668 753; x_wconf 88' lang='lat' dir='ltr'>nostram</span> <span class='ocrx_word' id='word_1_49' title='bbox 1700 698 1872 752; x_wconf 86' lang='lat' dir='ltr'>sunt:</span> <span class='ocrx_word' id='word_1_50' title='bbox 1928 697 1990 753; x_wconf 86' lang='lat' dir='ltr'>in</span> <span class='ocrx_word' id='word_1_51' title='bbox 2042 694 2355 770; x_wconf 74' lang='lat' dir='ltr'>astroloqos</span> <span class='ocrx_word' id='word_1_52' title='bbox 2404 694 2744 766; x_wconf 78' lang='lat' dir='ltr'>conjectores</span> <span class='ocrx_word' id='word_1_53' title='bbox 2793 691 2852 747; x_wconf 90' lang='lat' dir='ltr'>ll.</span> <span class='ocrx_word' id='word_1_54' title='bbox 2892 700 2946 757; x_wconf 85' lang='lat'>5,</span> <span class='ocrx_word' id='word_1_55' title='bbox 3000 692 3213 748; x_wconf 83' lang='lat' dir='ltr'>Romae</span> 
     </span>
     <span class='ocr_line' id='line_1_8' title="bbox 589 779 3215 861; baseline -0.003 -17"><span class='ocrx_word' id='word_1_56' title='bbox 589 788 675 845; x_wconf 88' lang='lat' dir='ltr'>De</span> <span class='ocrx_word' id='word_1_57' title='bbox 696 788 833 843; x_wconf 83' lang='lat' dir='ltr'>locis</span> <span class='ocrx_word' id='word_1_58' title='bbox 854 785 1176 861; x_wconf 75' lang='lat' dir='ltr'>theoloyicis</span> <span class='ocrx_word' id='word_1_59' title='bbox 1194 785 1620 859; x_wconf 76' lang='lat' dir='ltr'><strong><em>praelectiones,</em></strong></span> <span class='ocrx_word' id='word_1_60' title='bbox 1656 783 1875 857; x_wconf 86' lang='lat' dir='ltr'>quibus</span> <span class='ocrx_word' id='word_1_61' title='bbox 1942 793 2100 845; x_wconf 86' lang='grc'><strong>1615</strong></span> <span class='ocrx_word' id='word_1_62' title='bbox 2151 783 2213 840; x_wconf 88' lang='lat' dir='ltr'>in</span> <span class='ocrx_word' id='word_1_63' title='bbox 2267 794 2321 844; x_wconf 86' lang='lat'>4.</span> <span class='ocrx_word' id='word_1_64' title='bbox 2373 783 2606 856; x_wconf 84' lang='lat' dir='ltr'>saepius</span> <span class='ocrx_word' id='word_1_65' title='bbox 2655 779 3004 855; x_wconf 89' lang='lat' dir='ltr'>prodierunt</span> <span class='ocrx_word' id='word_1_66' title='bbox 3033 812 3121 823; x_wconf 90' lang='lat'>—-</span> <span class='ocrx_word' id='word_1_67' title='bbox 3155 786 3215 837; x_wconf 86' lang='lat' dir='ltr'>et</span> 
     </span>
    </p>
   </div>
   <div class='ocr_carea' id='block_1_5' title="bbox 587 868 3214 1037">
    <p class='ocr_par' dir='ltr' id='par_1_5' title="bbox 587 868 3214 1037">
     <span class='ocr_line' id='line_1_9' title="bbox 588 868 3214 935; baseline -0.003 -3"><span class='ocrx_word' id='word_1_68' title='bbox 588 894 633 933; x_wconf 90' lang='lat' dir='ltr'>r.</span> <span class='ocrx_word' id='word_1_69' title='bbox 666 877 733 935; x_wconf 89' lang='lat' dir='ltr'>D.</span> <span class='ocrx_word' id='word_1_70' title='bbox 769 873 1106 933; x_wconf 79' lang='lat' dir='ltr'>Melchioris</span> <span class='ocrx_word' id='word_1_71' title='bbox 1152 873 1306 931; x_wconf 88' lang='lat' dir='ltr'>Cano</span> <span class='ocrx_word' id='word_1_72' title='bbox 1341 872 1403 930; x_wconf 91' lang='grc' dir='ltr'>Ο.</span> <span class='ocrx_word' id='word_1_73' title='bbox 1440 874 1502 931; x_wconf 88' lang='grc' dir='ltr'>Ρ.</span> <span class='ocrx_word' id='word_1_74' title='bbox 1549 873 1618 930; x_wconf 90' lang='lat' dir='ltr'>de</span> <span class='ocrx_word' id='word_1_75' title='bbox 1650 872 1874 930; x_wconf 88' lang='lat' dir='ltr'>eisdem</span> <span class='ocrx_word' id='word_1_76' title='bbox 1931 872 2169 930; x_wconf 86' lang='lat' dir='ltr'>Aurelio</span> <span class='ocrx_word' id='word_1_77' title='bbox 2204 872 2308 929; x_wconf 86' lang='lat' dir='ltr'>Me</span> <span class='ocrx_word' id='word_1_78' title='bbox 2330 871 2609 929; x_wconf 84' lang='lat' dir='ltr'>nochio</span> <span class='ocrx_word' id='word_1_79' title='bbox 2642 870 2705 927; x_wconf 89' lang='grc' dir='ltr'>Ο.</span> <span class='ocrx_word' id='word_1_80' title='bbox 2741 869 2900 927; x_wconf 83' lang='lat' dir='ltr'>Serv.</span> <span class='ocrx_word' id='word_1_81' title='bbox 2935 871 2997 926; x_wconf 91' lang='lat' dir='ltr'>B.</span> <span class='ocrx_word' id='word_1_82' title='bbox 3033 869 3108 928; x_wconf 82' lang='lat' dir='ltr'>M.</span> <span class='ocrx_word' id='word_1_83' title='bbox 3146 868 3214 927; x_wconf 89' lang='lat' dir='ltr'>V.</span> 
     </span>
     <span class='ocr_line' id='line_1_10' title="bbox 587 957 3212 1037; baseline -0.003 -15"><span class='ocrx_word' id='word_1_84' title='bbox 587 963 848 1022; x_wconf 81' lang='lat' dir='ltr'>eruditio</span> <span class='ocrx_word' id='word_1_85' title='bbox 896 962 1091 1020; x_wconf 89' lang='lat' dir='ltr'>omnis</span> <span class='ocrx_word' id='word_1_86' title='bbox 1139 962 1531 1037; x_wconf 82' lang='lat' dir='ltr'>compressius</span> <span class='ocrx_word' id='word_1_87' title='bbox 1576 966 1776 1019; x_wconf 87' lang='lat' dir='ltr'>tamen</span> <span class='ocrx_word' id='word_1_88' title='bbox 1809 978 1875 1019; x_wconf 87' lang='lat' dir='ltr'>ac</span> <span class='ocrx_word' id='word_1_89' title='bbox 1930 960 2301 1028; x_wconf 79' lang='lat' dir='ltr'>Bononiensi,</span> <span class='ocrx_word' id='word_1_90' title='bbox 2354 960 2459 1033; x_wconf 89' lang='lat' dir='ltr'>qui</span> <span class='ocrx_word' id='word_1_91' title='bbox 2509 960 2601 1017; x_wconf 87' lang='lat' dir='ltr'>bis</span> <span class='ocrx_word' id='word_1_92' title='bbox 2653 958 2717 1016; x_wconf 91' lang='lat' dir='ltr'>in</span> <span class='ocrx_word' id='word_1_93' title='bbox 2749 958 3084 1034; x_wconf 79' lang='lat' dir='ltr'>generalem</span> <span class='ocrx_word' id='word_1_94' title='bbox 3117 957 3212 1015; x_wconf 89' lang='lat' dir='ltr'>sui</span> 
     </span>
    </p>
   </div>
   <div class='ocr_carea' id='block_1_6' title="bbox 586 1050 1876 1572">
    <p class='ocr_par' dir='ltr' id='par_1_6' title="bbox 586 1050 1876 1572">
     <span class='ocr_line' id='line_1_11' title="bbox 586 1050 1871 1129; baseline -0.002 -19"><span class='ocrx_word' id='word_1_95' title='bbox 586 1053 778 1129; x_wconf 89' lang='lat' dir='ltr'>magis</span> <span class='ocrx_word' id='word_1_96' title='bbox 811 1055 971 1109; x_wconf 86' lang='lat' dir='ltr'>arcte</span> <span class='ocrx_word' id='word_1_97' title='bbox 993 1050 1301 1127; x_wconf 75' lang='lat' dir='ltr'>colligitur</span> <span class='ocrx_word' id='word_1_98' title='bbox 1327 1053 1507 1126; x_wconf 85' lang='lat' dir='ltr'>atque</span> <span class='ocrx_word' id='word_1_99' title='bbox 1528 1050 1871 1125; x_wconf 81' lang='lat' dir='ltr'>explicatur,</span> 
     </span>
     <span class='ocr_line' id='line_1_12' title="bbox 589 1138 1874 1214; baseline -0.003 -15"><span class='ocrx_word' id='word_1_100' title='bbox 589 1160 722 1199; x_wconf 90' lang='lat' dir='ltr'>cum</span> <span class='ocrx_word' id='word_1_101' title='bbox 754 1140 1146 1199; x_wconf 79' lang='lat' dir='ltr'>vindicatione</span> <span class='ocrx_word' id='word_1_102' title='bbox 1188 1140 1560 1214; x_wconf 89' lang='lat' dir='ltr'>quorundam</span> <span class='ocrx_word' id='word_1_103' title='bbox 1592 1138 1874 1214; x_wconf 81' lang='lat' dir='ltr'>gravissi-</span> 
     </span>
     <span class='ocr_line' id='line_1_13' title="bbox 586 1227 1873 1305; baseline -0.003 -17"><span class='ocrx_word' id='word_1_104' title='bbox 586 1249 821 1288; x_wconf 90' lang='lat' dir='ltr'>morum</span> <span class='ocrx_word' id='word_1_105' title='bbox 853 1232 1109 1305; x_wconf 88' lang='lat' dir='ltr'>patrum,</span> <span class='ocrx_word' id='word_1_106' title='bbox 1162 1227 1266 1302; x_wconf 90' lang='lat' dir='ltr'>qui</span> <span class='ocrx_word' id='word_1_107' title='bbox 1316 1229 1389 1286; x_wconf 89' lang='lat' dir='ltr'>ab</span> <span class='ocrx_word' id='word_1_108' title='bbox 1440 1229 1569 1303; x_wconf 90' lang='lat' dir='ltr'>ipso</span> <span class='ocrx_word' id='word_1_109' title='bbox 1602 1229 1670 1291; x_wconf 91' lang='lat' dir='ltr'>D.</span> <span class='ocrx_word' id='word_1_110' title='bbox 1702 1246 1873 1285; x_wconf 88' lang='lat' dir='ltr'>cana·</span> 
     </span>
     <span class='ocr_line' id='line_1_14' title="bbox 588 1316 1876 1393; baseline -0.002 -16"><span class='ocrx_word' id='word_1_111' title='bbox 588 1319 770 1377; x_wconf 86' lang='lat' dir='ltr'>riensi</span> <span class='ocrx_word' id='word_1_112' title='bbox 820 1319 1091 1393; x_wconf 90' lang='lat' dir='ltr'>episcopo</span> <span class='ocrx_word' id='word_1_113' title='bbox 1142 1317 1363 1392; x_wconf 90' lang='lat' dir='ltr'>passim</span> <span class='ocrx_word' id='word_1_114' title='bbox 1414 1317 1479 1375; x_wconf 91' lang='lat' dir='ltr'>in</span> <span class='ocrx_word' id='word_1_115' title='bbox 1510 1336 1615 1375; x_wconf 88' lang='lat' dir='ltr'>suo</span> <span class='ocrx_word' id='word_1_116' title='bbox 1650 1316 1876 1390; x_wconf 84' lang='lat' dir='ltr'>alioqui</span> 
     </span>
     <span class='ocr_line' id='line_1_15' title="bbox 589 1406 1874 1482; baseline -0.002 -16"><span class='ocrx_word' id='word_1_117' title='bbox 589 1407 989 1467; x_wconf 82' lang='lat' dir='ltr'>eruditissimo</span> <span class='ocrx_word' id='word_1_118' title='bbox 1005 1425 1176 1482; x_wconf 91' lang='lat' dir='ltr'>opere</span> <span class='ocrx_word' id='word_1_119' title='bbox 1193 1406 1556 1482; x_wconf 84' lang='lat' dir='ltr'>sugillantur</span> <span class='ocrx_word' id='word_1_120' title='bbox 1581 1410 1761 1480; x_wconf 87' lang='lat' dir='ltr'>atque</span> <span class='ocrx_word' id='word_1_121' title='bbox 1781 1424 1874 1463; x_wconf 89' lang='lat' dir='ltr'>re·</span> 
     </span>
     <span class='ocr_line' id='line_1_16' title="bbox 589 1495 1763 1572; baseline -0.003 -18"><span class='ocrx_word' id='word_1_122' title='bbox 589 1495 1055 1572; x_wconf 87' lang='lat' dir='ltr'>prehenduntur,</span> <span class='ocrx_word' id='word_1_123' title='bbox 1091 1495 1371 1553; x_wconf 85' lang='lat' dir='ltr'>Perusiae</span> <span class='ocrx_word' id='word_1_124' title='bbox 1410 1504 1574 1557; x_wconf 85' lang='lat'>1603</span> <span class='ocrx_word' id='word_1_125' title='bbox 1611 1495 1674 1553; x_wconf 90' lang='lat' dir='ltr'>in</span> <span class='ocrx_word' id='word_1_126' title='bbox 1709 1504 1763 1555; x_wconf 86' lang='lat'>4.</span> 
     </span>
    </p>
   </div>
   <div class='ocr_carea' id='block_1_7' title="bbox 581 1670 1876 4775">
    <p class='ocr_par' dir='ltr' id='par_1_7' title="bbox 581 1670 1876 4775">
     <span class='ocr_line' id='line_1_17' title="bbox 688 1670 1873 1734; baseline -0.005 0"><span class='ocrx_word' id='word_1_127' title='bbox 688 1682 828 1734; x_wconf 75' lang='grc'><strong>198.</strong></span> <span class='ocrx_word' id='word_1_128' title='bbox 896 1672 1331 1730; x_wconf 84' lang='lat' dir='ltr'>Praetermissis</span> <span class='ocrx_word' id='word_1_129' title='bbox 1392 1671 1577 1730; x_wconf 90' lang='lat' dir='ltr'>Paulo</span> <span class='ocrx_word' id='word_1_130' title='bbox 1641 1670 1873 1729; x_wconf 84' lang='lat' dir='ltr'>Fabu-</span> 
     </span>
     <span class='ocr_line' id='line_1_18' title="bbox 590 1760 1873 1835; baseline -0.002 -16"><span class='ocrx_word' id='word_1_131' title='bbox 590 1761 773 1821; x_wconf 89' lang='lat' dir='ltr'>lotti</span> <span class='ocrx_word' id='word_1_132' title='bbox 826 1761 891 1822; x_wconf 89' lang='lat' dir='ltr'>O.</span> <span class='ocrx_word' id='word_1_133' title='bbox 924 1762 1097 1818; x_wconf 83' lang='lat' dir='ltr'>Barn.</span> <span class='ocrx_word' id='word_1_134' title='bbox 1148 1762 1421 1829; x_wconf 87' lang='lat' dir='ltr'>Romano,</span> <span class='ocrx_word' id='word_1_135' title='bbox 1471 1760 1702 1835; x_wconf 78' lang='lat' dir='ltr'>aliquot</span> <span class='ocrx_word' id='word_1_136' title='bbox 1733 1778 1873 1818; x_wconf 90' lang='lat' dir='ltr'>con-</span> 
     </span>
     <span class='ocr_line' id='line_1_19' title="bbox 591 1848 1876 1927; baseline -0.001 -19"><span class='ocrx_word' id='word_1_137' title='bbox 591 1850 1002 1927; x_wconf 87' lang='lat' dir='ltr'>gregationum</span> <span class='ocrx_word' id='word_1_138' title='bbox 1049 1850 1328 1919; x_wconf 89' lang='lat' dir='ltr'>membro,</span> <span class='ocrx_word' id='word_1_139' title='bbox 1376 1851 1547 1925; x_wconf 83' lang='lat' dir='ltr'>cujus</span> <span class='ocrx_word' id='word_1_140' title='bbox 1593 1848 1782 1907; x_wconf 87' lang='lat' dir='ltr'>solida</span> <span class='ocrx_word' id='word_1_141' title='bbox 1814 1852 1876 1907; x_wconf 90' lang='lat' dir='ltr'>et</span> 
     </span>
     <span class='ocr_line' id='line_1_20' title="bbox 589 1939 1876 2015; baseline -0.002 -18"><span class='ocrx_word' id='word_1_142' title='bbox 589 1939 830 2015; x_wconf 81' lang='lat' dir='ltr'>egregia</span> <span class='ocrx_word' id='word_1_143' title='bbox 879 1939 1205 2012; x_wconf 82' lang='lat' dir='ltr'>disputatio</span> <span class='ocrx_word' id='word_1_144' title='bbox 1255 1940 1323 1996; x_wconf 82' lang='lat' dir='ltr'>de</span> <span class='ocrx_word' id='word_1_145' title='bbox 1366 1945 1641 2013; x_wconf 75' lang='lat' dir='ltr'>potestate</span> <span class='ocrx_word' id='word_1_146' title='bbox 1676 1955 1876 2012; x_wconf 80' lang='lat' dir='ltr'>papae</span> 
     </span>
     <span class='ocr_line' id='line_1_21' title="bbox 589 2027 1874 2103; baseline -0.002 -17"><span class='ocrx_word' id='word_1_147' title='bbox 589 2045 775 2100; x_wconf 81' lang='lat' dir='ltr'>supra</span> <span class='ocrx_word' id='word_1_148' title='bbox 824 2028 1141 2103; x_wconf 76' lang='lat' dir='ltr'>concilium,</span> <span class='ocrx_word' id='word_1_149' title='bbox 1194 2027 1459 2086; x_wconf 83' lang='lat' dir='ltr'>Venetiis</span> <span class='ocrx_word' id='word_1_150' title='bbox 1516 2036 1699 2095; x_wconf 82' lang='lat'>1613,</span> <span class='ocrx_word' id='word_1_151' title='bbox 1748 2045 1874 2084; x_wconf 84' lang='lat' dir='ltr'>sae-</span> 
     </span>
     <span class='ocr_line' id='line_1_22' title="bbox 589 2115 1874 2193; baseline -0.002 -19"><span class='ocrx_word' id='word_1_152' title='bbox 589 2117 725 2193; x_wconf 87' lang='lat' dir='ltr'>pius</span> <span class='ocrx_word' id='word_1_153' title='bbox 758 2117 934 2185; x_wconf 88' lang='lat' dir='ltr'>edita,</span> <span class='ocrx_word' id='word_1_154' title='bbox 970 2119 1202 2190; x_wconf 86' lang='lat' dir='ltr'>recepta</span> <span class='ocrx_word' id='word_1_155' title='bbox 1246 2135 1483 2191; x_wconf 88' lang='lat' dir='ltr'>quoque</span> <span class='ocrx_word' id='word_1_156' title='bbox 1514 2116 1632 2173; x_wconf 90' lang='lat' dir='ltr'>fuit</span> <span class='ocrx_word' id='word_1_157' title='bbox 1664 2135 1699 2173; x_wconf 88' lang='lat' dir='ltr'>a</span> <span class='ocrx_word' id='word_1_158' title='bbox 1730 2115 1874 2172; x_wconf 89' lang='lat' dir='ltr'>Roc-</span> 
     </span>
     <span class='ocr_line' id='line_1_23' title="bbox 590 2203 1871 2280; baseline -0.003 -16"><span class='ocrx_word' id='word_1_159' title='bbox 590 2205 810 2264; x_wconf 89' lang='lat' dir='ltr'>caberti</span> <span class='ocrx_word' id='word_1_160' title='bbox 860 2204 923 2262; x_wconf 89' lang='lat' dir='ltr'>in</span> <span class='ocrx_word' id='word_1_161' title='bbox 975 2223 1145 2264; x_wconf 85' lang='lat' dir='ltr'>suam</span> <span class='ocrx_word' id='word_1_162' title='bbox 1208 2205 1350 2263; x_wconf 90' lang='lat' dir='ltr'>bibl.</span> <span class='ocrx_word' id='word_1_163' title='bbox 1401 2206 1608 2280; x_wconf 88' lang='lat' dir='ltr'>pontif.</span> <span class='ocrx_word' id='word_1_164' title='bbox 1660 2203 1871 2272; x_wconf 85' lang='lat' dir='ltr'>XVIII,</span> 
     </span>
     <span class='ocr_line' id='line_1_24' title="bbox 599 2293 1871 2356; baseline -0.006 0"><span class='ocrx_word' id='word_1_165' title='bbox 599 2304 825 2356; x_wconf 82' lang='lat'>1—45.</span> <span class='ocrx_word' id='word_1_166' title='bbox 883 2326 967 2336; x_wconf 81' lang='lat'>—-</span> <span class='ocrx_word' id='word_1_167' title='bbox 1019 2295 1224 2352; x_wconf 81' lang='lat' dir='ltr'>Alexio</span> <span class='ocrx_word' id='word_1_168' title='bbox 1274 2296 1508 2352; x_wconf 91' lang='lat' dir='ltr'>Porro</span> <span class='ocrx_word' id='word_1_169' title='bbox 1571 2294 1636 2354; x_wconf 89' lang='lat' dir='ltr'>O.</span> <span class='ocrx_word' id='word_1_170' title='bbox 1688 2293 1871 2351; x_wconf 88' lang='lat' dir='ltr'>Carm.</span> 
     </span>
     <span class='ocr_line' id='line_1_25' title="bbox 588 2377 1874 2464; baseline -0.002 -24"><span class='ocrx_word' id='word_1_171' title='bbox 588 2384 910 2442; x_wconf 75' lang='lat' dir='ltr'>Mantuano</span> <span class='ocrx_word' id='word_1_172' title='bbox 942 2377 1004 2464; x_wconf 93' lang='lat'>(†</span> <span class='ocrx_word' id='word_1_173' title='bbox 1044 2379 1255 2459; x_wconf 89' lang='grc'><strong>1609),</strong></span> <span class='ocrx_word' id='word_1_174' title='bbox 1290 2385 1458 2459; x_wconf 80' lang='lat' dir='ltr'>cujus</span> <span class='ocrx_word' id='word_1_175' title='bbox 1493 2387 1725 2458; x_wconf 86' lang='lat' dir='ltr'>praeter</span> <span class='ocrx_word' id='word_1_176' title='bbox 1755 2381 1874 2439; x_wconf 89' lang='lat' dir='ltr'>alia</span> 
     </span>
     <span class='ocr_line' id='line_1_26' title="bbox 587 2467 1867 2553; baseline 0.001 -24"><span class='ocrx_word' id='word_1_177' title='bbox 587 2475 817 2546; x_wconf 80' lang='lat' dir='ltr'>prostat</span> <span class='ocrx_word' id='word_1_178' title='bbox 851 2467 1132 2553; x_wconf 85' lang='lat' dir='ltr'>(italice):</span> <span class='ocrx_word' id='word_1_179' title='bbox 1180 2471 1297 2530; x_wconf 83' lang='lat' dir='ltr'>Vas</span> <span class='ocrx_word' id='word_1_180' title='bbox 1327 2472 1601 2546; x_wconf 83' lang='lat' dir='ltr'>veritatis,</span> <span class='ocrx_word' id='word_1_181' title='bbox 1636 2489 1754 2544; x_wconf 92' lang='lat' dir='ltr'>quo</span> <span class='ocrx_word' id='word_1_182' title='bbox 1793 2478 1867 2533; x_wconf 84' lang='grc'>12</span> 
     </span>
     <span class='ocr_line' id='line_1_27' title="bbox 589 2559 1869 2637; baseline -0.002 -19"><span class='ocrx_word' id='word_1_183' title='bbox 589 2560 768 2619; x_wconf 86' lang='lat' dir='ltr'>dubia</span> <span class='ocrx_word' id='word_1_184' title='bbox 801 2561 1118 2619; x_wconf 84' lang='lat' dir='ltr'>solvuntur</span> <span class='ocrx_word' id='word_1_185' title='bbox 1149 2559 1220 2618; x_wconf 90' lang='lat' dir='ltr'>de</span> <span class='ocrx_word' id='word_1_186' title='bbox 1254 2559 1502 2637; x_wconf 82' lang='lat' dir='ltr'>origine,</span> <span class='ocrx_word' id='word_1_187' title='bbox 1538 2559 1869 2627; x_wconf 77' lang='lat' dir='ltr'>nativitate,</span> 
     </span>
     <span class='ocr_line' id='line_1_28' title="bbox 589 2647 1870 2724; baseline 0 -19"><span class='ocrx_word' id='word_1_188' title='bbox 589 2650 729 2713; x_wconf 85' lang='lat' dir='ltr'>vita.</span> <span class='ocrx_word' id='word_1_189' title='bbox 784 2650 1081 2724; x_wconf 89' lang='lat' dir='ltr'>operibus,</span> <span class='ocrx_word' id='word_1_190' title='bbox 1130 2653 1320 2707; x_wconf 90' lang='lat' dir='ltr'>morte</span> <span class='ocrx_word' id='word_1_191' title='bbox 1371 2648 1723 2717; x_wconf 82' lang='lat' dir='ltr'>antichristi,</span> <span class='ocrx_word' id='word_1_192' title='bbox 1759 2647 1870 2705; x_wconf 89' lang='lat' dir='ltr'>Ve-</span> 
     </span>
     <span class='ocr_line' id='line_1_29' title="bbox 588 2735 1872 2811; baseline -0.002 -16"><span class='ocrx_word' id='word_1_193' title='bbox 588 2739 764 2795; x_wconf 83' lang='lat' dir='ltr'>netiis</span> <span class='ocrx_word' id='word_1_194' title='bbox 822 2746 987 2800; x_wconf 83' lang='grc'><strong>1597</strong></span> <span class='ocrx_word' id='word_1_195' title='bbox 1042 2770 1129 2780; x_wconf 93' lang='grc'><strong>-</strong></span> <span class='ocrx_word' id='word_1_196' title='bbox 1179 2737 1479 2811; x_wconf 90' lang='lat' dir='ltr'>Alphonso</span> <span class='ocrx_word' id='word_1_197' title='bbox 1532 2735 1872 2794; x_wconf 82' lang='lat' dir='ltr'>Bovosio</span> 
     </span>
     <span class='ocr_line' id='line_1_30' title="bbox 589 2826 1871 2901; baseline -0.002 -18"><span class='ocrx_word' id='word_1_198' title='bbox 589 2845 711 2883; x_wconf 88' lang='lat' dir='ltr'>can.</span> <span class='ocrx_word' id='word_1_199' title='bbox 745 2844 865 2901; x_wconf 84' lang='lat' dir='ltr'>reg.</span> <span class='ocrx_word' id='word_1_200' title='bbox 901 2826 1023 2894; x_wconf 88' lang='lat' dir='ltr'>lat.,</span> <span class='ocrx_word' id='word_1_201' title='bbox 1071 2826 1239 2900; x_wconf 88' lang='lat' dir='ltr'>cujus</span> <span class='ocrx_word' id='word_1_202' title='bbox 1289 2829 1522 2883; x_wconf 81' lang='lat' dir='ltr'>exstant</span> <span class='ocrx_word' id='word_1_203' title='bbox 1553 2831 1871 2883; x_wconf 74' lang='lat' dir='ltr'>controver-</span> 
     </span>
     <span class='ocr_line' id='line_1_31' title="bbox 587 2913 1873 2990; baseline -0.001 -18"><span class='ocrx_word' id='word_1_204' title='bbox 587 2916 707 2972; x_wconf 85' lang='lat' dir='ltr'>siae</span> <span class='ocrx_word' id='word_1_205' title='bbox 730 2914 1113 2971; x_wconf 77' lang='lat' dir='ltr'>miscellaneae</span> <span class='ocrx_word' id='word_1_206' title='bbox 1139 2913 1485 2972; x_wconf 76' lang='lat' dir='ltr'>universam</span> <span class='ocrx_word' id='word_1_207' title='bbox 1516 2914 1873 2990; x_wconf 83' lang='lat' dir='ltr'>theologiam</span> 
     </span>
     <span class='ocr_line' id='line_1_32' title="bbox 590 3003 1872 3078; baseline -0.001 -17"><span class='ocrx_word' id='word_1_208' title='bbox 590 3004 1046 3076; x_wconf 83' lang='lat' dir='ltr'>complectentes</span> <span class='ocrx_word' id='word_1_209' title='bbox 1077 3021 1399 3077; x_wconf 84' lang='lat' dir='ltr'>omnesque</span> <span class='ocrx_word' id='word_1_210' title='bbox 1435 3003 1872 3078; x_wconf 86' lang='lat' dir='ltr'>philosophicas</span> 
     </span>
     <span class='ocr_line' id='line_1_33' title="bbox 590 3091 1868 3167; baseline 0.003 -18"><span class='ocrx_word' id='word_1_211' title='bbox 590 3091 899 3167; x_wconf 84' lang='lat' dir='ltr'>opiniones</span> <span class='ocrx_word' id='word_1_212' title='bbox 948 3091 1345 3160; x_wconf 84' lang='lat' dir='ltr'>enucleantes,</span> <span class='ocrx_word' id='word_1_213' title='bbox 1396 3091 1662 3150; x_wconf 88' lang='lat' dir='ltr'>Venetiis</span> <span class='ocrx_word' id='word_1_214' title='bbox 1702 3101 1868 3153; x_wconf 67' lang='lat'>1589</span> 
     </span>
     <span class='ocr_line' id='line_1_34' title="bbox 589 3180 1872 3255; baseline 0 -18"><span class='ocrx_word' id='word_1_215' title='bbox 589 3181 648 3237; x_wconf 92' lang='lat' dir='ltr'>in</span> <span class='ocrx_word' id='word_1_216' title='bbox 686 3190 754 3248; x_wconf 86' lang='lat'>4;</span> <span class='ocrx_word' id='word_1_217' title='bbox 789 3181 1201 3252; x_wconf 78' lang='lat' dir='ltr'>disputationes</span> <span class='ocrx_word' id='word_1_218' title='bbox 1220 3181 1545 3255; x_wconf 78' lang='lat' dir='ltr'>catholicae,</span> <span class='ocrx_word' id='word_1_219' title='bbox 1565 3181 1629 3237; x_wconf 90' lang='lat' dir='ltr'>in</span> <span class='ocrx_word' id='word_1_220' title='bbox 1650 3180 1872 3253; x_wconf 89' lang='lat' dir='ltr'>quibus</span> 
     </span>
     <span class='ocr_line' id='line_1_35' title="bbox 589 3268 1871 3344; baseline -0.001 -18"><span class='ocrx_word' id='word_1_221' title='bbox 589 3269 931 3344; x_wconf 84' lang='lat' dir='ltr'>praecipuae</span> <span class='ocrx_word' id='word_1_222' title='bbox 965 3268 1318 3328; x_wconf 87' lang='lat' dir='ltr'>Graecorum</span> <span class='ocrx_word' id='word_1_223' title='bbox 1352 3268 1723 3344; x_wconf 84' lang='lat' dir='ltr'>quorundam</span> <span class='ocrx_word' id='word_1_224' title='bbox 1741 3268 1871 3343; x_wconf 88' lang='lat' dir='ltr'>opi-</span> 
     </span>
     <span class='ocr_line' id='line_1_36' title="bbox 588 3357 1872 3433; baseline 0.003 -18"><span class='ocrx_word' id='word_1_225' title='bbox 588 3358 792 3416; x_wconf 86' lang='lat' dir='ltr'>niones</span> <span class='ocrx_word' id='word_1_226' title='bbox 827 3357 1194 3433; x_wconf 86' lang='lat' dir='ltr'>rejiciuntur,</span> <span class='ocrx_word' id='word_1_227' title='bbox 1244 3359 1543 3416; x_wconf 87' lang='lat' dir='ltr'>Bononiae</span> <span class='ocrx_word' id='word_1_228' title='bbox 1586 3366 1746 3419; x_wconf 90' lang='grc'><strong>1607</strong></span> <span class='ocrx_word' id='word_1_229' title='bbox 1784 3390 1872 3401; x_wconf 88' lang='grc'>-</span> 
     </span>
     <span class='ocr_line' id='line_1_37' title="bbox 589 3446 1870 3518; baseline -0.001 -14"><span class='ocrx_word' id='word_1_230' title='bbox 589 3446 811 3505; x_wconf 86' lang='lat' dir='ltr'>Isidoro</span> <span class='ocrx_word' id='word_1_231' title='bbox 844 3447 1234 3507; x_wconf 83' lang='lat' dir='ltr'>Mosconio</span> <span class='ocrx_word' id='word_1_232' title='bbox 1287 3447 1592 3518; x_wconf 88' lang='lat' dir='ltr'>Perusin0,</span> <span class='ocrx_word' id='word_1_233' title='bbox 1646 3446 1870 3504; x_wconf 89' lang='lat' dir='ltr'>archie-</span> 
     </span>
     <span class='ocr_line' id='line_1_38' title="bbox 587 3534 1869 3611; baseline -0.002 -18"><span class='ocrx_word' id='word_1_234' title='bbox 587 3535 809 3610; x_wconf 84' lang='lat' dir='ltr'>piscopi</span> <span class='ocrx_word' id='word_1_235' title='bbox 872 3536 1256 3594; x_wconf 81' lang='lat' dir='ltr'>bononiensis</span> <span class='ocrx_word' id='word_1_236' title='bbox 1321 3536 1538 3594; x_wconf 84' lang='lat' dir='ltr'>vicario</span> <span class='ocrx_word' id='word_1_237' title='bbox 1590 3534 1869 3611; x_wconf 81' lang='lat' dir='ltr'>generali,</span> 
     </span>
     <span class='ocr_line' id='line_1_39' title="bbox 587 3624 1872 3699; baseline -0.002 -18"><span class='ocrx_word' id='word_1_238' title='bbox 587 3625 691 3697; x_wconf 86' lang='lat' dir='ltr'>qui</span> <span class='ocrx_word' id='word_1_239' title='bbox 753 3625 1035 3682; x_wconf 87' lang='lat' dir='ltr'>disseruit</span> <span class='ocrx_word' id='word_1_240' title='bbox 1095 3626 1162 3682; x_wconf 86' lang='lat' dir='ltr'>de</span> <span class='ocrx_word' id='word_1_241' title='bbox 1224 3625 1512 3699; x_wconf 81' lang='lat' dir='ltr'>majestate</span> <span class='ocrx_word' id='word_1_242' title='bbox 1570 3624 1872 3682; x_wconf 57' lang='lat' dir='ltr'>&gt;indita-ntis</span> 
     </span>
     <span class='ocr_line' id='line_1_40' title="bbox 590 3711 1869 3787; baseline 0.002 -20"><span class='ocrx_word' id='word_1_243' title='bbox 590 3712 874 3769; x_wconf 81' lang='lat' dir='ltr'>Ecclesiae</span> <span class='ocrx_word' id='word_1_244' title='bbox 905 3713 1042 3780; x_wconf 81' lang='lat'>11.2‚</span> <span class='ocrx_word' id='word_1_245' title='bbox 1077 3713 1141 3770; x_wconf 91' lang='lat' dir='ltr'>in</span> <span class='ocrx_word' id='word_1_246' title='bbox 1174 3713 1391 3787; x_wconf 89' lang='lat' dir='ltr'>quibus</span> <span class='ocrx_word' id='word_1_247' title='bbox 1426 3711 1715 3771; x_wconf 85' lang='lat' dir='ltr'>Ecclesiae</span> <span class='ocrx_word' id='word_1_248' title='bbox 1748 3732 1869 3770; x_wconf 90' lang='lat' dir='ltr'>ma-</span> 
     </span>
     <span class='ocr_line' id='line_1_41' title="bbox 581 3800 1869 3875; baseline 0.002 -19"><span class='ocrx_word' id='word_1_249' title='bbox 581 3801 859 3873; x_wconf 81' lang='lat' dir='ltr'>jestatem</span> <span class='ocrx_word' id='word_1_250' title='bbox 894 3819 959 3856; x_wconf 82' lang='lat' dir='ltr'>ex</span> <span class='ocrx_word' id='word_1_251' title='bbox 981 3801 1267 3875; x_wconf 82' lang='lat' dir='ltr'>religione</span> <span class='ocrx_word' id='word_1_252' title='bbox 1288 3801 1608 3859; x_wconf 86' lang='lat' dir='ltr'>christiana</span> <span class='ocrx_word' id='word_1_253' title='bbox 1627 3800 1869 3859; x_wconf 89' lang='lat' dir='ltr'>demon-</span> 
     </span>
     <span class='ocr_line' id='line_1_42' title="bbox 590 3888 1873 3965; baseline 0.002 -21"><span class='ocrx_word' id='word_1_254' title='bbox 590 3893 755 3950; x_wconf 83' lang='lat' dir='ltr'>strat,</span> <span class='ocrx_word' id='word_1_255' title='bbox 792 3892 972 3962; x_wconf 85' lang='lat' dir='ltr'>atque</span> <span class='ocrx_word' id='word_1_256' title='bbox 1005 3888 1075 3944; x_wconf 87' lang='lat' dir='ltr'>de</span> <span class='ocrx_word' id='word_1_257' title='bbox 1127 3889 1317 3962; x_wconf 88' lang='lat' dir='ltr'>ipsius</span> <span class='ocrx_word' id='word_1_258' title='bbox 1357 3890 1661 3965; x_wconf 87' lang='lat' dir='ltr'>religionis</span> <span class='ocrx_word' id='word_1_259' title='bbox 1708 3893 1873 3947; x_wconf 88' lang='lat' dir='ltr'>statu</span> 
     </span>
     <span class='ocr_line' id='line_1_43' title="bbox 590 3975 1869 4054; baseline 0.004 -24"><span class='ocrx_word' id='word_1_260' title='bbox 590 3993 779 4049; x_wconf 85' lang='lat' dir='ltr'>quove</span> <span class='ocrx_word' id='word_1_261' title='bbox 843 3975 1010 4034; x_wconf 88' lang='lat' dir='ltr'>modo</span> <span class='ocrx_word' id='word_1_262' title='bbox 1062 3976 1123 4033; x_wconf 88' lang='lat' dir='ltr'>in</span> <span class='ocrx_word' id='word_1_263' title='bbox 1176 3976 1399 4047; x_wconf 60' lang='lat' dir='ltr'>osficiiS,</span> <span class='ocrx_word' id='word_1_264' title='bbox 1452 3979 1869 4054; x_wconf 75' lang='lat' dir='ltr'>dignitatibus,</span> 
     </span>
     <span class='ocr_line' id='line_1_44' title="bbox 590 4062 1871 4137; baseline 0.005 -19"><span class='ocrx_word' id='word_1_265' title='bbox 590 4062 885 4137; x_wconf 80' lang='lat' dir='ltr'>gradibuS‚</span> <span class='ocrx_word' id='word_1_266' title='bbox 940 4064 1253 4122; x_wconf 87' lang='lat' dir='ltr'>ordinibus</span> <span class='ocrx_word' id='word_1_267' title='bbox 1307 4069 1428 4124; x_wconf 87' lang='lat' dir='ltr'>tam</span> <span class='ocrx_word' id='word_1_268' title='bbox 1460 4067 1871 4125; x_wconf 75' lang='lat' dir='ltr'>ecclesiasticis</span> 
     </span>
     <span class='ocr_line' id='line_1_45' title="bbox 590 4152 1871 4228; baseline 0.005 -23"><span class='ocrx_word' id='word_1_269' title='bbox 590 4170 763 4224; x_wconf 87' lang='lat' dir='ltr'>quam</span> <span class='ocrx_word' id='word_1_270' title='bbox 802 4152 1162 4210; x_wconf 85' lang='lat' dir='ltr'>secularibus</span> <span class='ocrx_word' id='word_1_271' title='bbox 1181 4154 1571 4228; x_wconf 81' lang='lat' dir='ltr'>splendescat,</span> <span class='ocrx_word' id='word_1_272' title='bbox 1608 4156 1871 4214; x_wconf 87' lang='lat' dir='ltr'>Venetiis</span> 
     </span>
     <span class='ocr_line' id='line_1_46' title="bbox 599 4241 1872 4306; baseline 0.001 -7"><span class='ocrx_word' id='word_1_273' title='bbox 599 4247 796 4306; x_wconf 88' lang='grc' dir='ltr'><strong>16Ο2;</strong></span> <span class='ocrx_word' id='word_1_274' title='bbox 832 4241 1005 4298; x_wconf 77' lang='lat' dir='ltr'>vitam</span> <span class='ocrx_word' id='word_1_275' title='bbox 1038 4242 1084 4303; x_wconf 82' lang='lat' dir='ltr'>b.</span> <span class='ocrx_word' id='word_1_276' title='bbox 1122 4241 1328 4300; x_wconf 82' lang='lat' dir='ltr'>Clarae</span> <span class='ocrx_word' id='word_1_277' title='bbox 1359 4244 1429 4302; x_wconf 89' lang='lat' dir='ltr'>de</span> <span class='ocrx_word' id='word_1_278' title='bbox 1451 4245 1631 4302; x_wconf 90' lang='lat' dir='ltr'>Cruce</span> <span class='ocrx_word' id='word_1_279' title='bbox 1664 4263 1769 4302; x_wconf 90' lang='lat' dir='ltr'>seu</span> <span class='ocrx_word' id='word_1_280' title='bbox 1799 4243 1872 4300; x_wconf 89' lang='lat' dir='ltr'>de</span> 
     </span>
     <span class='ocr_line' id='line_1_47' title="bbox 591 4326 1870 4414; baseline 0.004 -32"><span class='ocrx_word' id='word_1_281' title='bbox 591 4326 942 4386; x_wconf 86' lang='lat' dir='ltr'>Montefalco</span> <span class='ocrx_word' id='word_1_282' title='bbox 994 4329 1059 4386; x_wconf 81' lang='lat' dir='ltr'>V.</span> <span class='ocrx_word' id='word_1_283' title='bbox 1113 4326 1177 4410; x_wconf 86' lang='lat'>(†</span> <span class='ocrx_word' id='word_1_284' title='bbox 1217 4326 1411 4414; x_wconf 77' lang='grc'><strong>1308)</strong></span> <span class='ocrx_word' id='word_1_285' title='bbox 1462 4334 1523 4390; x_wconf 87' lang='lat' dir='ltr'>in</span> <span class='ocrx_word' id='word_1_286' title='bbox 1573 4333 1741 4390; x_wconf 89' lang='lat' dir='ltr'>Actis</span> <span class='ocrx_word' id='word_1_287' title='bbox 1775 4332 1870 4390; x_wconf 89' lang='lat' dir='ltr'>SS.</span> 
     </span>
     <span class='ocr_line' id='line_1_48' title="bbox 598 4415 1869 4490; baseline 0.004 -17"><span class='ocrx_word' id='word_1_288' title='bbox 598 4423 695 4475; x_wconf 72' lang='lat'>18.</span> <span class='ocrx_word' id='word_1_289' title='bbox 733 4418 881 4490; x_wconf 84' lang='lat' dir='ltr'>Aug.</span> <span class='ocrx_word' id='word_1_290' title='bbox 929 4415 1034 4480; x_wconf 87' lang='grc' dir='ltr'><strong>ΙΙΙ,</strong></span> <span class='ocrx_word' id='word_1_291' title='bbox 1084 4427 1444 4483; x_wconf 63' lang='grc'><strong>676-668.</strong></span> <span class='ocrx_word' id='word_1_292' title='bbox 1478 4453 1561 4463; x_wconf 85' lang='lat'>-—-</span> <span class='ocrx_word' id='word_1_293' title='bbox 1616 4421 1869 4478; x_wconf 84' lang='lat' dir='ltr'>Romu·</span> 
     </span>
     <span class='ocr_line' id='line_1_49' title="bbox 592 4501 1871 4583; baseline 0.008 -27"><span class='ocrx_word' id='word_1_294' title='bbox 592 4501 765 4560; x_wconf 87' lang='lat' dir='ltr'>aldo</span> <span class='ocrx_word' id='word_1_295' title='bbox 818 4504 1162 4564; x_wconf 86' lang='lat' dir='ltr'>Taurinensi</span> <span class='ocrx_word' id='word_1_296' title='bbox 1216 4508 1279 4565; x_wconf 92' lang='grc' dir='ltr'>Ο.</span> <span class='ocrx_word' id='word_1_297' title='bbox 1314 4509 1445 4583; x_wconf 86' lang='lat' dir='ltr'>Cap.</span> <span class='ocrx_word' id='word_1_298' title='bbox 1499 4509 1871 4566; x_wconf 87' lang='lat' dir='ltr'>missionario</span> 
     </span>
     <span class='ocr_line' id='line_1_50' title="bbox 593 4591 1868 4670; baseline 0.009 -27"><span class='ocrx_word' id='word_1_299' title='bbox 593 4591 834 4649; x_wconf 89' lang='lat' dir='ltr'>strenuo</span> <span class='ocrx_word' id='word_1_300' title='bbox 867 4593 929 4649; x_wconf 88' lang='lat' dir='ltr'>in</span> <span class='ocrx_word' id='word_1_301' title='bbox 971 4596 1309 4670; x_wconf 86' lang='lat' dir='ltr'>regionibus</span> <span class='ocrx_word' id='word_1_302' title='bbox 1344 4605 1403 4654; x_wconf 89' lang='lat' dir='ltr'>et</span> <span class='ocrx_word' id='word_1_303' title='bbox 1437 4598 1691 4656; x_wconf 81' lang='lat' dir='ltr'>vallibus</span> <span class='ocrx_word' id='word_1_304' title='bbox 1726 4597 1868 4656; x_wconf 88' lang='lat' dir='ltr'>sub·</span> 
     </span>
     <span class='ocr_line' id='line_1_51' title="bbox 593 4677 1870 4775; baseline -0.001 -31"><span class='ocrx_word' id='word_1_305' title='bbox 593 4677 807 4775; x_wconf 59' lang='lat' dir='ltr'>alpini-‘³</span> <span class='ocrx_word' id='word_1_306' title='bbox 842 4677 902 4758; x_wconf 86' lang='lat'>(†</span> <span class='ocrx_word' id='word_1_307' title='bbox 944 4681 1153 4762; x_wconf 86' lang='grc'><strong>1616),</strong></span> <span class='ocrx_word' id='word_1_308' title='bbox 1189 4687 1356 4758; x_wconf 80' lang='lat' dir='ltr'>cujus</span> <span class='ocrx_word' id='word_1_309' title='bbox 1391 4686 1665 4744; x_wconf 81' lang='lat' dir='ltr'>Manuale</span> <span class='ocrx_word' id='word_1_310' title='bbox 1688 4703 1870 4759; x_wconf 85' lang='lat' dir='ltr'>prae·</span> 
     </span>
    </p>
   </div>
   <div class='ocr_carea' id='block_1_8' title="bbox 1926 1044 3215 3872">
    <p class='ocr_par' dir='ltr' id='par_1_8' title="bbox 1926 1044 3215 3872">
     <span class='ocr_line' id='line_1_52' title="bbox 1929 1044 3215 1127; baseline -0.005 -19"><span class='ocrx_word' id='word_1_311' title='bbox 1929 1050 2154 1108; x_wconf 85' lang='lat' dir='ltr'>ordinis</span> <span class='ocrx_word' id='word_1_312' title='bbox 2186 1049 2407 1107; x_wconf 90' lang='lat' dir='ltr'>electus</span> <span class='ocrx_word' id='word_1_313' title='bbox 2439 1048 2555 1106; x_wconf 82' lang='lat' dir='ltr'>fuit</span> <span class='ocrx_word' id='word_1_314' title='bbox 2585 1047 2783 1127; x_wconf 75' lang='grc'><strong>(1562</strong></span> <span class='ocrx_word' id='word_1_315' title='bbox 2819 1052 2880 1105; x_wconf 87' lang='lat' dir='ltr'>et</span> <span class='ocrx_word' id='word_1_316' title='bbox 2908 1044 3121 1125; x_wconf 75' lang='lat'>1585),</span> <span class='ocrx_word' id='word_1_317' title='bbox 3154 1052 3215 1103; x_wconf 90' lang='lat' dir='ltr'>et</span> 
     </span>
     <span class='ocr_line' id='line_1_53' title="bbox 1928 1135 3214 1210; baseline -0.002 -15"><span class='ocrx_word' id='word_1_318' title='bbox 1928 1139 1990 1196; x_wconf 93' lang='lat' dir='ltr'>in</span> <span class='ocrx_word' id='word_1_319' title='bbox 2023 1138 2417 1197; x_wconf 83' lang='lat' dir='ltr'>universitate</span> <span class='ocrx_word' id='word_1_320' title='bbox 2448 1156 2692 1196; x_wconf 86' lang='lat' dir='ltr'>romana</span> <span class='ocrx_word' id='word_1_321' title='bbox 2722 1135 3096 1210; x_wconf 85' lang='lat' dir='ltr'>theologiam,</span> <span class='ocrx_word' id='word_1_322' title='bbox 3151 1135 3214 1193; x_wconf 91' lang='lat' dir='ltr'>in</span> 
     </span>
     <span class='ocr_line' id='line_1_54' title="bbox 1929 1221 3212 1302; baseline -0.004 -17"><span class='ocrx_word' id='word_1_323' title='bbox 1929 1227 2282 1286; x_wconf 90' lang='lat' dir='ltr'>bononiensi</span> <span class='ocrx_word' id='word_1_324' title='bbox 2292 1225 2611 1284; x_wconf 87' lang='lat' dir='ltr'>cumlaude</span> <span class='ocrx_word' id='word_1_325' title='bbox 2625 1243 2696 1282; x_wconf 89' lang='lat' dir='ltr'>ss.</span> <span class='ocrx_word' id='word_1_326' title='bbox 2714 1225 2918 1282; x_wconf 84' lang='lat' dir='ltr'>literas</span> <span class='ocrx_word' id='word_1_327' title='bbox 2928 1221 3212 1302; x_wconf 79' lang='lat' dir='ltr'>docuitl),</span> 
     </span>
     <span class='ocr_line' id='line_1_55' title="bbox 1928 1309 3214 1395; baseline -0.003 -20"><span class='ocrx_word' id='word_1_328' title='bbox 1928 1318 2100 1391; x_wconf 88' lang='lat' dir='ltr'>cujus</span> <span class='ocrx_word' id='word_1_329' title='bbox 2129 1315 2415 1373; x_wconf 88' lang='lat' dir='ltr'>laudatur</span> <span class='ocrx_word' id='word_1_330' title='bbox 2445 1333 2590 1390; x_wconf 90' lang='lat' dir='ltr'>opus</span> <span class='ocrx_word' id='word_1_331' title='bbox 2625 1310 2720 1395; x_wconf 88' lang='lat' dir='ltr'>(ut</span> <span class='ocrx_word' id='word_1_332' title='bbox 2739 1313 2980 1371; x_wconf 84' lang='lat' dir='ltr'>videtur</span> <span class='ocrx_word' id='word_1_333' title='bbox 2997 1309 3214 1391; x_wconf 89' lang='lat' dir='ltr'>mscr.):</span> 
     </span>
     <span class='ocr_line' id='line_1_56' title="bbox 1929 1403 3213 1480; baseline -0.005 -16"><span class='ocrx_word' id='word_1_334' title='bbox 1929 1407 1997 1464; x_wconf 86' lang='lat' dir='ltr'>de</span> <span class='ocrx_word' id='word_1_335' title='bbox 2060 1406 2383 1480; x_wconf 80' lang='lat' dir='ltr'>apostolicis</span> <span class='ocrx_word' id='word_1_336' title='bbox 2431 1403 2896 1471; x_wconf 73' lang='lat' dir='ltr'>institutionibus,</span> <span class='ocrx_word' id='word_1_337' title='bbox 2945 1420 3098 1477; x_wconf 88' lang='lat' dir='ltr'>quae</span> <span class='ocrx_word' id='word_1_338' title='bbox 3150 1403 3213 1459; x_wconf 90' lang='lat' dir='ltr'>in</span> 
     </span>
     <span class='ocr_line' id='line_1_57' title="bbox 1931 1486 3209 1572; baseline -0.001 -20"><span class='ocrx_word' id='word_1_339' title='bbox 1931 1495 2001 1552; x_wconf 86' lang='lat' dir='ltr'>N.</span> <span class='ocrx_word' id='word_1_340' title='bbox 2035 1494 2097 1552; x_wconf 87' lang='lat' dir='ltr'>T.</span> <span class='ocrx_word' id='word_1_341' title='bbox 2131 1512 2250 1552; x_wconf 93' lang='lat' dir='ltr'>non</span> <span class='ocrx_word' id='word_1_342' title='bbox 2283 1493 2577 1551; x_wconf 87' lang='lat' dir='ltr'>habentur</span> <span class='ocrx_word' id='word_1_343' title='bbox 2609 1486 2671 1572; x_wconf 92' lang='lat'>(†</span> <span class='ocrx_word' id='word_1_344' title='bbox 2708 1500 2809 1554; x_wconf 87' lang='lat'>20.</span> <span class='ocrx_word' id='word_1_345' title='bbox 2842 1490 3002 1566; x_wconf 88' lang='lat' dir='ltr'>Sept.</span> <span class='ocrx_word' id='word_1_346' title='bbox 3044 1501 3209 1553; x_wconf 89' lang='grc'><strong>1615</strong></span> 
     </span>
     <span class='ocr_line' id='line_1_58' title="bbox 1930 1578 3213 1659; baseline -0.002 -19"><span class='ocrx_word' id='word_1_347' title='bbox 1930 1603 1980 1643; x_wconf 88' lang='lat' dir='ltr'>a.</span> <span class='ocrx_word' id='word_1_348' title='bbox 2029 1583 2243 1642; x_wconf 89' lang='lat' dir='ltr'>aetatis</span> <span class='ocrx_word' id='word_1_349' title='bbox 2301 1578 2440 1659; x_wconf 77' lang='lat'>78):</span> <span class='ocrx_word' id='word_1_350' title='bbox 2503 1584 2623 1639; x_wconf 89' lang='lat' dir='ltr'>tres</span> <span class='ocrx_word' id='word_1_351' title='bbox 2672 1579 2864 1639; x_wconf 88' lang='lat' dir='ltr'>adhuc</span> <span class='ocrx_word' id='word_1_352' title='bbox 2914 1580 3213 1638; x_wconf 86' lang='lat' dir='ltr'>mentione</span> 
     </span>
     <span class='ocr_line' id='line_1_59' title="bbox 1930 1669 3213 1747; baseline -0.001 -18"><span class='ocrx_word' id='word_1_353' title='bbox 1930 1671 2096 1747; x_wconf 86' lang='lat' dir='ltr'>digni</span> <span class='ocrx_word' id='word_1_354' title='bbox 2147 1674 2307 1729; x_wconf 87' lang='lat' dir='ltr'>sunt.</span> <span class='ocrx_word' id='word_1_355' title='bbox 2359 1671 2528 1728; x_wconf 88' lang='lat' dir='ltr'>Prior</span> <span class='ocrx_word' id='word_1_356' title='bbox 2567 1671 2657 1727; x_wconf 86' lang='lat' dir='ltr'>est</span> <span class='ocrx_word' id='word_1_357' title='bbox 2687 1669 2936 1727; x_wconf 83' lang='lat' dir='ltr'>Thomas</span> <span class='ocrx_word' id='word_1_358' title='bbox 2981 1669 3213 1728; x_wconf 89' lang='lat' dir='ltr'>Bozio</span> 
     </span>
     <span class='ocr_line' id='line_1_60' title="bbox 1930 1757 3210 1836; baseline -0.005 -16"><span class='ocrx_word' id='word_1_359' title='bbox 1930 1779 2127 1836; x_wconf 88' lang='lat' dir='ltr'>congr.</span> <span class='ocrx_word' id='word_1_360' title='bbox 2161 1760 2399 1818; x_wconf 87' lang='lat' dir='ltr'>oratorii</span> <span class='ocrx_word' id='word_1_361' title='bbox 2420 1759 2777 1834; x_wconf 87' lang='lat' dir='ltr'>Eugubinus</span> <span class='ocrx_word' id='word_1_362' title='bbox 2810 1778 2866 1816; x_wconf 91' lang='lat' dir='ltr'>n.</span> <span class='ocrx_word' id='word_1_363' title='bbox 2900 1768 3083 1825; x_wconf 65' lang='lat'>1548,</span> <span class='ocrx_word' id='word_1_364' title='bbox 3106 1757 3210 1832; x_wconf 87' lang='lat' dir='ltr'>qui</span> 
     </span>
     <span class='ocr_line' id='line_1_61' title="bbox 1929 1846 3212 1924; baseline -0.003 -18"><span class='ocrx_word' id='word_1_365' title='bbox 1929 1848 2293 1924; x_wconf 88' lang='lat' dir='ltr'>aliquamdiu</span> <span class='ocrx_word' id='word_1_366' title='bbox 2325 1849 2539 1907; x_wconf 87' lang='lat' dir='ltr'>Romae</span> <span class='ocrx_word' id='word_1_367' title='bbox 2561 1847 2910 1905; x_wconf 75' lang='lat' dir='ltr'>advocatum</span> <span class='ocrx_word' id='word_1_368' title='bbox 2932 1847 3072 1922; x_wconf 90' lang='lat' dir='ltr'>egit:</span> <span class='ocrx_word' id='word_1_369' title='bbox 3109 1846 3212 1903; x_wconf 85' lang='lat' dir='ltr'>sed</span> 
     </span>
     <span class='ocr_line' id='line_1_62' title="bbox 1930 1930 3212 2012; baseline -0.004 -16"><span class='ocrx_word' id='word_1_370' title='bbox 1930 1957 1973 1997; x_wconf 90' lang='lat' dir='ltr'>s.</span> <span class='ocrx_word' id='word_1_371' title='bbox 2007 1937 2270 2012; x_wconf 89' lang='lat' dir='ltr'>Philippi</span> <span class='ocrx_word' id='word_1_372' title='bbox 2300 1936 2466 1994; x_wconf 88' lang='lat' dir='ltr'>Nerii</span> <span class='ocrx_word' id='word_1_373' title='bbox 2493 1936 2939 1994; x_wconf 86' lang='lat' dir='ltr'>conversatione</span> <span class='ocrx_word' id='word_1_374' title='bbox 2973 1930 3212 1993; x_wconf 88' lang='lat' dir='ltr'>illectus</span> 
     </span>
     <span class='ocr_line' id='line_1_63' title="bbox 1930 2024 3210 2100; baseline -0.002 -17"><span class='ocrx_word' id='word_1_375' title='bbox 1930 2026 2118 2085; x_wconf 88' lang='lat' dir='ltr'>factus</span> <span class='ocrx_word' id='word_1_376' title='bbox 2133 2030 2223 2084; x_wconf 89' lang='lat' dir='ltr'>est</span> <span class='ocrx_word' id='word_1_377' title='bbox 2239 2025 2501 2100; x_wconf 88' lang='lat' dir='ltr'>ejusdem</span> <span class='ocrx_word' id='word_1_378' title='bbox 2518 2024 2897 2082; x_wconf 88' lang='lat' dir='ltr'>fidelissimus</span> <span class='ocrx_word' id='word_1_379' title='bbox 2913 2025 3210 2092; x_wconf 84' lang='lat' dir='ltr'>alumnus,</span> 
     </span>
     <span class='ocr_line' id='line_1_64' title="bbox 1930 2112 3213 2192; baseline -0.002 -20"><span class='ocrx_word' id='word_1_380' title='bbox 1930 2115 2033 2189; x_wconf 90' lang='lat' dir='ltr'>qui</span> <span class='ocrx_word' id='word_1_381' title='bbox 2094 2134 2198 2190; x_wconf 90' lang='lat' dir='ltr'>pro</span> <span class='ocrx_word' id='word_1_382' title='bbox 2248 2133 2458 2192; x_wconf 23' lang='lat' dir='ltr'>amore.</span> <span class='ocrx_word' id='word_1_383' title='bbox 2491 2132 2840 2188; x_wconf 88' lang='lat' dir='ltr'>pauperum,</span> <span class='ocrx_word' id='word_1_384' title='bbox 2894 2112 3071 2171; x_wconf 80' lang='lat' dir='ltr'>libros</span> <span class='ocrx_word' id='word_1_385' title='bbox 3118 2113 3213 2170; x_wconf 85' lang='lat' dir='ltr'>vel</span> 
     </span>
     <span class='ocr_line' id='line_1_65' title="bbox 1933 2196 3211 2282; baseline -0.004 -20"><span class='ocrx_word' id='word_1_386' title='bbox 1933 2204 2260 2262; x_wconf 81' lang='lat' dir='ltr'>carissimos</span> <span class='ocrx_word' id='word_1_387' title='bbox 2291 2202 2625 2261; x_wconf 84' lang='lat' dir='ltr'>divendidit</span> <span class='ocrx_word' id='word_1_388' title='bbox 2656 2197 2789 2282; x_wconf 87' lang='grc'><strong>(10.</strong></span> <span class='ocrx_word' id='word_1_389' title='bbox 2826 2202 2955 2259; x_wconf 87' lang='lat' dir='ltr'>Dec.</span> <span class='ocrx_word' id='word_1_390' title='bbox 3000 2212 3108 2263; x_wconf 85' lang='grc'>161</span> <span class='ocrx_word' id='word_1_391' title='bbox 3133 2196 3211 2269; x_wconf 71' lang='grc' dir='ltr'>Η).</span> 
     </span>
     <span class='ocr_line' id='line_1_66' title="bbox 1928 2290 3214 2367; baseline -0.003 -16"><span class='ocrx_word' id='word_1_392' title='bbox 1928 2294 2320 2351; x_wconf 84' lang='lat' dir='ltr'>Recusaverat</span> <span class='ocrx_word' id='word_1_393' title='bbox 2364 2310 2468 2367; x_wconf 89' lang='lat' dir='ltr'>pro</span> <span class='ocrx_word' id='word_1_394' title='bbox 2503 2309 2613 2349; x_wconf 86' lang='lat' dir='ltr'>sua</span> <span class='ocrx_word' id='word_1_395' title='bbox 2646 2290 2933 2348; x_wconf 87' lang='lat' dir='ltr'>modestia</span> <span class='ocrx_word' id='word_1_396' title='bbox 2964 2308 3214 2348; x_wconf 87' lang='lat' dir='ltr'>munera</span> 
     </span>
     <span class='ocr_line' id='line_1_67' title="bbox 1929 2378 3211 2454; baseline -0.005 -13"><span class='ocrx_word' id='word_1_397' title='bbox 1929 2380 2247 2442; x_wconf 89' lang='lat' dir='ltr'>honorifica</span> <span class='ocrx_word' id='word_1_398' title='bbox 2265 2384 2327 2438; x_wconf 93' lang='lat' dir='ltr'>et</span> <span class='ocrx_word' id='word_1_399' title='bbox 2341 2379 2646 2438; x_wconf 74' lang='lat' dir='ltr'>cathedras</span> <span class='ocrx_word' id='word_1_400' title='bbox 2668 2379 3043 2454; x_wconf 81' lang='lat' dir='ltr'>episcopales,</span> <span class='ocrx_word' id='word_1_401' title='bbox 3060 2378 3211 2436; x_wconf 90' lang='lat' dir='ltr'>Hor-</span> 
     </span>
     <span class='ocr_line' id='line_1_68' title="bbox 1927 2467 3211 2545; baseline -0.003 -17"><span class='ocrx_word' id='word_1_402' title='bbox 1927 2474 2092 2529; x_wconf 82' lang='lat' dir='ltr'>tante</span> <span class='ocrx_word' id='word_1_403' title='bbox 2125 2489 2168 2527; x_wconf 80' lang='lat' dir='ltr'>s,</span> <span class='ocrx_word' id='word_1_404' title='bbox 2203 2469 2481 2545; x_wconf 89' lang='lat' dir='ltr'>Philippo</span> <span class='ocrx_word' id='word_1_405' title='bbox 2515 2468 2750 2542; x_wconf 88' lang='lat' dir='ltr'>scripsit</span> <span class='ocrx_word' id='word_1_406' title='bbox 2783 2486 2932 2542; x_wconf 88' lang='lat' dir='ltr'>opus</span> <span class='ocrx_word' id='word_1_407' title='bbox 2949 2467 3211 2543; x_wconf 88' lang='lat' dir='ltr'>praecla-</span> 
     </span>
     <span class='ocr_line' id='line_1_69' title="bbox 1928 2556 3212 2636; baseline -0.002 -18"><span class='ocrx_word' id='word_1_408' title='bbox 1928 2579 2061 2618; x_wconf 90' lang='lat' dir='ltr'>rum</span> <span class='ocrx_word' id='word_1_409' title='bbox 2107 2560 2175 2616; x_wconf 84' lang='lat' dir='ltr'>de</span> <span class='ocrx_word' id='word_1_410' title='bbox 2222 2560 2402 2636; x_wconf 72' lang='lat' dir='ltr'>siquis</span> <span class='ocrx_word' id='word_1_411' title='bbox 2435 2558 2715 2616; x_wconf 80' lang='lat' dir='ltr'>Ecclesiae</span> <span class='ocrx_word' id='word_1_412' title='bbox 2747 2557 2808 2614; x_wconf 89' lang='lat' dir='ltr'>ll.</span> <span class='ocrx_word' id='word_1_413' title='bbox 2847 2566 2946 2626; x_wconf 83' lang='lat'>24,</span> <span class='ocrx_word' id='word_1_414' title='bbox 2997 2556 3212 2615; x_wconf 83' lang='lat' dir='ltr'>Romae</span> 
     </span>
     <span class='ocr_line' id='line_1_70' title="bbox 1934 2645 3210 2715; baseline -0.005 -5"><span class='ocrx_word' id='word_1_415' title='bbox 1934 2658 2091 2711; x_wconf 87' lang='lat'>1591</span> <span class='ocrx_word' id='word_1_416' title='bbox 2148 2651 2208 2706; x_wconf 90' lang='lat' dir='ltr'>et</span> <span class='ocrx_word' id='word_1_417' title='bbox 2262 2656 2424 2708; x_wconf 88' lang='grc'><strong>1592</strong></span> <span class='ocrx_word' id='word_1_418' title='bbox 2469 2651 2511 2708; x_wconf 82' lang='lat' dir='ltr'>t.</span> <span class='ocrx_word' id='word_1_419' title='bbox 2554 2655 2622 2715; x_wconf 86' lang='lat'>2;</span> <span class='ocrx_word' id='word_1_420' title='bbox 2687 2645 2956 2705; x_wconf 88' lang='lat' dir='ltr'>Coloniae</span> <span class='ocrx_word' id='word_1_421' title='bbox 3011 2655 3210 2715; x_wconf 78' lang='lat'>15933</span> 
     </span>
     <span class='ocr_line' id='line_1_71' title="bbox 1937 2734 3211 2809; baseline -0.006 -9"><span class='ocrx_word' id='word_1_422' title='bbox 1937 2745 2134 2806; x_wconf 82' lang='lat'>16023</span> <span class='ocrx_word' id='word_1_423' title='bbox 2176 2745 2374 2806; x_wconf 82' lang='lat'>16243</span> <span class='ocrx_word' id='word_1_424' title='bbox 2417 2743 2581 2797; x_wconf 85' lang='lat'>1626</span> <span class='ocrx_word' id='word_1_425' title='bbox 2618 2739 2743 2802; x_wconf 67' lang='lat' dir='ltr'>etc„</span> <span class='ocrx_word' id='word_1_426' title='bbox 2791 2734 2855 2791; x_wconf 90' lang='lat' dir='ltr'>in</span> <span class='ocrx_word' id='word_1_427' title='bbox 2886 2753 3005 2809; x_wconf 89' lang='lat' dir='ltr'>quo</span> <span class='ocrx_word' id='word_1_428' title='bbox 3037 2752 3211 2807; x_wconf 88' lang='lat' dir='ltr'>opere</span> 
     </span>
     <span class='ocr_line' id='line_1_72' title="bbox 1927 2822 3212 2898; baseline -0.003 -13"><span class='ocrx_word' id='word_1_429' title='bbox 1927 2829 2164 2885; x_wconf 91' lang='lat' dir='ltr'>centum</span> <span class='ocrx_word' id='word_1_430' title='bbox 2195 2827 2462 2883; x_wconf 85' lang='lat' dir='ltr'>recenset</span> <span class='ocrx_word' id='word_1_431' title='bbox 2492 2822 2886 2898; x_wconf 79' lang='lat' dir='ltr'>expanditque</span> <span class='ocrx_word' id='word_1_432' title='bbox 2918 2823 3212 2881; x_wconf 83' lang='lat' dir='ltr'>Ecclesiae</span> 
     </span>
     <span class='ocr_line' id='line_1_73' title="bbox 1929 2911 3209 2990; baseline -0.003 -18"><span class='ocrx_word' id='word_1_433' title='bbox 1929 2916 2101 2990; x_wconf 85' lang='lat' dir='ltr'>signa</span> <span class='ocrx_word' id='word_1_434' title='bbox 2131 2912 2408 2972; x_wconf 88' lang='lat' dir='ltr'>methodo</span> <span class='ocrx_word' id='word_1_435' title='bbox 2429 2911 2701 2970; x_wconf 89' lang='lat' dir='ltr'>nonnihil</span> <span class='ocrx_word' id='word_1_436' title='bbox 2727 2911 3037 2988; x_wconf 87' lang='lat' dir='ltr'>singulari.</span> <span class='ocrx_word' id='word_1_437' title='bbox 3075 2912 3131 2968; x_wconf 85' lang='lat' dir='ltr'>M</span> <span class='ocrx_word' id='word_1_438' title='bbox 3149 2931 3209 2969; x_wconf 87' lang='lat' dir='ltr'>a·</span> 
     </span>
     <span class='ocr_line' id='line_1_74' title="bbox 1928 3000 3212 3075; baseline -0.004 -13"><span class='ocrx_word' id='word_1_439' title='bbox 1928 3005 2009 3062; x_wconf 92' lang='lat' dir='ltr'>ch</span> <span class='ocrx_word' id='word_1_440' title='bbox 2031 3003 2050 3060; x_wconf 94' lang='lat' dir='ltr'>i</span> <span class='ocrx_word' id='word_1_441' title='bbox 2070 3023 2153 3061; x_wconf 84' lang='lat' dir='ltr'>av</span> <span class='ocrx_word' id='word_1_442' title='bbox 2173 3002 2442 3060; x_wconf 90' lang='lat' dir='ltr'>ellium</span> <span class='ocrx_word' id='word_1_443' title='bbox 2464 3019 2700 3075; x_wconf 90' lang='lat' dir='ltr'>quoque</span> <span class='ocrx_word' id='word_1_444' title='bbox 2718 3004 2959 3058; x_wconf 90' lang='lat' dir='ltr'>strenue</span> <span class='ocrx_word' id='word_1_445' title='bbox 2977 3000 3212 3075; x_wconf 85' lang='lat' dir='ltr'>impug-</span> 
     </span>
     <span class='ocr_line' id='line_1_75' title="bbox 1927 3088 3209 3170; baseline -0.003 -20"><span class='ocrx_word' id='word_1_446' title='bbox 1927 3089 2151 3170; x_wconf 75' lang='lat' dir='ltr'>navit2)</span> <span class='ocrx_word' id='word_1_447' title='bbox 2194 3088 2421 3166; x_wconf 89' lang='lat' dir='ltr'>duplici</span> <span class='ocrx_word' id='word_1_448' title='bbox 2459 3108 2583 3165; x_wconf 87' lang='lat' dir='ltr'>op.:</span> <span class='ocrx_word' id='word_1_449' title='bbox 2632 3089 2718 3147; x_wconf 90' lang='lat' dir='ltr'>De</span> <span class='ocrx_word' id='word_1_450' title='bbox 2748 3091 2994 3163; x_wconf 82' lang='lat' dir='ltr'>imperio</span> <span class='ocrx_word' id='word_1_451' title='bbox 3031 3091 3209 3147; x_wconf 77' lang='lat' dir='ltr'>virtu—</span> 
     </span>
     <span class='ocr_line' id='line_1_76' title="bbox 1928 3177 3213 3253; baseline -0.002 -15"><span class='ocrx_word' id='word_1_452' title='bbox 1928 3183 2003 3239; x_wconf 86' lang='lat' dir='ltr'>tis</span> <span class='ocrx_word' id='word_1_453' title='bbox 2033 3181 2087 3238; x_wconf 89' lang='lat' dir='ltr'>h.</span> <span class='ocrx_word' id='word_1_454' title='bbox 2120 3199 2166 3238; x_wconf 89' lang='lat' dir='ltr'>e.</span> <span class='ocrx_word' id='word_1_455' title='bbox 2200 3179 2516 3253; x_wconf 87' lang='lat' dir='ltr'>imperium</span> <span class='ocrx_word' id='word_1_456' title='bbox 2548 3177 2806 3252; x_wconf 88' lang='lat' dir='ltr'>pendere</span> <span class='ocrx_word' id='word_1_457' title='bbox 2840 3196 2875 3235; x_wconf 85' lang='lat' dir='ltr'>a</span> <span class='ocrx_word' id='word_1_458' title='bbox 2905 3178 3060 3235; x_wconf 85' lang='lat' dir='ltr'>veris</span> <span class='ocrx_word' id='word_1_459' title='bbox 3093 3195 3213 3236; x_wconf 91' lang='lat' dir='ltr'>non</span> 
     </span>
     <span class='ocr_line' id='line_1_77' title="bbox 1927 3265 3207 3333; baseline -0.003 -6"><span class='ocrx_word' id='word_1_460' title='bbox 1927 3289 1960 3327; x_wconf 85' lang='lat' dir='ltr'>a</span> <span class='ocrx_word' id='word_1_461' title='bbox 2026 3268 2321 3326; x_wconf 89' lang='lat' dir='ltr'>simulatis</span> <span class='ocrx_word' id='word_1_462' title='bbox 2371 3265 2719 3333; x_wconf 81' lang='lat' dir='ltr'>virtutibus,</span> <span class='ocrx_word' id='word_1_463' title='bbox 2769 3267 2987 3324; x_wconf 87' lang='lat' dir='ltr'>Romae</span> <span class='ocrx_word' id='word_1_464' title='bbox 3045 3275 3207 3328; x_wconf 83' lang='lat'>1593</span> 
     </span>
     <span class='ocr_line' id='line_1_78' title="bbox 1926 3354 3209 3430; baseline -0.002 -15"><span class='ocrx_word' id='word_1_465' title='bbox 1926 3359 1990 3416; x_wconf 91' lang='lat' dir='ltr'>in</span> <span class='ocrx_word' id='word_1_466' title='bbox 2027 3368 2094 3426; x_wconf 82' lang='lat'>43</span> <span class='ocrx_word' id='word_1_467' title='bbox 2138 3365 2299 3420; x_wconf 87' lang='grc'><strong>1596</strong></span> <span class='ocrx_word' id='word_1_468' title='bbox 2336 3359 2475 3421; x_wconf 83' lang='lat' dir='ltr'>etc.;</span> <span class='ocrx_word' id='word_1_469' title='bbox 2510 3356 2577 3412; x_wconf 83' lang='lat' dir='ltr'>de</span> <span class='ocrx_word' id='word_1_470' title='bbox 2599 3358 2832 3430; x_wconf 84' lang='lat' dir='ltr'>antiquo</span> <span class='ocrx_word' id='word_1_471' title='bbox 2855 3362 2905 3412; x_wconf 87' lang='lat' dir='ltr'>et</span> <span class='ocrx_word' id='word_1_472' title='bbox 2926 3373 3064 3412; x_wconf 86' lang='lat' dir='ltr'>novo</span> <span class='ocrx_word' id='word_1_473' title='bbox 3086 3354 3209 3412; x_wconf 88' lang='lat' dir='ltr'>Ita-</span> 
     </span>
     <span class='ocr_line' id='line_1_79' title="bbox 1927 3444 3211 3514; baseline 0.002 -12"><span class='ocrx_word' id='word_1_474' title='bbox 1927 3448 2039 3504; x_wconf 82' lang='lat' dir='ltr'>liae</span> <span class='ocrx_word' id='word_1_475' title='bbox 2053 3453 2208 3504; x_wconf 79' lang='lat' dir='ltr'>statu</span> <span class='ocrx_word' id='word_1_476' title='bbox 2225 3446 2286 3503; x_wconf 94' lang='lat' dir='ltr'>ll.</span> <span class='ocrx_word' id='word_1_477' title='bbox 2308 3455 2364 3514; x_wconf 86' lang='lat'>4,</span> <span class='ocrx_word' id='word_1_478' title='bbox 2383 3444 2652 3503; x_wconf 86' lang='lat' dir='ltr'>Coloniae</span> <span class='ocrx_word' id='word_1_479' title='bbox 2675 3452 2858 3514; x_wconf 78' lang='lat'>15953</span> <span class='ocrx_word' id='word_1_480' title='bbox 2885 3453 3036 3505; x_wconf 85' lang='grc'><strong>1691</strong></span> <span class='ocrx_word' id='word_1_481' title='bbox 3072 3444 3133 3501; x_wconf 91' lang='lat' dir='ltr'>in</span> <span class='ocrx_word' id='word_1_482' title='bbox 3156 3451 3211 3512; x_wconf 75' lang='lat'>83</span> 
     </span>
     <span class='ocr_line' id='line_1_80' title="bbox 1926 3531 3214 3608; baseline -0.002 -16"><span class='ocrx_word' id='word_1_483' title='bbox 1926 3535 2151 3608; x_wconf 81' lang='lat' dir='ltr'>dejure</span> <span class='ocrx_word' id='word_1_484' title='bbox 2180 3540 2366 3591; x_wconf 78' lang='lat' dir='ltr'>status</span> <span class='ocrx_word' id='word_1_485' title='bbox 2397 3551 2504 3590; x_wconf 90' lang='lat' dir='ltr'>seu</span> <span class='ocrx_word' id='word_1_486' title='bbox 2550 3531 2620 3589; x_wconf 89' lang='lat' dir='ltr'>de</span> <span class='ocrx_word' id='word_1_487' title='bbox 2660 3533 2796 3606; x_wconf 87' lang='lat' dir='ltr'>jure</span> <span class='ocrx_word' id='word_1_488' title='bbox 2841 3533 3105 3589; x_wconf 81' lang='lat' dir='ltr'>naturali</span> <span class='ocrx_word' id='word_1_489' title='bbox 3153 3537 3214 3590; x_wconf 89' lang='lat' dir='ltr'>et</span> 
     </span>
     <span class='ocr_line' id='line_1_81' title="bbox 1927 3620 3212 3696; baseline -0.002 -15"><span class='ocrx_word' id='word_1_490' title='bbox 1927 3622 2127 3681; x_wconf 86' lang='lat' dir='ltr'>divino</span> <span class='ocrx_word' id='word_1_491' title='bbox 2161 3621 2591 3680; x_wconf 85' lang='lat' dir='ltr'>ecclesiasticae</span> <span class='ocrx_word' id='word_1_492' title='bbox 2623 3620 2917 3678; x_wconf 85' lang='lat' dir='ltr'>libertatis</span> <span class='ocrx_word' id='word_1_493' title='bbox 2951 3624 3010 3677; x_wconf 88' lang='lat' dir='ltr'>et</span> <span class='ocrx_word' id='word_1_494' title='bbox 3043 3624 3212 3696; x_wconf 80' lang='lat' dir='ltr'>pote·</span> 
     </span>
     <span class='ocr_line' id='line_1_82' title="bbox 1926 3710 3208 3777; baseline -0.004 -7"><span class='ocrx_word' id='word_1_495' title='bbox 1926 3711 2096 3770; x_wconf 86' lang='lat' dir='ltr'>statis</span> <span class='ocrx_word' id='word_1_496' title='bbox 2118 3711 2180 3772; x_wconf 91' lang='lat' dir='ltr'>ll.</span> <span class='ocrx_word' id='word_1_497' title='bbox 2205 3721 2259 3776; x_wconf 90' lang='grc'>6,</span> <span class='ocrx_word' id='word_1_498' title='bbox 2296 3710 2567 3768; x_wconf 87' lang='lat' dir='ltr'>Coloniae</span> <span class='ocrx_word' id='word_1_499' title='bbox 2610 3718 2805 3776; x_wconf 85' lang='lat'>1594;</span> <span class='ocrx_word' id='word_1_500' title='bbox 2851 3718 3046 3777; x_wconf 86' lang='lat'>1599;</span> <span class='ocrx_word' id='word_1_501' title='bbox 3095 3710 3208 3766; x_wconf 71' lang='lat' dir='ltr'>Ro-</span> 
     </span>
     <span class='ocr_line' id='line_1_83' title="bbox 1927 3799 3212 3872; baseline -0.003 -14"><span class='ocrx_word' id='word_1_502' title='bbox 1927 3819 2056 3858; x_wconf 89' lang='lat' dir='ltr'>mae</span> <span class='ocrx_word' id='word_1_503' title='bbox 2112 3809 2273 3861; x_wconf 86' lang='lat'>1600</span> <span class='ocrx_word' id='word_1_504' title='bbox 2323 3802 2463 3867; x_wconf 87' lang='lat' dir='ltr'>etc.;</span> <span class='ocrx_word' id='word_1_505' title='bbox 2514 3799 2582 3854; x_wconf 85' lang='lat' dir='ltr'>de</span> <span class='ocrx_word' id='word_1_506' title='bbox 2625 3799 2820 3855; x_wconf 79' lang='lat' dir='ltr'>ruinis</span> <span class='ocrx_word' id='word_1_507' title='bbox 2862 3800 3114 3872; x_wconf 78' lang='lat' dir='ltr'>yentium</span> <span class='ocrx_word' id='word_1_508' title='bbox 3164 3805 3212 3854; x_wconf 82' lang='lat' dir='ltr'>et</span> 
     </span>
    </p>
   </div>
   <div class='ocr_carea' id='block_1_9' title="bbox 1933 3939 2248 3949">
    <p class='ocr_par' dir='ltr' id='par_1_9' title="bbox 1933 3939 2248 3949">
     <span class='ocr_line' id='line_1_84' title="bbox 1933 3939 2248 3949; baseline 0 0"><span class='ocrx_word' id='word_1_509' title='bbox 1933 3939 2248 3949; x_wconf 95' lang='lat' dir='ltr'> </span> 
     </span>
    </p>
   </div>
   <div class='ocr_carea' id='block_1_10' title="bbox 1927 4000 3215 4784">
    <p class='ocr_par' dir='ltr' id='par_1_10' title="bbox 1927 4000 3215 4784">
     <span class='ocr_line' id='line_1_85' title="bbox 2006 4000 3214 4075; baseline -0.004 -18"><span class='ocrx_word' id='word_1_510' title='bbox 2006 4007 2041 4075; x_wconf 87' lang='lat'>¹)</span> <span class='ocrx_word' id='word_1_511' title='bbox 2069 4003 2262 4057; x_wconf 83' lang='lat' dir='ltr'>Refert</span> <span class='ocrx_word' id='word_1_512' title='bbox 2324 4001 2537 4056; x_wconf 87' lang='lat' dir='ltr'>Merkel</span> <span class='ocrx_word' id='word_1_513' title='bbox 2587 4001 2914 4071; x_wconf 84' lang='lat' dir='ltr'>(Speculum</span> <span class='ocrx_word' id='word_1_514' title='bbox 2957 4000 3214 4053; x_wconf 55' lang='lat' dir='ltr'>Virtutis</span> 
     </span>
     <span class='ocr_line' id='line_1_86' title="bbox 1927 4071 3210 4130; baseline -0.003 0"><span class='ocrx_word' id='word_1_515' title='bbox 1927 4079 1984 4130; x_wconf 86' lang='lat' dir='ltr'>et</span> <span class='ocrx_word' id='word_1_516' title='bbox 2008 4075 2272 4128; x_wconf 80' lang='lat' dir='ltr'>scientiae</span> <span class='ocrx_word' id='word_1_517' title='bbox 2300 4091 2396 4128; x_wconf 87' lang='lat' dir='ltr'>seu</span> <span class='ocrx_word' id='word_1_518' title='bbox 2424 4072 2530 4125; x_wconf 80' lang='lat' dir='ltr'>viri</span> <span class='ocrx_word' id='word_1_519' title='bbox 2556 4073 2805 4127; x_wconf 87' lang='lat' dir='ltr'>illustres</span> <span class='ocrx_word' id='word_1_520' title='bbox 2823 4073 2884 4128; x_wconf 93' lang='lat' dir='ltr'>O.</span> <span class='ocrx_word' id='word_1_521' title='bbox 2901 4089 3041 4126; x_wconf 83' lang='lat' dir='ltr'>serv.</span> <span class='ocrx_word' id='word_1_522' title='bbox 3059 4072 3118 4130; x_wconf 81' lang='lat' dir='ltr'>B,</span> <span class='ocrx_word' id='word_1_523' title='bbox 3138 4071 3210 4126; x_wconf 84' lang='lat' dir='ltr'>M.</span> 
     </span>
     <span class='ocr_line' id='line_1_87' title="bbox 1930 4143 3214 4213; baseline -0.003 -15"><span class='ocrx_word' id='word_1_524' title='bbox 1930 4147 2014 4208; x_wconf 64' lang='lat' dir='ltr'>V.)</span> <span class='ocrx_word' id='word_1_525' title='bbox 2032 4164 2161 4200; x_wconf 88' lang='lat' dir='ltr'>eum</span> <span class='ocrx_word' id='word_1_526' title='bbox 2181 4145 2465 4199; x_wconf 85' lang='lat' dir='ltr'>Bononiae</span> <span class='ocrx_word' id='word_1_527' title='bbox 2485 4161 2524 4197; x_wconf 91' lang='lat' dir='ltr'>s.</span> <span class='ocrx_word' id='word_1_528' title='bbox 2539 4144 2883 4213; x_wconf 70' lang='lat' dir='ltr'>scripturam</span> <span class='ocrx_word' id='word_1_529' title='bbox 2901 4146 3063 4197; x_wconf 80' lang='lat' dir='ltr'>tanta</span> <span class='ocrx_word' id='word_1_530' title='bbox 3090 4143 3214 4196; x_wconf 87' lang='lat' dir='ltr'>doc·</span> 
     </span>
     <span class='ocr_line' id='line_1_88' title="bbox 1928 4217 3215 4286; baseline -0.003 -16"><span class='ocrx_word' id='word_1_531' title='bbox 1928 4218 2095 4280; x_wconf 83' lang='lat' dir='ltr'>trina,</span> <span class='ocrx_word' id='word_1_532' title='bbox 2114 4220 2278 4270; x_wconf 84' lang='lat' dir='ltr'>tanta.</span> <span class='ocrx_word' id='word_1_533' title='bbox 2293 4219 2518 4286; x_wconf 86' lang='lat' dir='ltr'>patrum</span> <span class='ocrx_word' id='word_1_534' title='bbox 2542 4217 2897 4276; x_wconf 86' lang='lat' dir='ltr'>auctoritate,</span> <span class='ocrx_word' id='word_1_535' title='bbox 2911 4217 3072 4268; x_wconf 79' lang='lat' dir='ltr'>tanta</span> <span class='ocrx_word' id='word_1_536' title='bbox 3092 4230 3215 4283; x_wconf 89' lang='lat' dir='ltr'>per-</span> 
     </span>
     <span class='ocr_line' id='line_1_89' title="bbox 1928 4285 3214 4358; baseline -0.002 -16"><span class='ocrx_word' id='word_1_537' title='bbox 1928 4288 2190 4358; x_wconf 84' lang='lat' dir='ltr'>spicacia,</span> <span class='ocrx_word' id='word_1_538' title='bbox 2217 4291 2376 4341; x_wconf 77' lang='lat' dir='ltr'>tanto</span> <span class='ocrx_word' id='word_1_539' title='bbox 2424 4285 2668 4352; x_wconf 89' lang='lat' dir='ltr'>deniqne</span> <span class='ocrx_word' id='word_1_540' title='bbox 2703 4287 2998 4340; x_wconf 85' lang='lat' dir='ltr'>verborum</span> <span class='ocrx_word' id='word_1_541' title='bbox 3024 4285 3214 4354; x_wconf 89' lang='lat' dir='ltr'>lepore</span> 
     </span>
     <span class='ocr_line' id='line_1_90' title="bbox 1929 4357 3212 4438; baseline -0.003 -26"><span class='ocrx_word' id='word_1_542' title='bbox 1929 4364 1984 4412; x_wconf 87' lang='lat' dir='ltr'>et</span> <span class='ocrx_word' id='word_1_543' title='bbox 2012 4360 2294 4428; x_wconf 85' lang='lat' dir='ltr'>elegantia</span> <span class='ocrx_word' id='word_1_544' title='bbox 2335 4358 2505 4410; x_wconf 85' lang='lat' dir='ltr'>fuisse</span> <span class='ocrx_word' id='word_1_545' title='bbox 2546 4357 3002 4438; x_wconf 79' lang='lat' dir='ltr'>interpretatum,</span> <span class='ocrx_word' id='word_1_546' title='bbox 3048 4359 3115 4409; x_wconf 87' lang='lat' dir='ltr'>ut</span> <span class='ocrx_word' id='word_1_547' title='bbox 3141 4357 3212 4409; x_wconf 81' lang='lat' dir='ltr'>ad</span> 
     </span>
     <span class='ocr_line' id='line_1_91' title="bbox 1927 4429 3214 4500; baseline -0.003 -17"><span class='ocrx_word' id='word_1_548' title='bbox 1927 4431 2112 4500; x_wconf 87' lang='lat' dir='ltr'>ipsum</span> <span class='ocrx_word' id='word_1_549' title='bbox 2141 4429 2488 4483; x_wconf 85' lang='lat' dir='ltr'>audiendum</span> <span class='ocrx_word' id='word_1_550' title='bbox 2517 4430 2777 4480; x_wconf 80' lang='lat' dir='ltr'>certatim</span> <span class='ocrx_word' id='word_1_551' title='bbox 2805 4445 2996 4481; x_wconf 88' lang='lat' dir='ltr'>omnes</span> <span class='ocrx_word' id='word_1_552' title='bbox 3024 4443 3214 4480; x_wconf 81' lang='lat' dir='ltr'>accur·</span> 
     </span>
     <span class='ocr_line' id='line_1_92' title="bbox 1928 4497 3213 4568; baseline -0.004 -13"><span class='ocrx_word' id='word_1_553' title='bbox 1928 4503 2131 4566; x_wconf 80' lang='lat' dir='ltr'>terent,</span> <span class='ocrx_word' id='word_1_554' title='bbox 2177 4501 2311 4568; x_wconf 89' lang='lat' dir='ltr'>quin</span> <span class='ocrx_word' id='word_1_555' title='bbox 2339 4500 2416 4552; x_wconf 88' lang='lat' dir='ltr'>eis</span> <span class='ocrx_word' id='word_1_556' title='bbox 2444 4497 2732 4568; x_wconf 83' lang='lat' dir='ltr'>capiendis</span> <span class='ocrx_word' id='word_1_557' title='bbox 2779 4498 3026 4568; x_wconf 85' lang='lat' dir='ltr'>spatium</span> <span class='ocrx_word' id='word_1_558' title='bbox 3055 4515 3213 4568; x_wconf 82' lang='lat' dir='ltr'>gym-</span> 
     </span>
     <span class='ocr_line' id='line_1_93' title="bbox 1927 4568 3214 4652; baseline -0.001 -28"><span class='ocrx_word' id='word_1_559' title='bbox 1927 4572 2088 4635; x_wconf 81' lang='lat' dir='ltr'>nasii,</span> <span class='ocrx_word' id='word_1_560' title='bbox 2115 4569 2401 4638; x_wconf 83' lang='lat' dir='ltr'>ceteroqui</span> <span class='ocrx_word' id='word_1_561' title='bbox 2429 4568 2858 4652; x_wconf 74' lang='lat' dir='ltr'>amplissimum,</span> <span class='ocrx_word' id='word_1_562' title='bbox 2902 4569 3214 4637; x_wconf 81' lang='lat' dir='ltr'>aliquando</span> 
     </span>
     <span class='ocr_line' id='line_1_94' title="bbox 1929 4639 3211 4784; baseline -0.002 -16"><span class='ocrx_word' id='word_1_563' title='bbox 1929 4660 2042 4784; x_wconf 54' lang='lat' dir='ltr'>pair)</span> <span class='ocrx_word' id='word_1_564' title='bbox 2059 4639 3006 4774; x_wconf 36' lang='grc' dir='ltr'>εἷῗῗῨὴΝἷ-’Ξἓυξῖἓῗῑῖιιέοέὲέιῗέ-ᾖξ’</span> <span class='ocrx_word' id='word_1_565' title='bbox 3047 4711 3211 4781; x_wconf 75' lang='lat' dir='ltr'>relig.</span> 
     </span>
    </p>
   </div>
   <div class='ocr_carea' id='block_1_11' title="bbox 592 4775 2411 4849">
    <p class='ocr_par' dir='ltr' id='par_1_11' title="bbox 592 4775 2411 4849">
     <span class='ocr_line' id='line_1_95' title="bbox 592 4775 2411 4849; baseline 0.012 -31"><span class='ocrx_word' id='word_1_566' title='bbox 592 4781 897 4836; x_wconf 69' lang='lat' dir='ltr'>mpuarum</span> <span class='ocrx_word' id='word_1_567' title='bbox 974 4777 1490 4832; x_wconf 75' lang='lat' dir='ltr'>controversiarum</span> <span class='ocrx_word' id='word_1_568' title='bbox 1551 4775 1872 4834; x_wconf 81' lang='lat' dir='ltr'>catholicae</span> <span class='ocrx_word' id='word_1_569' title='bbox 1928 4785 2058 4838; x_wconf 78' lang='lat' dir='ltr'>diss,</span> <span class='ocrx_word' id='word_1_570' title='bbox 2086 4789 2134 4840; x_wconf 85' lang='lat'>9.</span> <span class='ocrx_word' id='word_1_571' title='bbox 2164 4802 2204 4837; x_wconf 89' lang='lat' dir='ltr'>s.</span> <span class='ocrx_word' id='word_1_572' title='bbox 2231 4787 2281 4840; x_wconf 88' lang='lat'>3.</span> <span class='ocrx_word' id='word_1_573' title='bbox 2310 4793 2335 4849; x_wconf 64' lang='grc' dir='ltr'><strong>ς</strong></span> <span class='ocrx_word' id='word_1_574' title='bbox 2361 4789 2411 4839; x_wconf 85' lang='grc'>2.</span> 
     </span>
    </p>
   </div>
  </div>
 </body>
</html>
