3625 5193
569 207 694 260 379
1156 194 1524 249 1601—1620.
1553 190 1867 260 Theologia
1894 189 2224 243 scholastica
2251 189 2309 242 in
2334 188 2626 281 Hispania.
3061 209 3185 263 380

565 373 837 434 Interdiu
888 374 938 432 si
987 374 1122 448 quis
1174 374 1482 434 incidisset
1532 375 1722 435 nodus
1785 375 1849 433 in
1908 374 2199 450 siquidem
2250 378 2358 442 est,
2411 378 2623 434 Suarez
2663 374 2952 450 principis
2999 376 3191 434 instar

568 462 804 532 studiiS‚
854 462 1197 539 confugium
1261 464 1515 523 habebat
1565 463 1848 523 orationis
1904 463 2063 520 inter
2093 464 2437 521 recentioris
2458 463 2688 521 scholae
2707 463 3012 541 theologos
3044 466 3184 523 emi·

566 550 640 609 ad
673 552 890 622 Deum;
925 552 1232 626 Deiparam
1266 571 1503 628 quoque
1524 554 1847 630 Virginem,
1905 570 2057 610 nere.
2122 552 2334 610 Merito
2367 551 2432 610 in
2463 552 2592 627 ejus
2626 553 2906 628 operibus
2941 554 3191 612 laudant

567 660 745 715 quam
791 640 1196 700 ardentissimi
1236 643 1452 702 amoris
1485 643 1717 702 colebat
1761 641 1848 698 af·
1905 640 2369 715 profunditatem
2402 640 2647 717 ingenii,
2691 660 2809 716 qua
2842 643 3038 700 omnia
3068 642 3190 701 fere

566 730 741 796 fectu,
789 728 997 788 fidenti
1030 731 1379 791 consulebat
1417 732 1629 790 animo.
1694 730 1849 800 Qua·
1906 731 2119 807 tangit,
2183 749 2334 805 quae
2399 730 2461 787 in
2522 749 2883 805 unaquaque
2944 732 3191 789 materia

565 837 800 893 cunque
849 819 1136 894 temporis
1187 820 1482 895 particula
1531 820 1853 897 diligenter
1905 823 2041 894 apte
2074 818 2189 876 dici
2222 824 2492 894 possunt,
2528 819 2860 877 claritatem
2895 819 3064 894 plane
3098 820 3188 879 in·

567 908 851 966 utebatur
871 913 1051 982 atque
1071 909 1365 985 religiose,
1385 909 1523 968 hinc
1555 909 1852 984 colloquia
1907 908 2135 986 signem
2155 904 2217 988 ¹),
2253 907 2642 966 eruditionem
2678 907 3049 972 immensam,
3073 929 3190 984 qna

566 997 906 1074 defugiebat
936 997 1194 1067 inutilia,
1232 1017 1382 1073 quae
1416 997 1849 1074 ,pretiosissimi
1905 1016 2106 1056 omnes
2140 997 2201 1054 in
2234 996 2502 1072 qualibet
2547 997 2895 1072 quaestione
2927 998 3189 1072 cujusvis

567 1087 854 1161 temporis
902 1085 1368 1161 depraedatores‘
1403 1086 1665 1147 dicebat:
1714 1087 1851 1144 hinc
1907 1085 2119 1144 aetatis
2154 1087 2485 1144 sententias
2534 1084 2791 1143 dilucide
2841 1086 3023 1144 refert
3055 1107 3189 1144 cum

568 1176 663 1234 vel
695 1175 757 1232 in
787 1174 1107 1233 itineribus
1141 1194 1307 1234 orare
1336 1179 1442 1234 aut
1456 1176 1528 1234 de
1550 1175 1849 1250 quaestio·

568 1264 747 1322 nibus
779 1263 1126 1340 theologicis
1158 1264 1429 1323 meditari
1463 1264 1703 1335 solebat,
1730 1283 1849 1322 me-

569 1352 998 1427 ditationisque
1045 1352 1306 1412 fructum
1353 1372 1596 1429 vespere
1649 1353 1712 1411 in
1745 1353 1849 1411 ho·

572 1441 751 1516 spitio
763 1441 1032 1517 quamvis
1046 1441 1233 1500 fessus
1246 1442 1849 1520 consignabatliteris.

1907 1175 2293 1251 argumentis,
2329 1193 2482 1248 quae
2513 1174 2778 1233 modeste
2819 1174 2957 1233 dein
2990 1194 3191 1234 omnes

1909 1264 1971 1321 in
2004 1269 2201 1339 partes
2235 1262 2529 1338 expendit.
2593 1263 2799 1337 Neque
2834 1264 3024 1321 solum
3056 1284 3188 1322 ver·

1907 1352 2236 1410 satissimus
2269 1356 2363 1410 est
2393 1351 2456 1410 in
2478 1346 2757 1427 operibus
2779 1352 3189 1429 theologorum

1909 1441 2158 1510 scholae,
2195 1460 2399 1499 verum
2450 1441 2630 1500 etiam
2684 1441 2747 1498 in
2778 1441 3053 1516 operibus
3086 1462 3190 1517 pa-

569 1531 766 1588 Animi
819 1531 1143 1604 puritatem
1191 1534 1318 1589 toto
1379 1530 1535 1590 vitae
1586 1534 1851 1607 tempore
1906 1533 2086 1598 trum,
2138 1531 2202 1587 in
2248 1530 2489 1604 scriptis
2536 1530 2963 1588 haereticorum
2997 1531 3188 1589 omnis

574 1620 775 1677 tenuit
808 1618 1120 1677 illibatam.

661 1796 1040 1870 superfluum
1102 1796 1272 1871 plane
1334 1800 1423 1855 est
1441 1792 1503 1879 ¹),
1568 1797 1850 1866 encomia,

570 1902 723 1960 quae
757 1884 1088 1961 largissime
1135 1885 1327 1944 omnis
1374 1886 1608 1956 aetatiS,
1653 1887 1851 1946 condi-

568 1973 771 2042 tionis,
806 1974 1062 2033 nationis
1113 1974 1226 2034 viri
1258 1974 1481 2033 eruditi
1514 1975 1585 2033 de
1616 1994 1682 2034 eo
1714 1992 1852 2051 pro·

573 2062 951 2133 nunciarunt,
1016 2063 1111 2122 hic
1159 2063 1407 2125 referre:
1471 2065 1851 2142 notissimum

653 2253 686 2320 ¹)
715 2249 974 2304 Laudum
1002 2268 1028 2304 a
1072 2251 1318 2305 eoimina
1338 2251 1619 2320 quaedam
1641 2251 1734 2310 hic
1760 2251 1854 2306 da·

570 2319 774 2374 bimus.
807 2321 982 2384 „Cum
1052 2317 1496 2388 ranc.'Suarez,
1524 2324 1609 2377 ita
1624 2321 1855 2376 Richar-

572 2391 678 2445 dus
693 2392 967 2447 Lincaeus
989 2393 1143 2462 apud
1171 2394 1339 2449 Mioh.
1356 2411 1388 2446 a
1405 2395 1459 2449 S.
1474 2395 1506 2448 J
1510 2394 1685 2464 oseph
1707 2393 1853 2448 Bibl.

572 2463 694 2516 crit.
721 2469 772 2528 2,
798 2468 919 2530 307,
967 2482 1023 2518 se
1052 2468 1236 2520 totum
1262 2465 1337 2518 ad
1362 2469 1615 2520 veterum
1640 2465 1855 2518 schola·

570 2534 840 2589 sticorum
856 2535 1156 2591 lectionem
1177 2536 1529 2600 contulisset,
1547 2535 1686 2589 mihi
1704 2535 1854 2590 vide-

572 2609 663 2659 tur
679 2606 963 2660 effinxisse
984 2612 1304 2675 majestatem
1324 2608 1590 2673 Thonis-e,
1615 2613 1854 2677 gyravitu-

571 2686 668 2730 tem
695 2677 930 2741 Alberti,
971 2682 1262 2732 claritatem
1293 2678 1569 2741 Durandi,
1596 2682 1854 2733 subtilita-

569 2756 667 2801 tem
698 2748 867 2820 Scoti,
892 2754 1096 2818 copiam
1121 2748 1394 2814 HalensiS,
1414 2752 1727 2805 soliditatem
1752 2749 1853 2804 Bo·

1907 1618 2118 1677 aetatis
2151 1622 2211 1676 et
2240 1619 2305 1677 in
2355 1618 2633 1693 operibus
2678 1618 3016 1692 aequalium
3050 1638 3188 1677 suo·

1907 1727 2060 1779 rum,
2096 1707 2236 1765 licet
2284 1707 2348 1764 in
2397 1707 2744 1784 regionibus
2796 1706 3021 1766 dissitis
3052 1727 3191 1783 pro·

1909 1797 2129 1856 dierint
2140 1792 2209 1878 ²).
2245 1796 2397 1853 Hinc
2413 1798 2783 1871 quorundam
2802 1798 2929 1871 ejus
2945 1815 3190 1872 operum

1909 1886 2002 1944 vel
2065 1904 2243 1961 penes
2295 1888 2689 1961 protestantes
2740 1885 2897 1943 haud
2948 1886 3195 1944 minima

1909 1979 2039 2034 erat
2073 1974 2394 2032 auctoritas
2407 1973 2474 2050 ³).

2013 2163 2083 2214 16
2096 2163 2149 2214 4.
2185 2151 2372 2228 Opera
2404 2147 2655 2232 Suarii⁴)
2691 2150 3042 2227 prodierunt
3073 2152 3193 2210 col-

1912 2243 2065 2300 lecta
2095 2240 2374 2317 Lugduni
2406 2243 2467 2299 et
2486 2240 2757 2299 Coloniae
2794 2250 2817 2301 1
2835 2251 2866 2303 5
2880 2250 3048 2302 94-1
3068 2250 3143 2302 65
3157 2250 3190 2301 5

1987 2469 2025 2535 ¹)
2054 2463 2291 2517 Werner
2317 2463 2355 2518 1.
2382 2481 2428 2520 c.
2481 2463 2647 2526 „Man
2673 2461 2989 2543 ilbertreibt
3014 2462 3196 2527 nicht,

1914 2551 2084 2663 332².ss
2095 2534 3197 2686 ‘'31²2ss⁸tffgziz²sszsst⁸3zfflssffissizssss

1911 2677 2031 2732 Zeit
2053 2694 2328 2749 gewesen.
2358 2677 2409 2731 N
2413 2680 2552 2732 eben
2574 2677 2673 2731 der
2689 2677 2950 2731 Klarheit
2974 2677 3122 2731 fehlt
3137 2694 3196 2730 es

1911 2750 2058 2803 auch
2105 2749 2267 2803 nicht
2309 2766 2383 2802 an
2410 2747 2583 2815 Tiefe,
2630 2748 2750 2803 und
2795 2748 2946 2802 diese
2993 2748 3195 2803 beiden

569 2822 939 2881 naventurae,
969 2825 1308 2875 inventionem
1339 2819 1592 2885 Ockami,
1634 2840 1856 2876 acumen
1908 2820 2702 2891 Eigenschaftenzusammen,
2761 2818 3195 2874 ebenimBunde

572 2888 845 2957 Gregorii,
872 2894 1250 2945 distructionem
1279 2891 1576 2957 Gabrielis‚
1621 2896 1723 2945 vim
1752 2892 1855 2961 Ba·
1909 2892 2124 2946 mitder
2136 2890 2557 2945 Umsichteines

2758 2890 2946 2944 lichen
2958 2890 3196 2944 Fleisses

570 2959 737 3023 conii,
773 2964 1202 3029 profunditatem
1243 2962 1490 3029 Henrici,
1530 2963 1591 3018 in
1632 2980 1854 3017 summa
1909 2962 2099 3018 seinen
2148 2962 2577 3034 theologischen
2616 2961 2889 3016 Arbeiten
2930 2961 3024 3016 ein
3069 2961 3196 3015 Mass

571 3030 854 3098 quidquid
868 3032 930 3085 in
943 3035 1853 3104 unoquoquepraestantissimum
1912 3034 2030 3088 und
2058 3034 2181 3087 eine
2210 3032 2521 3103 Rundung,
2550 3033 2727 3087 durch
2746 3033 2958 3087 welche
2976 3032 3054 3086 sie
3072 3032 3194 3086 sich

570 3101 801 3161 eluxit“,
832 3103 894 3154 In
921 3121 1036 3157 uno
1062 3120 1130 3158 ex
1150 3105 1372 3174 collegii
1394 3106 1855 3160 conimbricensis
1909 3105 2020 3159 den
2043 3103 2392 3158 klassischen
2410 3104 2989 3174 Hervorbringungen
3008 3109 3194 3158 ersten

569 3172 1512 3246 epitaphiisappellatur-„Europae
1525 3181 1700 3246 atque
1712 3177 1853 3233 adeo
1912 3176 2138 3244 Ranges
2165 3175 2388 3245 wurdig
2414 3193 2516 3228 zur
2542 3175 2695 3229 Seite
2723 3175 2977 3231 stellcn.“

570 3243 723 3298 orbis
749 3245 998 3300 universi
1035 3249 1307 3317 magister
1326 3270 1338 3301 ε
1387 3251 1437 3302 Α
1453 3266 1481 3302 ι·
1496 3249 1514 3302 ι
1531 3266 1557 3303 s
1574 3251 1598 3301 t
1614 3266 1645 3303 o
1663 3252 1688 3303 t
1701 3249 1766 3302 el
1783 3264 1814 3302 e
1830 3266 1855 3302 s

1981 3254 2002 3286 ¹
2053 3246 2197 3300 Hinc
2222 3263 2348 3301 vere
2389 3246 2533 3299 dixit
2558 3247 2795 3301 Bossuet
2834 3246 2988 3315 apud
3016 3245 3196 3300 Feller

568 3314 630 3367 in
656 3317 1016 3372 naturalibus
1043 3319 1289 3373 scientiis
1312 3341 1322 3372 :
1351 3319 1449 3373 'rh
1465 3339 1496 3374 o
1516 3339 1568 3373 m
1587 3336 1661 3374 as
1686 3335 1853 3401 ange·
1910 3318 1987 3373 Vl
2019 3319 2058 3371 Ι.
2089 3321 2210 3375 101;
2236 3316 2440 3372 Suarez
2468 3318 2736 3386 loquente
2770 3318 3089 3371 universam
3114 3334 3196 3370 re·

569 3385 710 3439 licus
736 3387 795 3440 in
812 3388 1019 3443 divinis
1040 3412 1050 3443 :
1080 3390 1131 3443 H
1147 3389 1166 3443 i
1183 3407 1212 3444 e
1228 3409 1256 3444 r
1273 3410 1304 3446 o
1321 3409 1358 3443 ιι
1373 3408 1411 3459 y
1429 3409 1483 3444 m
1501 3408 1538 3443 ιι
1557 3408 1581 3444 s
1607 3391 1667 3443 in
1683 3408 1854 3461 scrip·
1909 3390 2217 3443 centiorem
2244 3388 2492 3442 scholam
2520 3389 2799 3444 audimus.

567 3457 740 3512 tione:
768 3461 1198 3515 Ambrosius
1224 3462 1855 3532 incathedrazAugu-

1985 3468 2006 3498 ³
2055 3460 2354 3514 Guhrauer
2395 3460 2457 3512 in
2503 3477 2594 3529 op.
2643 3459 2903 3514 Joachim
2948 3459 3195 3528 Jungius

567 3530 719 3582 stin
739 3549 774 3583 u
793 3548 818 3583 s
843 3532 902 3583 ιιι
928 3533 1253 3602 polemicis:
1298 3536 1345 3585 A
1362 3533 1438 3586 th
1457 3549 1544 3586 an
1561 3550 1634 3586 as
1650 3533 1668 3585 i
1687 3549 1725 3585 u
1742 3551 1767 3586 s
1793 3533 1854 3588 in
1913 3549 1991 3584 un
2058 3549 2101 3587 s.
2129 3530 2413 3595 Zeitalter,
2435 3532 2595 3585 Stutt
2674 3533 2730 3585 rt
2754 3534 2910 3588 1850.
2933 3550 2988 3601 p.
3010 3535 3093 3587 12.
3111 3532 3194 3585 ita

567 3600 696 3654 fidei
715 3603 1110 3671 explicatione:
1139 3604 1182 3658 B
1199 3620 1229 3658 e
1245 3622 1270 3655 r
1286 3622 1322 3656 n
1339 3604 1466 3658 ard
1486 3622 1524 3658 ιι
1540 3621 1565 3656 s
1591 3605 1647 3657 in
1677 3604 1852 3658 melli·
1911 3604 2137 3657 scribit:
2187 3602 2324 3663 „Die
2352 3601 2608 3656 Lehrbiic
2650 3618 2711 3655 er
2735 3601 2833 3656 des
2860 3601 3194 3671 spanischen

567 3670 682 3724 flua
697 3674 909 3740 pietate
929 3696 940 3727 :
969 3675 1014 3727 G
1030 3693 1059 3728 r
1074 3691 1102 3728 e
1119 3694 1157 3745 g
1173 3694 1204 3730 o
1223 3676 1284 3728 ri
1302 3692 1336 3727 u
1352 3693 1376 3727 s
1403 3676 1463 3728 in
1492 3675 1853 3730 traductione
1905 3675 1935 3727 J
1942 3676 2162 3728 esuiten
2179 3674 2385 3727 Suarez
2402 3676 2615 3727 setzten
2631 3671 2751 3727 sich
2768 3673 2874 3726 auf
2884 3675 3193 3741 protestan-

567 3742 870 3797 bibliorum
898 3762 960 3798 ac
988 3747 1157 3799 verbo
1180 3768 1190 3798 ι
1231 3748 1431 3799 oculus
1470 3746 1667 3817 populi
1709 3748 1852 3801 chri·
1908 3745 2127 3800 tischen
2179 3744 2603 3799 Universitaten
2648 3742 2708 3796 in
2754 3744 2879 3797 dem
2925 3745 3190 3799 Ansehen

567 3812 752 3877 stiani,
782 3814 876 3867 sed
904 3831 1006 3869 suo
1033 3816 1211 3870 solius
1245 3817 1453 3871 'udicio
1481 3817 1673 3871 nihil.“
1723 3817 1852 3883 Qui·
1909 3815 2035 3882 fest,
2066 3816 2303 3870 welches
2331 3819 2489 3871 sonst
2514 3815 2879 3870 Melanchton
2907 3814 3191 3879 einnahm,

569 3885 674 3936 bus
699 3885 895 3938 relatis
935 3886 1071 3940 scite
1109 3889 1210 3940 sub
1254 3887 1301 3939 it
1327 3888 1397 3940 W
1415 3904 1444 3941 e
1461 3906 1489 3941 r
1506 3906 1542 3940 ιι
1560 3906 1588 3943 e
1605 3907 1632 3943 r
1657 3890 1694 3943 l.
1721 3905 1767 3941 c.
1795 3906 1852 3957 p.
1911 3887 2030 3941 und
2057 3887 2158 3941 das
2184 3886 2336 3941 zieht
2375 3886 2495 3941 sich
2521 3887 2605 3941 bis
2648 3887 2709 3939 in
2736 3886 2825 3940 die
2854 3885 2976 3940 Zeit
3000 3887 3193 3951 hinab,

566 3960 666 4009 902
698 3955 801 4019 „So
824 3958 1346 4028 {lberschwenglich
1368 3959 1548 4014 dieses
1568 3960 1686 4014 Lob
1707 3961 1852 4013 auch
1908 3960 1992 4012 als
2036 3958 2294 4012 Leibnitz
2338 3958 2445 4012 auf
2479 3958 2578 4012 der
2622 3957 2970 4013 Universitat
3012 3956 3195 4012 seiner

567 4024 803 4105 klingen
831 4044 976 4154 mags
1007 4047 1067 4085 so
1137 4029 1277 4083 ewiss
1295 4029 1370 4083 ist
1384 4046 1442 4084 es
1458 4030 1851 4096 andererseits‚
1910 4028 2242 4084 Vaterstadt
2304 4028 2666 4110 Philosophie
2729 4027 3019 4082 studirte.“
3109 4028 3192 4082 Cf.

566 4094 670 4147 dal}
701 4099 817 4150 sich
844 4114 903 4151 ιιι
971 4117 1031 4154 er
1056 4050 1434 4170 affigemeinen
1461 4102 1732 4172 Meinung
1758 4102 1851 4156 die
1906 4101 2089 4155 Ritter
2116 4101 2205 4154 die
2232 4100 2444 4153 christl.
2472 4099 2681 4154 Ph110s.
2711 4100 2776 4163 11,
2804 4104 2875 4156 65
2901 4116 2943 4153 s.

566 4166 779 4221 sichere
829 4159 1246 4241 Uberzeugung
1295 4173 1594 4237 festsetzte,
1643 4174 1851 4227 Suarez
1982 4176 2024 4243 ⁴)
2054 4170 2416 4240 Singulorum
2464 4170 2743 4225 editiones
2788 4170 2860 4223 cf.
2901 4187 2992 4240 ap.
3040 4169 3192 4225 Som-

567 4237 660 4302 sei,
691 4256 855 4294 wcnn
883 4243 1043 4297 nicht
1069 4243 1168 4296 der
1195 4246 1340 4298 erste
1360 4243 1642 4313 Theologe
1670 4244 1851 4298 seines
1910 4259 2101 4298 mervo
2144 4243 2227 4301 elz
2263 4242 2332 4296 de
2360 4242 2717 4312 singulorum
2740 4241 3002 4295 doctrina
3028 4245 3086 4296 et
3111 4258 3190 4296 or-

567 4307 876 4390 ZeitalterS,
906 4314 1287 4370 unbestritten
1336 4317 1502 4368 unter
1529 4315 1620 4369 die
1651 4314 1850 4369 Ersten
1907 4314 2039 4369 dine
2084 4263 2482 4383 cffironologico
2527 4312 2766 4367 Werner
2806 4313 2841 4365 l.
2883 4329 2962 4369 ας
3008 4313 3076 4368 de
3113 4314 3192 4366 in·

566 4396 747 4436 semer
767 4384 883 4438 Zeit
898 4403 967 4438 zu
985 4386 1202 4450 ziihlen,
1220 4385 1310 4440 ein
1331 4384 1565 4449 Urtheil,
1584 4386 1849 4440 welchem
1906 4384 2075 4439 editis
2103 4385 2173 4439 cf.
2197 4387 2516 4437 accuratam
2557 4384 2690 4437 diss.
2736 4383 2805 4437 de
2832 4383 3106 4439 Scorraile
3130 4385 3191 4436 in

565 4450 793 4507 einfach
819 4455 1232 4511 zuzustimmen
1257 4457 1380 4510 ist.‘·
1426 4455 1571 4511 Hinc
1599 4458 1689 4511 vel
1717 4457 1851 4511 Gro-
1905 4455 2120 4511 Etudes
2148 4456 2307 4525 relig.
2328 4455 2501 4509 LXIV
2529 4459 2728 4526 (1895),
2745 4459 2960 4513 151-76.
2987 4455 3191 4510 Tomos

567 4522 679 4575 tius
696 4540 784 4593 ep.
801 4531 905 4582 154
920 4527 1007 4581 J0.
1025 4526 1286 4582 Cordesio
1303 4527 1574 4596 inscripta
1601 4528 1854 4583 affirmat
1906 4533 2020 4581 tres
2048 4527 2380 4597 posthumos
2408 4526 2592 4580 Suarii
2619 4526 2733 4597 (ΙΙΙ.
2762 4525 2858 4581 IV.
2886 4526 2982 4597 IX)
3012 4524 3193 4581 edidit

565 4610 696 4645 eum
724 4599 917 4651 tantae
948 4597 1120 4652 fuisse
1146 4597 1488 4655 subtilitatis
1517 4599 1850 4670 theologum
1906 4598 2204 4652 Balthasar
2223 4597 2355 4650 Alv
2373 4615 2405 4650 a
2421 4615 2492 4651 re
2508 4615 2536 4649 z
2564 4598 2617 4650 S.
2643 4598 2692 4651 J.
2713 4596 3109 4667 philosophiae
3135 4601 3192 4650 et

565 4679 630 4716 ac
656 4665 1080 4736 philosophum,
1125 4672 1188 4723 ut
1232 4669 1326 4723 vix
1366 4685 1712 4738 quemquam
1754 4672 1849 4727 ha·
1905 4669 2226 4739 theologiae
2276 4668 2557 4739 professor
2607 4673 2653 4739 (†
2707 4674 2791 4725 12.
2838 4667 2967 4723 Dec.
3016 4673 3192 4740 1630.)

567 4735 697 4789 beat
720 4754 931 4805 parem.
1907 4740 2044 4809 Ejus
2084 4742 2220 4795 sunt
2260 4742 2327 4794 tr.
2369 4742 2428 4792 de
2455 4744 2638 4794 (mima
2664 4748 2917 4809 separata
2960 4740 3020 4793 ιιι
3048 4757 3192 4795 eom·
