3625 5193
492 246 614 299 893

933 227 1241 292 Bizzozero,
1270 228 1524 294 Uarrillo,
1555 228 1836 293 Berteaut,
1864 229 2154 296 Fragosus‚
2183 227 2534 298 Reginaldus
2560 231 2665 283 etc,

2985 250 3110 300 894

486 418 637 474 tione
652 410 718 494 ¹).
752 447 838 457 —-
880 414 963 471 De
994 416 1371 472 sacramentis
1402 416 1465 470 in
1490 433 1691 490 qenere
1721 421 1771 470 et
1794 411 1801 468 Ι
1827 414 1889 471 in
1930 425 1951 474 1
1995 432 2048 472 v.
2083 447 2168 455 —
2201 413 2534 472 Fridericus
2585 415 2876 474 Hernicus
2925 416 3115 474 Onu·

487 507 547 562 in
568 506 748 578 specie
778 502 1057 561 disseruit
1077 501 1492 582 (Salmanticae
1521 513 1540 563 1
1561 513 1684 565 619
1708 503 1772 560 in
1827 522 1866 577 p
1883 503 1918 559 h
1935 521 1964 558 r
1981 502 1998 559 i
2015 522 2057 560 u
2076 521 2101 559 s
2135 502 2416 561 disseruit
2448 502 2520 561 de
2539 507 2952 562 sacramentali
2984 525 3112 562 con·

487 589 553 674 f.)
592 594 806 652 Petrus
826 592 897 650 de
920 592 965 650 Ο
984 609 1015 649 c
1029 591 1070 648 h
1085 609 1118 648 o
1135 611 1174 667 g
1192 612 1226 650 a
1244 592 1314 648 vi
1333 612 1367 650 a
1399 596 1460 650 et
1482 593 1768 663 Manleon‚
1828 593 2085 665 fossione,
2104 591 2332 649 Brixiae
2355 604 2426 653 16
2439 600 2539 660 23,
2553 597 2615 651 et
2635 594 2704 651 de
2722 612 2888 652 sacro
2907 597 3110 671 styma,

489 682 796 740 Navarrus
832 677 892 761 (†
934 676 1144 761 162⁴).
1185 715 1261 723 —-
1309 682 1391 739 De
1440 681 1648 738 iisdem
1697 689 1770 742 tr.
1830 680 2164 748 Mediolani,
2206 691 2388 743 1611.
2422 714 2509 725 -
2541 683 2812 757 Baptista
2843 684 3111 759 Frago-

486 771 673 829 edidit
729 764 992 828 Ioannes
1039 770 1313 844 Baptista
1361 771 1408 828 B
1426 769 1491 828 iz
1507 790 1536 828 z
1552 788 1584 827 o
1602 790 1630 827 z
1645 789 1675 827 e
1693 790 1722 827 r
1739 789 1771 828 o

1830 787 1958 826 sus
2005 773 2057 830 S.
2105 768 2159 827 J.
2206 770 2534 828 Lusitanus
2582 766 2643 850 (†
2679 781 2731 834 3.
2768 772 2891 830 Oct.
2948 784 3110 836 1639

488 860 704 918 Varisii
755 879 830 927 n.,
894 859 1225 934 theologiae
1278 859 1658 917 scholasticae
1712 862 1774 916 et
1829 859 2202 934 octogenario
2252 858 2495 938 major),
2549 860 2653 918 diu
2704 860 3006 935 Olisipone
3057 867 3116 919 et

488 950 725 1007 moralis
748 948 1054 1023 professor,
1080 948 1394 1006 Mediolani
1425 956 1586 1010 1622
1612 949 1675 1004 in
1700 958 1770 1017 43

487 1042 549 1096 et
591 1039 891 1096 Summam
940 1055 1179 1095 casuum
1242 1040 1631 1106 conscientiae,
1693 1037 1769 1094 ib.

500 1136 681 1190 1628.
715 1160 801 1170 ——-
834 1127 1086 1186 Selectas
1131 1130 1191 1184 et
1233 1127 1519 1201 practicae
1566 1126 1768 1201 dispu-

488 1216 743 1274 tationes
763 1217 832 1273 de
862 1216 1031 1273 rebus
1059 1217 1121 1272 in
1147 1216 1646 1274 administratione
1676 1235 1769 1272 sa-

486 1313 929 1374 cramentorum,
982 1304 1334 1379 praesertim
1380 1305 1771 1362 eucharistiae

487 1398 549 1453 et
607 1394 1037 1469 poenitentiae,
1098 1395 1326 1468 passim
1386 1393 1773 1452 occurentibus

486 1484 672 1541 edidit
732 1484 768 1541 J
775 1501 993 1541 oannes
1056 1482 1391 1540 Sanchez
1453 1482 1772 1540 Abulensis

488 1571 713 1630 Matriti
749 1581 931 1638 1624,
965 1571 1186 1646 quibus
1212 1572 1456 1629 accessit
1487 1574 1561 1632 tr.
1594 1573 1661 1628 de
1680 1573 1769 1645 je-

477 1663 649 1736 junio
683 1665 744 1720 et
775 1661 926 1734 disp.
960 1661 1029 1716 de
1046 1661 1223 1718 dubia
1253 1662 1587 1735 impotentia
1619 1660 1772 1717 circa

488 1750 949 1818 matrimonium,
1012 1749 1293 1825 Lugduni
1362 1759 1549 1818 1636,
1615 1750 1770 1824 quod

488 1857 635 1913 opus
669 1840 871 1896 laudat
895 1836 1093 1907 Diana,
1129 1838 1388 1913 dicitque
1422 1839 1769 1896 immortali·

490 1931 610 1984 tate
645 1928 1078 2005 dignissimum,
1126 1927 1189 1984 in
1221 1946 1338 2001 quo
1384 1931 1591 1985 auctor
1633 1947 1770 1984 acu-

488 2035 624 2074 men
674 2021 735 2075 et
774 2016 1104 2075 doctrinam
1155 2015 1488 2074 luculenter
1532 2017 1770 2073 demon-

489 2110 639 2163 strat
659 2150 672 2174 ,
725 2106 825 2163 sed
874 2105 1100 2173 ²„donec
1150 2105 1520 2178 corrigatur<
1570 2110 1663 2162 est
1709 2105 1770 2162 in

489 2194 777 2252 librorum
820 2193 1252 2269 prohibitorum
1301 2194 1494 2251 indice
1536 2194 1770 2252 decreto

498 2293 589 2344 ls.
627 2284 970 2346 Dee.1646.
991 2316 1078 2325 -
1098 2283 1390 2340 Martinus
1414 2283 1625 2341 Carri
1644 2283 1664 2339 l
1681 2283 1701 2339 l
1719 2301 1769 2353 o,

488 2372 1086 2448 caesaraugustanus,
1135 2372 1195 2428 in
1242 2373 1389 2430 urbe
1433 2372 1629 2446 patria
1669 2372 1769 2430 de·

487 2469 782 2519 cretorum
826 2461 1160 2519 cathedram
1209 2460 1558 2519 decennium
1598 2461 1768 2529 rexit,

486 2550 667 2609 trium
692 2548 1033 2626 praesulum
1054 2550 1309 2609 vicarius
1329 2550 1621 2627 generalis
1656 2549 1770 2608 fuit

487 2639 739 2714 aliisque
769 2639 1116 2698 muneribus
1150 2644 1243 2697 est
1288 2636 1559 2719 auctus2)
1592 2674 1679 2681 —
1711 2644 1771 2697 et

489 2728 847 2803 Seraphinus
890 2729 962 2786 de
992 2728 1298 2786 Freitas
1333 2729 1469 2786 Ord.
1504 2730 1558 2785 b.
1595 2730 1667 2788 M.
1703 2728 1768 2786 V.

486 2815 556 2874 de
576 2818 687 2875 Mei
702 2818 840 2875 cede
860 2818 1202 2885 LusitanuS,
1240 2817 1474 2875 Pinciae
1500 2819 1655 2892 juris
1678 2836 1766 2874 ca-

484 2907 678 2963 nonici
700 2908 885 2964 lector
903 2906 1261 2965 eruditionis
1282 2926 1400 2964 non
1427 2906 1690 2980 vulgaris
1702 2904 1768 2982 3).

488 3028 566 3036 —-
606 2995 885 3053 Samuel
919 2994 991 3053 de
1022 2995 1276 3053 Lublino
1309 2995 1371 3052 Ο.
1395 2996 1486 3056 Pr.
1509 2996 1768 3053 Polonus

486 3084 724 3160 collegit
758 3086 1120 3142 Summulam
1151 3104 1408 3151 casuum,
1462 3102 1611 3158 quae
1644 3103 1767 3141 om-

484 3172 650 3230 nium
696 3192 881 3248 paene
913 3173 1249 3242 dubiorum,
1303 3193 1453 3248 quae
1486 3174 1547 3229 in
1594 3173 1764 3229 mini-

484 3262 665 3319 sterio
700 3261 1047 3320 sacramenti
1080 3262 1476 3337 poenitentiae
1510 3261 1768 3320 incidere

483 3351 690 3420 solent,
744 3351 982 3408 brevem
1016 3351 1279 3409 continet
1322 3351 1765 3420 resolutionem,

482 3438 749 3497 Coloniae
793 3450 974 3501 1631.
1020 3450 1200 3502 1635.
1234 3445 1276 3498 t.
1315 3449 1347 3501 2
1384 3440 1448 3497 in
1484 3450 1547 3509 ὃς
1603 3449 1761 3503 1712

482 3527 545 3585 in
595 3538 768 3590 4.--
804 3529 1015 3586 Petrus
1066 3529 1469 3587 Bellocchi
1518 3528 1580 3586 Ο.
1629 3529 1765 3585 Min.

484 3620 585 3674 str.
633 3619 756 3675 obs,
801 3617 922 3674 Res.
970 3636 1038 3674 ex
1086 3618 1312 3683 multis,
1368 3637 1515 3692 quae
1563 3620 1767 3690 parata

482 3705 751 3773 habebat,
788 3706 1063 3780 operibus
1083 3707 1270 3764 edidit
1295 3710 1531 3764 tantum
1552 3707 1767 3775 Praxin

481 3793 812 3870 theologiae
833 3795 1073 3853 moralis
1106 3796 1173 3852 de
1205 3796 1431 3853 casibus
1462 3798 1767 3852 reservatis

481 3883 935 3959 archiepiscopis
957 3890 1018 3943 et
1035 3885 1323 3959 episcopis
1346 3884 1562 3954 Piceni,
1578 3883 1764 3942 Vene-

482 3971 584 4029 tiis
625 3981 809 4034 1627.
857 3973 973 4030 Diu
1005 3976 1131 4031 erat
1162 3973 1655 4047 poenitentiarius
1702 3973 1765 4030 in

480 4060 719 4119 basilica
751 4062 1121 4119 lateranensi.
1156 4096 1242 4106 —-
1276 4063 1764 4120 ‘Bartholomaeus

482 4149 527 4205 B
546 4154 858 4207 erteaut
890 4150 1227 4225 composuit
1261 4152 1519 4226 reyulam
1549 4154 1762 4225 confes·

481 4240 630 4293 sarii
648 4256 750 4296 seu
770 4239 1130 4315 theologiam
1150 4240 1430 4296 moralem
1448 4240 1520 4297 ad
1538 4240 1764 4313 praxim

369 4384 372 4388 Α
482 4324 591 4382 fori
626 4328 1086 4400 poenitentialis
1123 4329 1388 4387 Coloniae
1418 4338 1579 4390 1702
1605 4347 1700 4402 pp.
1726 4340 1759 4390 3

557 4498 595 4567 ¹)
624 4496 766 4550 Hist.
796 4498 952 4552 univ·
980 4500 1170 4552 salisb.
1203 4500 1266 4563 lI,
1294 4504 1323 4554 7
1353 4518 1404 4552 n.
1434 4504 1555 4556 300.

556 4572 595 4639 ²)
613 4567 696 4622 Cf.
717 4570 841 4637 ejus
858 4586 1045 4639 opera,
1065 4571 1210 4624 inter
1227 4588 1373 4638 quae
1390 4575 1476 4624 est
1494 4570 1665 4623 etiam
1683 4590 1766 4623 ca-

481 4642 684 4708 taloyas
705 4645 1226 4710 archiepiscoporum
1246 4651 1767 4710 caesarauyustanae

480 4714 731 4776 ecclesiae,
753 4712 939 4765 Calari
958 4717 1111 4776 1611,
1131 4713 1193 4765 in
1209 4713 1346 4767 bibl.
1363 4711 1509 4782 hisp.
1528 4732 1579 4772 ιι,
1600 4713 1665 4777 ΙΙ,
1678 4718 1762 4767 99.

554 4787 596 4847 ⁸)
625 4782 763 4843 Bibl.
793 4784 939 4853 hisp.
969 4802 1022 4838 n.
1052 4784 1119 4848 11,
1143 4788 1264 4841 286.

1828 947 2051 1005 Eborae
2074 948 2407 1024 theologiae
2424 948 2664 1006 moralis
2685 949 2996 1024 professor,
3023 971 3112 1009 re-

1829 1036 2010 1110 liquit
2059 1037 2133 1094 ab
2182 1036 2433 1094 eruditis
2484 1037 2547 1094 in
2597 1039 2787 1112 pretio
2847 1040 3113 1098 habitum

1828 1144 1976 1200 opus
2039 1126 2456 1201 posthumum,
2514 1127 2675 1200 quod
2737 1127 3112 1187 inscribitur:

1830 1215 2100 1290 Reyimen
2151 1216 2497 1287 reipublicae
2544 1217 2896 1276 christianae
2947 1236 3013 1275 ex
3067 1237 3110 1276 S.

1828 1303 2127 1379 theologia
2157 1307 2217 1361 et
2249 1323 2316 1361 ex
2337 1308 2595 1378 utroque
2619 1305 2757 1379 jure
2785 1307 2858 1364 ad
2879 1311 3113 1365 utrum-

1829 1411 1944 1468 que
1975 1392 2170 1450 forum
2203 1396 2325 1451 tam
2367 1394 2670 1451 internum
2703 1413 2880 1468 quam
2923 1399 3111 1454 exter-

1827 1500 1970 1538 num
2006 1482 2339 1552 coalescens
2370 1482 2434 1539 in
2459 1492 2492 1544 3
2530 1502 2623 1557 pp.
2645 1482 2933 1542 divisum:
2972 1504 3114 1559 qua-

1829 1589 1960 1627 rum
2005 1581 2052 1630 1.
2086 1570 2423 1645 principum
2457 1589 2520 1628 ac
2539 1572 3000 1647 magistratuum
3035 1576 3113 1631 ci-

1827 1658 2031 1716 vilium
2065 1659 2570 1734 gubernationem,
2605 1665 2982 1735 potestatem,
3012 1664 3113 1738 ju-

1828 1748 2233 1806 risdictionem
2284 1751 2344 1806 et
2394 1748 2787 1824 obligationes
2851 1770 3113 1826 compre-

1829 1836 2066 1906 hentlit3
2118 1846 2172 1896 2.
2205 1837 2544 1913 principum
2578 1857 2642 1896 ac
2683 1845 2989 1913 pastorum
3022 1859 3114 1899 ec·

1829 1925 2264 1984 clesiasicorum
2323 1926 2799 2000 jurisdictionem
2843 1935 2902 1987 et
2966 1930 3112 1987 obli-

1828 2015 2098 2090 gationes
2144 2016 2539 2088 amplectitur,
2593 2016 2697 2074 ubi
2743 2019 2864 2075 late
2907 2018 2977 2075 de
3020 2038 3112 2075 re-

1828 2103 2089 2178 ligiosi83
2163 2113 2218 2165 3.
2270 2103 2666 2162 oeconomiam
2733 2107 2997 2164 continet
3049 2127 3114 2164 ac

1828 2196 2066 2266 patrum
2099 2192 2350 2250 familias
2385 2193 2447 2250 in
2487 2191 2638 2250 filios
2671 2199 2729 2251 et
2762 2195 3113 2252 domesticos

1829 2287 1889 2338 et
1921 2280 2176 2339 filiorum
2209 2301 2274 2337 ac
2307 2280 2767 2340 domesticorum
2813 2284 2875 2342 in
2906 2303 3113 2358 paren-

1827 2373 1916 2427 tes
1963 2389 2027 2427 ac
2073 2370 2342 2428 dominos
2394 2370 2786 2445 obligationes
2838 2373 3110 2448 explicat,

1827 2459 2102 2535 Lugduni
2137 2469 2420 2521 1641--1
2441 2469 2829 2524 648-1652
2857 2468 2895 2518 t.
2919 2472 2952 2520 :3
2977 2461 3037 2518 in
3054 2462 3118 2532 f.;

1826 2548 2102 2625 Lugduni
2158 2557 2351 2618 16673
2387 2548 2658 2608 Coloniae
2709 2559 2905 2619 17:37³
2956 2556 2996 2609 t.
3036 2561 3109 2621 2.,

1829 2638 1930 2712 qui
1979 2638 2318 2713 principum
2366 2658 2430 2697 ac
2476 2643 2787 2713 pastorum
2835 2640 3112 2698 ecclesia-

1828 2727 2109 2785 sticorum
2131 2727 2527 2804 obligationes
2550 2747 2616 2786 ac
2632 2728 3105 2803 jurisdictionem

1826 2816 2258 2891 complectitur,
2306 2821 2580 2893 receptus
2612 2820 2705 2874 est
2734 2838 2768 2876 a
2801 2819 3109 2876 Rocaberti

1826 2906 1887 2961 in
1921 2924 2090 2962 suam
2120 2905 2266 2967 bibl.
2305 2910 2468 2981 pont.
2503 2905 2568 2969 V,
2613 2917 2973 2970 loe—585.

1919 3091 2059 3143 378.
2095 3082 2257 3141 Inter
2289 3102 2404 3153 eos,
2454 3084 2560 3157 qui
2593 3085 2665 3141 de
2697 3086 2971 3161 theoloqz'a
3005 3105 3107 3149 va-

1824 3173 2028 3228 storali
2059 3172 2441 3246 scripserunt,
2475 3173 2680 3230 referri
2702 3178 2977 3247 possunt:
3002 3175 3108 3231 Va-

1825 3260 2007 3318 lerius
2050 3261 2528 3335 Reginaldus
2564 3262 2616 3318 S.
2652 3261 2706 3318 J.
2751 3262 3106 3341 (Raynauld,

1823 3346 2091 3427 Renaud)
2145 3350 2382 3408 natione
2431 3350 3106 3425 Burgundo-sequanuS,

1824 3438 2020 3512 patria
2044 3438 2326 3508 Usiensis,
2362 3439 2465 3513 qui
2492 3458 2683 3514 pagus
2715 3443 2807 3496 est
2825 3438 3108 3499 dioecesis

1823 3527 2177 3584 bisuntinae.
2213 3528 2406 3584 Natus
2439 3531 2530 3585 est
2562 3547 2612 3588 a.
2641 3537 2805 3590 1543
2842 3529 3109 3587 obscuris

1825 3615 2198 3690 parentibuS,
2261 3620 2456 3673 terrae
2498 3617 2752 3686 colonis,
2802 3638 2835 3675 a
2889 3617 3106 3689 quibus

1822 3708 2022 3761 tamen
2073 3704 2258 3761 literis
2310 3705 2642 3762 destinatus
2698 3710 2803 3764 est.
2867 3707 3108 3764 Parisiis

1824 3792 2054 3850 audivit
2087 3794 2492 3851 Maldonatum
2536 3798 2596 3851 et
2627 3794 2905 3863 Mariana,
2955 3797 3107 3853 Bur-

1825 3882 2050 3957 digalae
2083 3882 2513 3957 philosophiam
2536 3884 2837 3957 professus
2858 3890 2966 3956 est,
3000 3886 3108 3942 Pa-

1823 3971 1980 4028 risiis
2043 3971 2316 4047 deinceps
2363 3972 2727 4046 aliquamdiu
2775 3991 2841 4031 ac
2907 3977 3110 4049 postea

1822 4060 1966 4117 totis
2005 4069 2083 4121 20
2120 4062 2289 4119 annis
2320 4061 2500 4119 Dolae
2533 4062 2882 4138 theologiam
2918 4083 3105 4121 mora·

1821 4150 1938 4206 lem
1989 4168 2122 4206 cum
2175 4170 2389 4226 magna
2442 4151 2633 4208 laude.
2692 4152 3105 4210 Humilitatem

1823 4238 2139 4296 admodum
2202 4240 2458 4297 colebat:
2523 4241 2886 4297 memorabat
2939 4260 3108 4314 saepe

1823 4327 1982 4384 omni
2018 4346 2079 4384 se
2113 4328 2239 4387 loco
2271 4332 2331 4386 et
2362 4327 2580 4386 honore
2613 4328 2924 4403 indignum
2960 4348 3105 4389 esse.

1823 4416 2100 4489 quoniam
2135 4418 2205 4475 de
2252 4420 2386 4492 post
2427 4418 2715 4475 foetantes
2763 4422 3106 4490 assumptus

1823 4507 1995 4561 esset.
2062 4505 2383 4582 Nunquam
2430 4525 2462 4563 a
2486 4507 2690 4580 janua,
2738 4522 2857 4578 quo
2904 4506 3105 4563 crebro

1823 4594 2161 4661 vocabatur,
2210 4594 2281 4652 ad
2316 4614 2487 4651 suum
2537 4593 2877 4651 cubiculum
2909 4612 3105 4669 regre-

1823 4681 2114 4751 diebatur,
2150 4683 2267 4740 nisi
2299 4682 2555 4740 salutata
2589 4701 2718 4740 ven.
2753 4682 3107 4741 eucharistia

1821 4790 2045 4846 negans
2078 4772 2280 4831 decere
2321 4771 2605 4829 famulum
2637 4790 2934 4846 quoquam
2980 4772 3105 4829 sine
