3625 5193
1557 1558 1700 1641 111

592 1721 1173 1894 Theologi
1267 1619 1870 1855 annorum
1962 1719 2771 1855 mol—1620.

1045 2095 1107 2190 I.
1172 2071 1663 2212 'theologia
1727 2091 2299 2191 scholastica.

458 2338 595 2391 158.
630 2328 849 2404 Incipit
882 2329 1148 2386 seculum
1180 2328 1377 2398 XVII„
1412 2329 1640 2386 theolo-

365 2418 493 2493 giae
525 2418 890 2475 scholasticae
921 2418 1036 2486 V1.‚
1071 2417 1319 2475 fortasse
1364 2436 1504 2493 prae
1544 2419 1639 2475 ce-

364 2507 504 2564 teris
536 2505 1039 2576 florentissimum,
1062 2509 1190 2564 tum
1214 2506 1288 2564 ob
1308 2505 1639 2564 illustrium

363 2600 669 2655 auctorum
686 2594 933 2671 copiam,
954 2599 1086 2653 tum
1108 2595 1182 2654 ob
1203 2614 1445 2672 operum
1466 2612 1638 2672 prae-

365 2685 645 2743 stantiam
679 2688 739 2743 et
771 2684 1267 2742 innumerabilem
1289 2684 1638 2742 multitudi-

362 2792 509 2841 nem,
529 2772 605 2831 ob
626 2791 889 2841 acumen,
913 2774 1338 2843 inventionem,
1361 2774 1635 2841 nitorem,

362 2881 507 2937 quae
536 2862 601 2920 in
635 2862 759 2919 illis
779 2863 1036 2931 elucent,
1057 2865 1187 2920 tum
1209 2861 1283 2919 ob
1304 2862 1635 2921 scholarum

362 2950 475 3010 fere
506 2951 732 3026 ubique
765 2951 1049 3027 gentium,
1096 2951 1345 3009 maxime
1393 2951 1456 3009 in
1496 2950 1636 3007 His-

1697 2347 1879 2386 annes
1927 2328 2203 2402 Baptista
2249 2329 2567 2405 Arrighi
2614 2328 2678 2386 Ο.
2715 2329 2767 2386 S.
2801 2330 2973 2405 Aug„

1697 2417 2073 2475 Florentinus
2122 2413 2182 2498 (†
2220 2415 2429 2495 1605),
2476 2417 2580 2492 qui
2627 2418 2868 2492 scripsit
2912 2418 2972 2477 ll.

1697 2515 1735 2568 4
1767 2507 1837 2564 de
1880 2507 2161 2564 elementis
2191 2525 2234 2564 s.
2268 2508 2594 2585 theoloqt'ae,
2640 2505 2974 2565 Florentiae

1702 2606 1904 2665 15693
1952 2596 2014 2657 11.
2065 2607 2099 2659 3
2148 2596 2214 2654 de
2260 2596 2558 2655 beatudine
2597 2595 2861 2673 homini-3,
2896 2596 2974 2655 ib.

1703 2694 1887 2748 1575.
1937 2719 2025 2729 ·—
2072 2685 2262 2743 Lucas
2310 2685 2605 2743 Pinelli
2658 2685 2710 2743 S.
2742 2685 2796 2742 J.
2832 2685 2976 2743 Mel-

1696 2774 1913 2833 fitanus
1928 2769 1994 2854 ¹),
2047 2774 2381 2851 theologiae
2430 2774 2723 2850 professor
2770 2775 2972 2851 Ingol-

1693 2978 2243 3049 supernaturalibus,
2271 2997 2491 3033 necnon
2512 2979 2581 3033 de
2599 2978 2714 3033 Deo
2731 2979 2976 3043 homine,

362 3041 548 3114 panis,
616 3039 956 3099 florentium
1005 3039 1374 3115 splendorem
1392 3036 1451 3116 ¹).
1514 3039 1637 3096 Hac
1692 3068 1837 3119 opus
1862 3068 2054 3104 rarum
2083 3060 2174 3115 (m,
2201 3055 2308 3121 30),
2334 3083 2403 3092 .-
2429 3050 2510 3104 De
2537 3050 2841 3105 Aristotele
2868 3068 2978 3104 me.

361 3148 491 3187 vero
512 3127 753 3204 periodo
774 3124 827 3210 (l
849 3124 1268 3208 sol-1620)
1289 3128 1442 3186 sicut
1464 3145 1633 3204 prae-

361 3218 585 3276 cedenti
617 3223 739 3277 fere
772 3235 975 3276 omnes
1006 3220 1067 3275 et
1112 3217 1351 3293 quidem
1398 3216 1631 3286 summi,

363 3308 459 3381 qui
504 3306 864 3383 theologiam
911 3305 1321 3364 scholasticam
1366 3305 1632 3362 illustra-

360 3399 514 3465 runt,
561 3396 805 3454 fuerunt
839 3394 1114 3471 Hispani,
1163 3393 1435 3454 nonnulli
1477 3392 1630 3463 Itali,

360 3504 486 3542 cum
502 3485 754 3542 aliarum
770 3484 1079 3542 nationum
1100 3483 1362 3559 theologi
1383 3482 1515 3541 aliis
1525 3501 1632 3559 po-

356 3574 474 3632 tius
506 3574 923 3631 incumberent
947 3572 1278 3648 disciplinis
1306 3572 1409 3630 hac
1432 3575 1633 3630 tamen

357 3681 467 3721 non
501 3661 744 3738 penitus
776 3657 1125 3740 neglecta2).
1161 3660 1300 3719 Itali
1320 3665 1493 3720 sunt:
1526 3660 1566 3717 J
1569 3679 1632 3718 0-

430 3910 467 3973 ι)
495 3903 579 3957 cf.
632 3902 820 3956 Gener
868 3901 1042 3962 theol.
1094 3902 1633 3971 dogmat-scholast.

354 3976 392 4027 t.
419 3981 465 4031 1.
535 3974 685 4029 rodr.
715 3978 763 4029 1.
791 3989 832 4029 c.
864 3980 914 4030 1.
942 3991 994 4028 n.
1021 3978 1109 4030 31.

424 4053 460 4113 ²)
548 4061 618 4099 uc
655 4044 854 4098 referri
895 4044 1064 4098 debet
1101 4043 1275 4097 etiam
1318 4043 1633 4099 Guilelmus

1690 3122 1814 3175 ruit
1830 3122 2159 3192 Propertius
2183 3122 2231 3174 R
2252 3139 2281 3176 e
2300 3140 2324 3175 s
2340 3123 2413 3175 ta
2440 3122 2503 3176 Ο.
2518 3122 2656 3175 Min.
2675 3122 2849 3177 Conv,
2888 3122 2977 3176 vir

1691 3193 1950 3247 omnium
1976 3192 2300 3247 liberalium
2341 3195 2549 3248 artium
2575 3194 2975 3261 virtutumque

1691 3264 1881 3318 studio
1927 3269 2176 3331 ornatuS,
2223 3282 2265 3318 e.
2311 3263 2632 3334 theologiae
2678 3264 2874 3317 doctor
2918 3267 2980 3318 et

1692 3335 2018 3406 provinciae
2045 3352 2179 3389 suae
2207 3335 2465 3389 minister
2490 3338 2664 3403 atque
2685 3334 2895 3389 ordinis
2914 3335 2976 3387 in

1692 3409 1843 3461 Urbe
1884 3408 2230 3477 procurator,
2273 3421 2442 3474 quem
2485 3406 2675 3459 Sixtus
2716 3404 2783 3458 V.
2824 3404 2975 3458 dixit

1690 3481 1830 3535 1586
1857 3478 2185 3547 episcopum
2212 3476 2586 3546 geruntinum
2614 3478 2672 3529 et
2697 3475 2971 3529 cariaten-

1691 3566 1806 3603 sem
1833 3549 1894 3601 in
1922 3548 2196 3603 Calabria.
2239 3548 2496 3601 (flemene
2522 3546 2673 3602 VIII.
2713 3563 2843 3600 eum
2872 3546 2987 3599 Ro·-

1691 3637 1841 3673 mam
1868 3620 2093 3691 accivit,
2121 3618 2224 3686 qui
2263 3618 2472 3672 celebri
2498 3618 2567 3672 de
2596 3617 2822 3671 auxiliis
2848 3635 2970 3688 gra-

1690 3692 1802 3745 tiae
1849 3689 2135 3745 consessui
2182 3692 2463 3759 praeesset
2501 3693 2547 3761 (†
2593 3692 2767 3760 1602).
2826 3693 2872 3743 A
2889 3689 2907 3740 l
2926 3706 2975 3742 e·

1688 3781 1722 3815 x
1739 3780 1772 3814 a
1789 3780 1827 3815 n
1849 3762 1883 3815 d
1902 3761 1966 3815 ri
2001 3762 2069 3815 de
2109 3760 2455 3813 Alexandria
2493 3766 2874 3815 commemoria
2920 3766 2975 3815 in

1690 3837 1808 3888 XII
1856 3838 1908 3889 ll.
1960 3836 2448 3902 Metaphysicomcm
2511 3833 2558 3885 A
2576 3849 2604 3884 r
2620 3831 2641 3884 i
2657 3850 2683 3885 s
2699 3834 2770 3885 to
2789 3830 2928 3886 teli
2949 3849 2974 3885 s

1691 3904 2011 3975 castigavit,
2056 3904 2204 3959 notis
2248 3903 2554 3972 margineis
2594 3906 2653 3958 et
2689 3903 2976 3957 indicibus

1690 3976 2020 4041 illustravit,
2048 3974 2269 4029 Patavii
2298 3980 2452 4033 1572.

1772 4052 1807 4118 ¹)
1833 4049 1994 4101 Alius
2035 4050 2121 4099 est
2144 4046 2214 4099 ab
2241 4063 2307 4101 eo
2333 4046 2662 4100 Dominicus
2687 4044 2731 4097 P
2749 4046 2822 4098 in
2838 4044 2975 4099 elli

353 4115 618 4180 EstiuS,
673 4115 743 4169 de
799 4132 911 4184 quo
961 4116 1127 4185 plura
1164 4113 1414 4169 dicemus
1464 4116 1636 4169 infra-
1693 4117 2005 4172 Genuensis
2048 4117 2109 4170 in
2144 4117 2601 4188 jurisprudentia
2627 4117 2767 4171 adeo
2794 4132 2975 4170 versa·

355 4187 428 4241 Ex
505 4192 794 4242 Germanis
869 4186 1108 4240 Jacobus
1184 4186 1331 4240 Hac
1351 4186 1389 4239 k
1406 4203 1480 4240 er
1555 4203 1635 4240 re·
1691 4194 1800 4253 tue,
1829 4193 1895 4243 nt
1921 4189 2227 4259 Gregorius
2243 4189 2389 4244 XIII.
2416 4189 2486 4242 de
2502 4205 2567 4242 eo
2579 4187 2820 4243 diceret:
2852 4187 2973 4252 „Pi-

351 4258 524 4327 liquit
561 4264 943 4314 commentaria
967 4260 1252 4326 theoloqica
1291 4258 1362 4311 ad
1388 4260 1635 4313 mentem
1690 4261 1830 4315 nelli
1856 4277 2029 4331 opera
2052 4277 2343 4313 romanam
2364 4260 2575 4314 curiam
2591 4260 2673 4312 ita
2699 4259 2821 4311 indi
2864 4274 2972 4321 ere,

352 4330 590 4385 doctoris
634 4328 883 4399 angelici
924 4334 1203 4387 1619—21
1243 4330 1284 4384 t.
1324 4333 1356 4385 2
1390 4329 1450 4382 in
1474 4334 1546 4393 4„
1571 4330 1633 4383 in
1689 4335 1754 4386 ut
1802 4330 1946 4385 citra
1996 4331 2345 4403 reipublicae
2385 4331 2791 4386 detrimentum
2868 4344 2967 4381 oco

352 4402 553 4471 quibus
581 4400 850 4470 disputat
874 4400 943 4453 de
969 4399 1271 4464 Trinitate,
1298 4400 1367 4453 de
1395 4400 1630 4470 angelis,
1689 4405 1881 4458 abesse
1909 4420 2023 4458 non
2049 4406 2288 4472 posset.“
2346 4402 2659 4471 Episcopus
2703 4401 2973 4453 firmanus

352 4471 723 4536 beatitudine,
745 4471 969 4524 actibus
985 4470 1270 4535 humanis,
1299 4470 1369 4525 de
1391 4470 1631 4553 legibue,
1689 4469 2008 4529 declaratus
2036 4480 2215 4546 (1577)
2243 4474 2323 4527 ita
2350 4490 2406 4527 se
2437 4471 2628 4543 gessit,
2672 4473 2737 4524 ut
2762 4470 2972 4540 passim

347 4544 547 4613 gratia.
577 4577 645 4584 —
689 4542 771 4596 Ex
813 4542 1057 4596 Gallis
1096 4541 1384 4597 mentione
1424 4542 1633 4611 dignus
1693 4546 1893 4607 „Pater
1943 4545 2356 4600 desolatorum“
2409 4543 2651 4598 audiret.
2716 4545 2764 4595 A
2816 4542 2973 4595 Sixto

349 4618 430 4668 est
456 4615 500 4668 E
518 4632 555 4668 n
573 4632 598 4667 s
614 4617 689 4668 ta
704 4632 733 4669 c
749 4613 920 4667 hius
944 4629 979 4666 a.
1005 4631 1046 4668 s.
1067 4612 1262 4678 Pau10,
1299 4615 1461 4683 cujus
1476 4630 1634 4683 prae·
1687 4620 1909 4670 creatus
1926 4620 2011 4669 est
2026 4616 2345 4671 cardinalis.
2374 4615 2529 4669 Inter
2544 4613 2863 4668 cardinales
2877 4630 2970 4665 au·

349 4690 432 4739 ter
467 4688 750 4741 Summam
781 4687 960 4754 philos
1028 4688 1146 4739 hiae.
1186 4687 1369 4739 exstat
1413 4686 1633 4739 Summa
1688 4690 2023 4742 numeratus
2062 4692 2162 4751 est,
2206 4687 2305 4755 qui
2347 4688 2674 4755 praeessent
2707 4684 2971 4754 compila-

347 4761 628 4826 theoloyn'ae
651 4761 950 4825 tripartita,
1037 4753 1219 4810 arisiis
1248 4754 1387 4812 1813
1413 4760 1453 4810 t.
1480 4762 1530 4820 2,
1571 4755 1632 4809 in
1689 4759 1833 4813 tioni
1861 4758 1899 4811 l.
1926 4759 2048 4816 VII.
2072 4757 2454 4811 Decretalium
2481 4768 2528 4827 st
2554 4762 2605 4814 9.
2624 4757 2771 4825 Aug.
2791 4758 2967 4824 1611).

347 4845 461 4897 qua
506 4828 772 4899 disputat
810 4827 880 4881 de
925 4825 1059 4892 Deo,
1102 4827 1269 4880 rebus
1317 4825 1528 4881 divinis
1568 4844 1632 4881 ao
1690 4830 1771 4885 Cf.
1800 4830 1870 4884 de
1896 4831 2016 4899 ejus
2042 4830 2328 4899 praeclare
2352 4828 2524 4898 gestis
2554 4826 2970 4897 Eggsl.V§37.
