3625 5193
393 274 514 328 289

1460 261 1701 317 Jacobus
1727 262 1945 318 Billius.

2878 285 3001 338 290

392 440 482 499 Ad
512 442 679 500 illum
711 443 892 501 etiam
924 444 1186 503 virorum
1218 445 1524 505 doctorum
1543 466 1672 507 coe·
1728 448 1852 507 Jac.
1884 449 2181 508 Billius
2219 450 2416 525 plures
2460 450 2522 509 id
2566 470 2756 527 genus
2802 452 3006 512 obser-

388 536 516 590 tum
550 531 859 607 pertinuit,
883 533 986 607 qui
1010 533 1075 591 in
1107 533 1368 593 editione
1388 536 1672 596 versionis
1731 539 2035 597 vationum
2067 557 2371 598 sacrarum
2402 538 2461 596 ll.
2494 541 2854 610 confecisset,
2904 541 3006 600 sed

389 619 538 678 Lxx
556 621 953 697 interpretum
974 620 1343 682 desudarunt
1356 619 1420 704 ¹),
1444 624 1516 683 de
1536 626 1671 702 qui·

387 709 501 767 bus
531 708 603 767 cf.
635 709 791 768 infra
820 729 877 768 n.
914 717 1037 773 216
1073 730 1123 769 a.

485 931 622 985 126.
641 923 822 1000 Belya
834 924 1079 982 natione
1097 928 1224 983 erat
1243 924 1282 982 J
1284 926 1499 985 acobus
1517 928 1566 985 B
1582 928 1604 986 i
1619 928 1669 985 l-

386 1012 442 1068 li
462 1031 545 1069 us
583 1009 681 1093 (de
713 1007 897 1092 Billy)
932 1012 998 1071 Ο.
1021 1013 1076 1071 S.
1099 1014 1312 1072 Bened.
1335 1015 1572 1074 Guisiae
1606 1016 1672 1075 in

387 1100 655 1159 Picardia
698 1103 881 1159 natus
920 1111 1106 1172 1535,
1154 1102 1260 1178 qui
1291 1121 1341 1164 a.
1373 1107 1551 1163 natus
1589 1115 1665 1169 18

385 1188 799 1266 philosophiae
830 1207 897 1248 ac
927 1189 1258 1268 theologiae
1279 1192 1546 1251 studium
1564 1194 1667 1252 ab·

386 1278 658 1337 solverat.
689 1278 989 1348 Quantum
1016 1281 1070 1337 ei
1092 1280 1250 1338 inter
1268 1281 1475 1340 turbas
1494 1282 1667 1342 belli-

387 1385 485 1425 cas
516 1367 707 1435 licuit,
739 1368 803 1425 in
836 1368 1037 1426 literas
1087 1369 1523 1445 impensissime
1573 1371 1664 1429 in-

387 1454 614 1523 cubuit,
658 1456 1026 1532 decessitque
1070 1458 1252 1517 abbas
1284 1477 1329 1516 s.
1361 1459 1665 1518 Michaelis

384 1545 448 1602 in
480 1563 673 1604 eremo
709 1553 807 1606 25.
842 1546 974 1606 Dec.
1013 1555 1038 1605 1
1057 1555 1199 1610 581.
1230 1548 1473 1607 Praeter
1491 1567 1667 1624 opera

384 1633 633 1691 ascetica
678 1634 772 1692 vel
804 1633 1034 1708 poetica
1063 1633 1403 1716 reliquit2):
1452 1637 1664 1696 Sacra-

385 1741 518 1780 rum
549 1722 1001 1781 observationum
1030 1723 1092 1781 ll.
1130 1733 1185 1794 2,
1221 1725 1464 1783 Parisiis
1501 1735 1660 1789 1585

385 1830 506 1869 una
554 1829 687 1869 cum
739 1813 988 1884 epistolis
1036 1831 1082 1874 s.
1132 1812 1422 1872 Isidori
1471 1815 1661 1874 Pelus.

388 1898 544 1968 „Qui
577 1900 748 1958 hasce
780 1900 1224 1961 observationes
1271 1902 1537 1961 adhibito
1561 1905 1662 1979 ju-

380 1988 536 2047 dicio
567 1988 736 2065 legit,
759 1989 966 2047 scribit
985 1989 1385 2066 Ziegelbauer,
1413 1992 1661 2051 Billium

379 2078 538 2135 inter
587 2078 934 2154 praecipuos
981 2080 1194 2138 aetatis
1246 2099 1384 2139 suae
1430 2081 1661 2140 criticos

379 2184 502 2224 non
531 2183 844 2224 numerare
874 2185 992 2224 non
1032 2166 1309 2249 potestss).
1355 2168 1492 2227 Illas
1522 2188 1661 2230 vero

383 2254 712 2324 adornavit,
746 2257 818 2313 ut
861 2255 1182 2315 christiano
1203 2257 1410 2316 lectori
1429 2257 1661 2317 facilem

379 2344 455 2400 ad
487 2344 884 2416 percurrenda
914 2362 991 2402 ss.
1025 2350 1259 2420 patrum
1294 2365 1472 2423 opera
1502 2365 1660 2406 com-

378 2431 652 2508 planaret
682 2432 855 2502 viam,
889 2433 952 2491 in
971 2435 1192 2508 quibus
1216 2436 1438 2494 multae
1457 2453 1658 2495 occur-

377 2521 590 2578 rebant
621 2521 903 2590 salebrae,
937 2522 1110 2580 multi
1143 2526 1426 2602 scrupuli,
1472 2525 1661 2584 multa

379 2616 572 2668 errata
600 2611 698 2668 vel
740 2614 1248 2689 typographorum
1292 2614 1659 2691 negligentia

377 2699 473 2757 vel
506 2700 957 2759 amanuensium
991 2702 1225 2761 inscitia
1255 2704 1349 2762 vel
1392 2705 1658 2780 ipsorum

375 2788 772 2862 interpretum
804 2790 1038 2848 incuria
1068 2794 1128 2848 et
1159 2792 1489 2854 oscitantia.
1510 2792 1656 2851 Illu-

377 2876 638 2935 strandis
683 2877 942 2952 profanis
988 2879 1380 2955 scriptoribus
1428 2882 1652 2939 nullam

375 2984 642 3040 unquam
675 2984 910 3040 operam
944 2969 1035 3025 vir
1065 2969 1203 3043 pius
1236 2969 1519 3046 dignatus
1565 2972 1658 3028 est

375 3053 775 3130 impendere.‘
813 3055 1156 3132 ScriptoreS,
1192 3077 1341 3132 quos
1388 3059 1654 3117 illustra-

374 3142 482 3211 vit,
500 3147 645 3201 sunt
655 3144 762 3219 Ign
769 3145 945 3215 atius,
957 3144 1256 3215 IrenaeuS,
1271 3147 1652 3223 Epiphanius,

374 3231 675 3309 Origenes,
689 3233 1008 3309 Gregorius
1024 3235 1655 3312 nazianzenusfirego-

373 3321 501 3378 rius
517 3339 830 3396 nyssenae,
850 3322 1319 3398 chrysostomus,
1342 3325 1653 3395 Eusebius,

371 3408 793 3479 Theodoram,
857 3409 1163 3487 Evagrius,
1235 3413 1652 3484 DamascenuS,

373 3497 741 3572 Nicephorus
774 3501 880 3557 etc.
913 3500 1160 3575 ejusque
1192 3500 1253 3557 in
1276 3502 1488 3560 horum
1511 3519 1651 3578 ope-

370 3605 439 3645 ra
469 3586 913 3646 observationes
947 3588 1254 3647 doctorum
1292 3595 1652 3650 commenta-

370 3674 595 3734 riorum
642 3675 766 3735 loco
811 3695 981 3752 saepe
1026 3696 1152 3737 esse
1184 3682 1453 3752 possunt.
1490 3679 1650 3755 ,Op-

369 3765 617 3822 tandum
649 3770 826 3833 esset,
861 3765 1063 3840 inquit
1097 3766 1559 3850 Ziegelbauer4),
1580 3772 1652 3826 ut

447 4028 482 4087 1)
509 4021 640 4076 Alia
680 4022 935 4092 ejusdem
976 4041 1146 4093 opera
1189 4025 1260 4080 cf.
1286 4041 1377 4095 ap.
1406 4025 1650 4081 Niceron

442 4163 591 4288 ’Rucfi
617 4165 821 4219 horum
860 4164 1106 4220 indicem
1149 4185 1241 4237 ap.
1269 4168 1650 4237 Ziegelbauer,

367 4234 427 4287 in
496 4233 584 4289 ’st
612 4236 693 4290 rei
720 4236 805 4295 lit.
836 4235 900 4289 Ο.
926 4237 980 4291 S.
1006 4237 1141 4292 Ben.
1186 4258 1240 4321 p.
1267 4242 1318 4295 3.
1345 4257 1390 4293 e.
1417 4244 1469 4297 3.
1495 4250 1524 4307 ἓ
1547 4244 1647 4313 4Ο;

366 4305 609 4360 Niceten
625 4311 713 4370 22,
730 4310 834 4364 177
851 4324 923 4365 ss.
949 4307 1147 4363 Frater
1162 4309 1414 4379 ejusdem
1441 4311 1474 4364 J
1493 4328 1525 4366 o
1543 4328 1577 4363 a.
1592 4330 1649 4364 n·

365 4395 402 4429 n
421 4394 492 4431 es
517 4381 640 4431 erat
669 4378 730 4433 Ο.
760 4377 952 4432 Carth.
980 4383 1161 4452 (1580)
1201 4383 1260 4434 et
1301 4380 1541 4450 reliquit
1568 4399 1648 4435 as-

366 4448 558 4514 cetica,
584 4447 672 4503 ita
697 4452 756 4503 et
776 4449 922 4503 alter
947 4449 1418 4506 Godefredus
1444 4452 1650 4523 episco-

365 4536 468 4588 pus
495 4520 864 4574 laudunensis
893 4524 1304 4594 (1601—1602).

436 4593 479 4660 ⁸)
507 4592 810 4662 „Ouvrage
836 4592 937 4660 qui
976 4596 1094 4648 met
1127 4595 1389 4648 l’auteur
1407 4610 1480 4647 au
1507 4612 1650 4665 rang

361 4661 458 4717 dee
467 4663 739 4734 premiere
750 4663 1017 4731 critiques
1028 4664 1098 4718 de
1110 4681 1211 4718 son
1224 4664 1406 4719 siecle.
1415 4676 1440 4698 ⁶⁴
1456 4666 1646 4737 Biogr.

363 4733 601 4790 univers.
626 4739 682 4799 4,
705 4737 831 4792 495.

433 4809 476 4872 ⁴)
503 4805 562 4859 L.
590 4824 635 4859 c.
662 4824 720 4875 p.
746 4811 797 4861 4.
825 4822 870 4860 c.
897 4810 948 4863 1.
973 4809 1102 4861 sect.
1129 4812 1180 4863 2.

573 4904 770 4961 Hurter,
810 4903 1145 4952 Nomenclator
1178 4906 1260 4951 111.
1287 4905 1365 4951 ed.
1393 4906 1442 4953 3.

1728 645 1862 685 cum
1909 628 2036 686 viro
2080 628 2509 686 modestissimo
2557 629 2664 687 hoc
2708 630 3005 689 scribendi

1726 734 1917 792 genus
1936 717 2212 775 nonnihil
2232 716 2420 776 fastus
2437 721 2500 775 et
2531 717 2832 793 supercilii
2857 719 3000 777 sub-

1726 805 1901 874 olere,
1952 805 2199 882 ipseque
2250 806 2392 865 adeo
2442 805 2556 865 sibi
2602 810 3002 880 correctorem,

1726 893 2119 954 aristarchum
2135 897 2196 953 et
2215 911 2487 953 severum
2508 913 2805 954 censorem
2829 915 3003 973 agere

1725 982 2044 1054 videretur,
2093 1002 2333 1042 manum
2378 984 2450 1042 de
2500 984 2705 1042 tabula
2736 986 3001 1055 sustulit,

1724 1089 1789 1129 ac
1823 1090 1991 1146 opus,
2027 1072 2185 1147 quod
2216 1072 2437 1148 alioqui
2482 1073 2604 1131 fere
2644 1072 2708 1130 in
2752 1073 3002 1132 immen-

1724 1178 1855 1218 sum
1919 1162 2264 1237 protrahere
2312 1163 2561 1236 poterat,
2611 1161 2994 1220 intermisit.‘

1723 1248 1928 1308 Edidit
1973 1268 2209 1326 quoque
2241 1268 2288 1308 s.
2327 1250 2596 1327 Greyorii
2642 1250 3005 1309 Nazianzeni

1723 1355 1902 1411 opera
1933 1342 2146 1412 omnia,
2180 1357 2331 1416 quae
2350 1339 2589 1413 quidem
2610 1341 2859 1410 exstant,
2883 1359 3005 1399 una

1722 1442 1856 1485 cum
1890 1428 1942 1486 N
1959 1428 1981 1485 i
1996 1446 2025 1486 c
2042 1446 2072 1485 e
2088 1432 2115 1486 t
2130 1448 2209 1487 ae
2231 1427 2460 1487 Seronii
2481 1428 2918 1487 commentariis
2940 1429 3000 1487 in

1731 1526 1751 1575 l
1769 1525 1803 1578 6
1830 1517 2212 1593 panegyricas
2227 1520 2392 1586 orat„
2409 1516 2651 1575 intextis
2666 1518 2845 1575 etiam
2865 1518 3000 1592 qui-

1722 1603 1972 1663 busdam
2005 1606 2052 1663 P
2068 1624 2095 1664 s
2112 1605 2252 1665 elli
2284 1605 2759 1664 enarrationibus
2780 1606 2843 1664 in
2863 1606 3001 1665 obs·

1720 1693 1950 1752 curiora
1981 1695 2108 1754 loca
2136 1695 2212 1757 11.
2244 1713 2326 1753 or.
2359 1693 2432 1752 de
2463 1695 2762 1769 paschate,
2803 1696 3002 1754 omnia

1719 1781 1907 1841 latine
1939 1783 2094 1842 facta
2140 1783 2498 1857 scholiisque
2544 1782 2808 1859 ejusdem
2855 1783 2999 1841 illu-

1719 1875 1926 1940 strata,
1958 1872 2200 1932 Parisiis
2250 1873 2312 1931 in
2352 1871 2390 1930 f.
2431 1882 2615 1935 1569.
2666 1872 2812 1931 Cum
2862 1891 3001 1930 vero

1718 1959 1908 2034 prima
1938 1961 2078 2020 haec
2097 1962 2280 2021 editio
2299 1960 2563 2020 numeris
2584 1961 2860 2020 omnibus
2878 1979 3000 2020 non

1717 2051 1870 2107 esset
1916 2049 2206 2121 absoluta,
2251 2049 2422 2110 alteri
2455 2049 2627 2124 eique
2660 2049 2999 2125 perfectiori

1715 2136 2087 2197 adornandae
2124 2139 2342 2197 Billius
2388 2156 2450 2196 se
2494 2138 2767 2208 accinxit,
2815 2157 2997 2214 quam

1716 2230 1907 2284 morte
1923 2231 2280 2302 praeventus
2297 2227 2602 2286 absolvere
2613 2226 2770 2286 haud
2781 2227 2995 2301 potuit.

1717 2315 1808 2372 Ab
1830 2315 2020 2390 ipsius
2052 2316 2223 2375 obitu
2244 2316 2549 2374 Gilbertus
2571 2315 2620 2373 G
2639 2334 2670 2373 e
2687 2333 2772 2374 ne
2788 2314 2826 2372 b
2841 2335 2873 2373 r
2887 2335 2921 2372 a
2937 2334 2996 2372 r-

1715 2401 2124 2464 dusetJoan.
2147 2398 2642 2484 chatardus1)
2662 2421 2995 2479 supremam

1715 2491 1769 2550 ei
1802 2512 2043 2552 manum
2076 2494 2505 2570 imposuerunt,
2527 2495 2590 2551 et
2608 2492 2721 2550 sub
2742 2492 2849 2550 hac
2869 2492 2992 2568 epi-

1714 2583 1940 2658 graphe
1971 2583 2035 2642 in
2069 2584 2260 2642 lucem
2292 2582 2592 2660 publicam
2636 2582 2995 2640 emiserunt:

1715 2671 1774 2729 S.
1811 2671 2080 2748 Greyorii
2110 2674 2258 2735 Naz.
2291 2692 2468 2753 opera
2487 2673 2703 2745 omnia,
2724 2690 2874 2746 quae
2894 2690 2991 2729 ex-

1713 2762 1896 2830 stant,
1944 2780 2103 2819 nunc
2151 2762 2411 2838 primum
2472 2763 2720 2837 propter
2780 2778 2994 2818 novam

1710 2848 2104 2924 plurimorum
2150 2838 2440 2910 librorum
2495 2849 2886 2909 accessionem
2929 2848 2994 2905 in

1716 2946 1750 2998 2
1786 2940 1830 2995 t.
1863 2936 2162 3008 distincta,
2198 2957 2331 2998 cum
2364 2938 2721 2997 doctissimis
2754 2956 2991 3013 graeco-

1711 3044 1846 3083 rum
1877 3026 2117 3085 Nicetae
2166 3027 2470 3097 Seronii,
2517 3026 2773 3094 Pselli,
2809 3025 2991 3083 Non-

1711 3114 1788 3172 ni
1837 3117 1899 3173 et
1942 3114 2161 3174 Eliae
2206 3117 2494 3176 cretensis
2539 3113 2989 3183 commentariis,

1711 3203 1955 3262 Parisiis
1997 3214 2160 3267 1583
2185 3205 2248 3263 in
2267 3205 2305 3262 f.
2328 3204 2524 3264 Vertit
2555 3222 2790 3280 quoque
2811 3221 2991 3277 quae·

1713 3292 1846 3350 dam
1878 3311 1946 3350 ex
1980 3293 2210 3351 Irenaei
2243 3313 2335 3369 op.
2370 3291 2435 3370 (l.
2477 3305 2527 3356 1.
2562 3311 2609 3351 c.
2651 3287 2888 3369 l—le)
2929 3290 2992 3348 in

1710 3379 1798 3439 ed.
1831 3380 2314 3452 Fenardentii,
2336 3381 2409 3440 de
2429 3402 2547 3457 qua
2584 3382 2754 3444 infra.
2801 3378 2989 3451 Opus·

1711 3470 1845 3527 cula
1891 3471 2179 3529 nonnulla
2222 3471 2412 3528 edidit
2455 3470 2623 3533 Joan.
2671 3470 2989 3542 Chryso·

1709 3560 1961 3628 atomi,
2025 3577 2202 3632 opera
2260 3559 2586 3618 Joannis
2646 3555 2990 3616 Damasceni

1709 3647 1929 3722 partim
1960 3648 2163 3717 latine,
2204 3648 2422 3723 partim
2454 3648 2640 3706 latine
2671 3649 2732 3705 et
2761 3662 2989 3723 graece,

1708 3735 1952 3794 Parisiis
2007 3744 2170 3798 1577
2222 3736 2286 3794 in
2317 3736 2355 3793 f.
2392 3732 2536 3818 (non
2568 3736 2698 3795 sine
2729 3733 2989 3794 auctario

1706 3842 1918 3883 recusa
1960 3835 2154 3895 16033
2210 3834 2373 3888 1612
2408 3828 2651 3883 curante
2692 3824 2989 3883 Frontone

1709 3908 1985 3993 Ducaeo),
2033 3917 2093 3972 et
2122 3914 2497 3988 epistolarum
2540 3913 2832 3972 Isidori
2877 3910 2988 3967 Pe-

1706 4001 1963 4060 lusiotae
1995 4002 2056 4061 ll.
2094 4013 2148 4071 3,
2182 4021 2386 4080 graece
2417 4005 2478 4061 et
2508 4002 2692 4061 latine
2711 4001 2790 4064 ib.
2817 4008 2983 4065 1585

1706 4090 1769 4148 in
1802 4090 1859 4159 f.,
1893 4090 2116 4165 quibus
2148 4091 2358 4150 deinde
2391 4092 2510 4151 duo
2544 4091 2647 4149 alii
2677 4091 2740 4154 11.
2774 4089 2988 4167 adjecti

1705 4179 1885 4237 fuere.
1917 4179 2086 4237 Billii
2118 4180 2415 4240 versiones
2446 4180 2775 4256 generatim
2808 4178 2988 4239 aesti-

1707 4269 1966 4336 mantur,
2017 4288 2157 4327 nam
2183 4270 2356 4343 juxta
2388 4268 2675 4328 Huetium
2706 4268 2778 4327 de
2811 4265 2987 4326 claris

1704 4356 1955 4431 interpr.
1984 4357 2219 4423 ,verbis
2239 4358 2486 4433 paribus
2505 4357 2827 4416 sententias
2848 4356 2985 4430 apte

1704 4448 1767 4503 et
1818 4445 2071 4504 fideliter
2120 4446 2594 4522 comprehendit;
2646 4444 2785 4503 stilo
2830 4444 2988 4504 certe

1781 4671 1822 4739 ¹)
1851 4668 1957 4722 Hic
2007 4670 2180 4723 etiam
2229 4670 2354 4738 ejus
2400 4669 2577 4723 vitam
2639 4668 2986 4737 conscripsit,

1702 4741 2186 4867 gpffieaepefitur
2227 4740 2288 4793 iu
2330 4740 2518 4808 Migne
2558 4740 2616 4795 P.
2658 4742 2724 4794 G.
2762 4738 2986 4804 XXXV,

2598 4904 2666 4954 10
