3625 5193
570 277 706 334 395:

871 262 1237 318 1601—1620.
1269 257 1580 329 Theologia
1605 258 1774 319 schol.
1802 259 1865 314 in
1891 258 2050 328 Hisp.
2078 257 2337 322 Caluam,
2363 256 2568 321 Curiel,
2595 256 2663 311 de
2689 255 2870 322 Rada,

3062 274 3190 327 396

565 446 676 505 bili
709 445 835 503 viro
854 445 965 503 ΕΒ.
988 446 1048 503 Ρ.
1071 445 1351 522 Magistro
1382 463 1490 509 suo
1511 445 1697 513 Petro.
1713 445 1848 506 Cor·
1906 449 2223 507 navarunt.
2243 444 2459 504 Omnes
2477 447 2621 503 sunt
2636 462 2704 501 ex
2726 442 2929 502 ordine
2950 460 2996 504 s.
3011 442 3190 502 Fran-

566 536 698 611 nejo
721 533 960 595 Carmel.
992 533 1158 593 felice
1190 534 1385 596 omine
1408 536 1573 604 ,nat0,
1608 534 1711 593 sed
1742 535 1851 592 im·
1909 534 2087 597 cisci:¹
2110 534 2367 593 Joannes
2400 534 2472 593 de
2495 532 2540 591 Ο
2563 552 2595 591 v
2614 532 2805 593 ando
2835 531 3190 601 Cacarensis,

566 624 723 683 mani
769 626 1024 699 Atropos
1069 622 1368 682 infelicius
1414 642 1533 681 non
1581 622 1708 681 sine
1758 623 1851 681 in·
1889 624 2014 699 ¹qui
2059 626 2373 699 postquam
2419 623 2591 683 annis
2642 621 2854 681 multis
2904 620 3199 697 praelegit

565 713 730 790 genti
755 714 992 789 jactura
1023 712 1377 788 intempeste
1418 712 1729 782 exstincto,
1763 712 1851 771 vi·
1909 712 2299 773 Salmanticae
2313 711 2688 789 theologiam,
2708 710 2946 787 scripsit
2961 705 3006 789 1)
3027 710 3191 768 Com-

564 803 788 861 tiorum
820 802 979 860 hosti
1024 802 1323 873 acerrime,
1373 802 1671 861 virtutum
1716 820 1850 876 per-

1908 803 2222 862 moratorios
2252 802 2317 860 in
2340 811 2396 865 3.
2430 801 2468 863 1.
2481 800 2952 869 Sententiarum,
2976 799 3192 861 Valen-

566 880 747 968 petuo
778 890 1027 959 custodi,
1064 891 1364 967 angelicae
1402 891 1685 966 puritatis
1718 891 1852 948 imi-
1905 892 2025 955 tiae
2065 900 2226 954 1597
2264 891 2329 950 in
2358 891 2396 953 f.
2431 923 2518 933 —
2548 889 2808 953 Joannes
2840 888 2913 949 ab
2944 890 3195 946 Incar-

565 980 763 1049 tatori,
798 998 936 1038 vero
955 979 1265 1045 literarum
1302 980 1558 1049 fulmini,
1594 980 1848 1043 salman·

565 1069 809 1133 ticensis
855 1069 1187 1138 academiae
1232 1069 1592 1144 splendifero
1627 1068 1850 1144 jubari,

565 1159 789 1234 inclyta
834 1161 1023 1216 mater
1067 1164 1372 1223 aeternum
1408 1158 1555 1228 vale,
1610 1161 1682 1216 ut
1710 1157 1851 1216 felix

566 1246 812 1325 perenni
843 1248 1007 1306 vivat
1036 1246 1340 1316 felicitate,
1389 1265 1717 1321 supernum
1748 1246 1850 1305 Jo-

566 1356 699 1397 vam
733 1341 1066 1411 precatur.‘
1103 1370 1188 1381 —-
1220 1336 1303 1394 Ex
1336 1337 1538 1395 ordine
1567 1355 1613 1397 s.
1639 1334 1850 1395 Hiero-

567 1428 724 1502 nymi
756 1425 968 1483 Petrus
1002 1426 1072 1485 de
1107 1425 1411 1484 Cabrera
1456 1424 1852 1505 Cordubensis

569 1513 818 1588 reliquit
836 1514 901 1572 in
924 1522 978 1574 2.
995 1534 1049 1589 p.
1072 1514 1127 1573 d.
1143 1514 1398 1576 Thomae
1418 1515 1853 1573 commentarios

568 1611 618 1662 et
648 1604 1062 1676 dteputationes
1109 1599 1198 1685 (in
1229 1598 1604 1684 qq.,1—16)
1637 1605 1681 1660 t.
1718 1611 1751 1663 2
1787 1602 1851 1660 in

565 1692 604 1751 f.
639 1692 942 1751 Cordubae
997 1701 1158 1755 1602
1212 1689 1314 1773 (m.
1349 1688 1492 1772 45);
1542 1693 1611 1750 de
1650 1711 1849 1750 sacra·

566 1784 769 1840 mentis
800 1784 861 1839 in
887 1800 1109 1859 ymera,
1156 1782 1225 1839 de
1255 1783 1476 1839 auxilio
1520 1783 1755 1847 praevio
1802 1789 1853 1839 et

566 1873 637 1929 de
665 1872 950 1945 baptismo
980 1870 1044 1928 in
1081 1879 1134 1933 3.
1168 1890 1224 1946 p.
1257 1871 1310 1929 d.
1346 1871 1600 1931 Thomae
1634 1866 1722 1951 (in
1754 1889 1851 1945 qq.

571 1969 781 2024 60—7
796 1955 856 2040 1)
903 1960 1353 2027 commentarios
1384 1963 1445 2025 et
1492 1958 1851 2035 disputatio-

566 2068 689 2120 nes,
725 2050 955 2108 Matriti
998 2059 1154 2113 1611
1194 2049 1259 2107 in
1296 2049 1333 2107 f.
1372 2083 1449 2093 —
1488 2047 1716 2117 Quibus
1747 2048 1850 2107 ad-

566 2138 797 2198 dendus
816 2142 911 2197 est
929 2138 967 2197 J
970 2138 1230 2197 ohannes
1248 2139 1592 2216 Alphonsus
1611 2139 1650 2197 C
1665 2138 1854 2207 uriel

569 2228 933 2288 Palentiolae
962 2228 1026 2287 in
1059 2227 1308 2287 dioecesi
1335 2228 1619 2306 burgensi
1653 2232 1850 2297 natus,

573 2356 600 2385 ,
614 2337 790 2393 quem
810 2316 1279 2383 salmanticensis
1293 2317 1585 2379 academia
1600 2321 1672 2375 ut
1689 2318 1856 2376 theo·

568 2408 838 2484 logorum
885 2425 1129 2473 suorum
1175 2407 1500 2482 principem
1537 2409 1855 2473 veneratur

568 2500 631 2554 et
660 2496 935 2555 observat
950 2491 1060 2577 ¹)ss
1113 2495 1328 2554 Omnes
1373 2497 1446 2553 ab
1491 2496 1610 2555 imo
1660 2513 1853 2569 usque

568 2586 643 2644 ad
658 2604 956 2646 summum
974 2584 1200 2643 scholae
1217 2584 1437 2660 gradus
1451 2585 1666 2655 tenuit,
1682 2585 1850 2660 plus-

568 2694 745 2749 quam
765 2682 843 2735 30
872 2689 1163 2733 annorum
1195 2674 1504 2733 intervallo
1530 2673 1850 2743 doctrinae,

568 2762 922 2821 eruditionis
942 2765 1122 2836 atque
1155 2762 1528 2821 innocentiae
1554 2780 1852 2821 commen-

567 2850 807 2909 datione
856 2849 1257 2924 principatum
1305 2869 1516 2929 gerens
1564 2851 1628 2910 in
1678 2869 1853 2927 opere

568 2939 896 3015 theologico
909 2934 978 3019 ²).
1045 2940 1231 2997 Multa
1294 2941 1535 3016 quidem
1596 2941 1850 3016 scripsit,

569 3029 758 3087 multa
788 3027 1052 3099 dictavit,
1100 3029 1161 3090 in
1185 3042 1257 3088 ‘re
1288 3031 1636 3105 praesertim
1673 3031 1850 3090 -scho-

568 3117 805 3188 lastica3
858 3116 961 3176 sed
991 3117 1151 3191 quod
1184 3117 1350 3182 dese
1382 3119 1512 3194 ipso
1543 3126 1605 3178 et
1635 3120 1850 3178 labori·

568 3207 680 3265 bus
714 3207 836 3266 suis
868 3206 1302 3267 modestissime
1336 3207 1652 3283 judicaret,
1699 3209 1852 3274 nihil

567 3314 770 3355 eorum
801 3295 1039 3373 prodire
1071 3297 1134 3355 in
1166 3297 1474 3372 publicum
1511 3298 1684 3356 vivus
1718 3317 1850 3372 per-

565 3386 746 3445 misit.
779 3386 1066 3445 Exierunt
1082 3387 1295 3462 utique
1316 3391 1447 3462 post
1481 3387 1675 3461 ipsius
1696 3405 1851 3445 mor-

564 3479 685 3534 tem
732 3472 860 3556 (28.
912 3475 1070 3552 Sept.
1129 3472 1351 3556 1609):
1414 3475 1696 3534 Lecturae
1745 3494 1853 3535 seu

566 3565 941 3640 quaestiones
990 3564 1160 3630 ind.
1207 3566 1462 3632 Thomae
1503 3567 1626 3639 ⁴Aq.
1687 3576 1739 3627 1.
1792 3575 1850 3636 2,

568 3654 749 3726 Duaci
790 3663 990 3723 16183
1036 3655 1414 3731 Antwerpiae
1455 3664 1612 3718 1621
1672 3654 1734 3712 in
1779 3655 1850 3723 f.;

565 3742 1000 3801 controversiae
1032 3744 1094 3800 in
1114 3745 1342 3802 diversa
1374 3745 1496 3802 loca
1516 3763 1560 3805 8.
1585 3742 1851 3817 Scriptu-

565 3850 669 3889 rae
700 3831 761 3888 ll.
799 3838 855 3898 2,
902 3848 1155 3905 quorum
1190 3833 1349 3908 prior
1388 3835 1482 3890 est
1524 3832 1587 3890 in
1620 3833 1855 3908 aliquot

564 3919 1019 3979 Proverbiorum
1065 3925 1126 3978 et
1156 3920 1508 3995 Sapientiae,
1560 3923 1853 3996 posterior

565 4009 627 4065 in
675 4006 964 4083 quaedam
1009 4008 1183 4072 Pauli
1236 4017 1296 4069 et
1336 4011 1501 4069 Petri
1549 4015 1735 4085 apost.
1782 4029 1852 4069 ex

566 4096 836 4170 epistolis
883 4097 1026 4166 loca,
1074 4099 1461 4159 Salmanticae
1505 4109 1659 4161 1611
1716 4101 1778 4159 in
1811 4098 1848 4157 f.

574 4320 585 4328 -
663 4285 804 4337 170.
837 4249 1187 4351 Sequuntur
1202 4243 1316 4346 illi,
1341 4278 1530 4352 quiin
1550 4296 1849 4353 exponen-

568 4364 660 4432 dis
696 4364 1124 4424 Sententiarum
1167 4367 1332 4424 libris
1372 4366 1724 4442 praesertim
1761 4384 1851 4426 se-

569 4452 828 4511 cundum
862 4453 1020 4512 Scoti
1053 4461 1311 4513 mentem
1344 4474 1580 4541 operam
1600 4456 1852 4542 ⁶utiliter

647 4681 681 4744 ¹)
721 4675 1037 4747 Dechamps
1080 4650 1171 4732 de.
1193 4678 1408 4736 haeresi
1446 4679 1671 4750 jansen.
1686 4655 1695 4716 s
1716 4681 1753 4734 l.
1798 4686 1850 4739 2,.

566 4747 711 4817 disp.-
736 4752 787 4804 6.
815 4765 858 4802 c.
885 4751 936 4806 8.
964 4766 1019 4801 n.
1046 4753 1096 4806 ὃ.
1306 4761 1309 4768 “

645 4826 681 4884 ²)
708 4819 831 4874 Nic.
862 4821 1139 4874 Antonius
1166 4819 1302 4877 bibl.
1334 4822 1387 4874 h.
1415 4841 1468 4878 n.
1497 4823 1537 4886 l,
1564 4827 1686 4883 631.

1908 981 2241 1050 natione,
2292 980 2638 1048 Lusitanus,
2687 977 3108 1037 dearticulavit
3153 977 3192 1034 1.

1908 1071 2167 1146 primum
2188 1069 2226 1127 S
2240 1088 2270 1129 c
2288 1069 2401 1133 osci
2422 1071 2485 1126 in
2501 1068 2841 1138 Sententia&
2864 1068 3194 1143 praemissa

1908 1158 2172 1235 ejusdem
2188 1158 2346 1218 Scoti
2377 1158 2503 1217 vita
2521 1176 2655 1216 cum
2689 1155 3191 1227 annotationibus,

1909 1247 2336 1308 Conimbriciae
2439 1257 2622 1311 1609.
2705 1279 2788 1292 —-·
2871 1245 3194 1321 Gregorius

1907 1332 2228 1417 Ruitz2),
2280 1336 2612 1406 PincianuS,
2664 1334 2897 1395 emisit:
2953 1334 3196 1395 Contro-

1907 1428 2128 1485 versiae
2157 1426 2492 1504 theoloyicao
2522 1426 2585 1483 in
2609 1425 2724 1486 4.1-.
2759 1423 3196 1483 sententiarum

1909 1515 2065 1575 Scoti
2114 1534 2309 1591 usque
2357 1516 2427 1575 ad
2473 1524 2583 1579 50.
2633 1513 2767 1573 dist.
2792 1557 2805 1583 ,
2870 1512 3201 1588 praemissa

1909 1605 2174 1679 ejusdem
2223 1603 2478 1668 doctoris
2529 1603 2765 1663 subtilis
2815 1602 2953 1672 vita,
3007 1600 3196 1659 Valli·

1909 1694 2084 1753 soleti
2123 1702 2287 1756 1613
2331 1693 2396 1750 in
2426 1693 2465 1751 f.
2498 1694 2559 1751 et
2597 1700 2782 1755 1643.
2816 1725 2900 1735 —
2934 1690 3198 1750 Joannes

1909 1781 2074 1863 (olim
2091 1777 2469 1863 Franciscus)
2505 1781 2591 1840 de
2625 1781 2830 1852 Rada,
2851 1782 3196 1856 Aragonen-

1909 1873 2008 1943 sis,
2043 1890 2232 1948 usque
2262 1871 2406 1931 adeo
2439 1872 2667 1930 celeber
2697 1869 3025 1945 theologiae
3056 1886 3194 1943 pro-

1908 1962 2109 2031 fessor,
2143 1964 2215 2019 ut
2232 1976 2267 2021 a
2287 1960 2587 2021 Clemente
2607 1959 2765 2023 VIII.
2785 1960 3029 2018 Romam
3055 1975 3197 2017 evo-

1909 2054 2075 2111 catus
2107 2050 2185 2110 sit
2215 2052 2278 2110 et
2320 2049 2658 2125 adscriptus
2690 2050 2850 2108 inter
2894 2046 3194 2106 consulto-

1907 2160 2003 2199 res
2035 2140 2381 2216 praecipuos
2412 2139 2668 2199 delectos
2699 2157 2804 2215 pro
2846 2135 3197 2214 gravissima

1908 2230 2014 2291 illa
2062 2230 2133 2288 de
2189 2228 2415 2307 gratiae
2464 2227 2720 2290 ‘auxiliis
2782 2225 3195 2292 controversia.

1910 2318 2156 2378 Exstitit
2216 2318 2377 2381 enim
2423 2317 2512 2377 illi
2558 2317 2805 2392 ejusque
2869 2315 3196 2381 successori

1908 2408 2093 2466 Paulo
2124 2406 2192 2466 V.
2224 2411 2433 2484 gratus
2474 2405 2644 2465 valde
2689 2405 3007 2471 doctrinae,
3055 2403 3197 2462 sub-

1908 2496 2033 2557 tilis
2095 2495 2406 2559 admodum
2467 2495 2714 2572 ingenii,
2765 2492 3088 2553 modestiae
3136 2498 3202 2552 et

1908 2586 2223 2663 gravitatis
2245 2580 2564 2667 nominess).
2597 2584 2839 2649 Electus
2871 2583 2988 2642 fuit
3027 2592 3192 2647 1605

1908 2675 2387 2752 archiepiscopus
2448 2674 2779 2744 tranensis3
2850 2683 3015 2736 1606
3073 2674 3197 2749 epi-

1909 2782 2121 2840 scopus
2153 2764 2448 2839 pactensis
2481 2764 2542 2823 in
2563 2763 2790 2832 Sicilia;
2823 2761 2976 2822 obiit
3015 2770 3191 2826 1608.

1909 2853 2114 2912 Edidit
2145 2853 2575 2913 Controversias
2604 2853 2943 2929 theozoyicas
2972 2852 3132 2911 inter
3149 2869 3190 2909 s.

1908 2943 2188 3004 'rhomam
2221 2946 2284 3001 et
2302 2942 2542 3002 Scotum
2574 2961 2752 3018 super
2785 2951 2822 3004 4
2856 2941 2915 2999 11.
2951 2943 3199 3002 Senten-

1907 3032 2146 3102 tiarum,
2184 3031 2575 3091 Salmanticae
2605 3036 2648 3089 t.
2673 3041 2706 3094 2
2741 3031 2895 3102 inf.;
2930 3030 3196 3089 Venetiis

1911 3130 2114 3190 {5993
2171 3131 2330 3184 1617
2367 3141 2420 3180 v.
2458 3121 2590 3183 sin
2625 3130 2681 3182 4.
2728 3116 2824 3202 (fr.
2863 3115 2988 3199 so),
3043 3136 3195 3192 quae

1908 3209 1995 3269 ed.
2018 3209 2236 3270 dicitur
2256 3210 2381 3270 sola
2401 3211 2691 3285 completa
2711 3228 2895 3284 eaque
2919 3210 3007 3266 est
3025 3225 3154 3263 rara
3176 3226 3190 3273 ;

1908 3299 2123 3358 Romae
2161 3309 2359 3370 16143
2410 3299 2678 3360 Coloniae
2718 3307 2882 3362 1620
2925 3299 2983 3354 et
3027 3293 3189 3364 alibi,

1909 3388 1971 3446 in
2003 3388 2220 3464 quibus
2253 3391 2591 3465 pugnantes
2629 3388 2956 3448 sententiae
3000 3384 3192 3443 sobrie

1908 3477 1969 3534 et
1998 3483 2204 3553 pacate
2236 3477 2595 3547 referuntur,
2646 3476 2903 3553 potiores
2935 3473 3187 3533 difficul-

1910 3569 2062 3628 tates
2113 3566 2491 3627 elucidantur
2540 3571 2603 3630 et
2661 3565 3072 3644 responsiones
3118 3562 3193 3620 ad

1912 3654 2428 3732 Scotiargumenta
2441 3655 2813 3732 rejiciuntur.
2827 3688 2914 3698 -
2927 3652 3194 3728 Denique

1910 3744 2172 3803 Joannes
2206 3745 2277 3804 de
2310 3744 2797 3822 Carthagena
2827 3744 2996 3820 prius
3032 3747 3085 3805 S.
3119 3743 3194 3812 J„

1910 3833 2046 3892 dein
2079 3832 2141 3891 O.
2165 3834 2304 3892 Min.
2338 3853 2460 3910 reg.
2482 3833 2606 3896 obs.
2643 3830 2704 3917 (†
2734 3829 2944 3912 1617),
2983 3833 3199 3891 Romae

1911 3923 2144 3997 publice
2165 3923 2516 4000 theologiam
2532 3941 2747 4000 magno
2763 3921 3197 3996 discipulorum

1909 4011 2177 4086 profectu
2227 4012 2547 4090 praelegit;
2610 4012 2793 4070 Paulo
2839 4009 2905 4069 V.
2957 4026 3199 4083 quoque

1909 4118 2136 4160 summe
2168 4118 2340 4162 carus
2372 4105 2617 4177 propter
2635 4098 2837 4176 gravia
2867 4103 2928 4156 et
2959 4097 3199 4157 erudita

1909 4189 1969 4248 in
2002 4189 2181 4249 rebus
2214 4190 2562 4267 theologicis
2593 4184 2954 4268 responsa4).
2991 4187 3197 4247 Praelo

1908 4468 1940 4521 J
1986 4399 2023 4467 ι)
2054 4395 2198 4521 Alia&
2209 4396 2658 4526 e{usdenlx[otl›g;a
2677 4397 2746 4450 cf.
2771 4395 2835 4450 in
2854 4396 2987 4450 bibl.
3016 4396 3191 4449 franc.

1944 4485 1991 4521 o.
2019 4484 2053 4520 a
2079 4485 2120 4521 S.
2201 4485 2239 4520 n
2270 4484 2401 4522 omo
2485 4508 2497 4532 ,
2633 4509 2645 4521 .

1986 4547 2024 4605 1’)
2053 4538 2215 4593 Alius
2257 4543 2341 4593 est
2381 4555 2414 4592 a
2440 4539 2844 4594 Francisco
2883 4537 3080 4600 Bais,
3122 4536 3193 4591 de

1905 4626 2022 4677 quo
2049 4611 2122 4665 cf.
2148 4610 2243 4673 11⁸,
2272 4615 2426 4667 1478.
2608 4659 2615 4668 .
2749 4663 2754 4666 ,

1906 4720 1914 4726 -
1957 4687 2023 4748 ⁴²³)
2051 4681 2237 4738 Nicol.
2265 4681 2549 4738 Antonius
2577 4682 2769 4744 1,·765.

1979 4757 2026 4823 ⁴)
2051 4753 2136 4806 Cf.
2162 4754 2324 4808 Joan.
2352 4770 2386 4808 a
2411 4771 2452 4806 s.
2474 4753 2730 4810 Antonio⁴
2749 4753 2816 4813 ΙΙ,
2839 4755 2959 4811 143.
2985 4751 3199 4808 Distin-

1907 4825 2004 4893 gui
2045 4825 2294 4878 Joannes
2331 4824 2500 4879 debet
2539 4840 2573 4877 a
2609 4824 2654 4877 B
2670 4841 2704 4878 a
2720 4823 2923 4880 rthol
2945 4842 3048 4882 om
3067 4839 3198 4880 aec
