3625 5193
572 238 687 292 751
879 225 1251 279 1621—1640.
1275 220 1586 290 Theologia
1613 221 1725 291 pol.
1750 221 1812 275 in
1840 221 2067 291 Anglia.
2095 220 2289 288 Leech,
2316 220 2591 289 Mayhew,
2617 221 2847 291 Bishop‚
3071 225 3105 294 ¹7
3119 241 3196 293 52

569 409 660 464 est
691 406 982 484 singulari
1014 406 1274 475 solertia,
1309 406 1538 481 optima
1558 406 1873 479 methodo,
1914 408 2102 466 ctatui
2151 408 2308 467 Guil.
2359 407 2407 465 G
2426 426 2510 465 ra
2530 425 2558 466 s
2577 407 2616 465 h
2637 428 2745 466 aw
2806 408 2880 467 de
2942 410 3200 468 romanis

570 495 710 553 stilo
742 495 937 554 sobrio
969 497 1029 553 et
1059 497 1388 570 temperato
1421 495 1856 554 concinnatum.
1913 497 2271 573 scriptorum
2303 495 2922 576 adulterationibus1).
2945 531 3030 542 -
3049 499 3199 557 Her-

580 584 695 641 The
744 583 1006 662 Liturqie
1055 585 1126 656 of
1164 585 1251 642 the
1299 584 1519 656 Masso,
1580 585 1855 643 Coloniae
1908 585 2044 644 bert
2076 586 2298 645 Crost
2327 584 2421 643 vir
2451 585 2670 644 nobilis
2703 605 2752 644 a.
2779 595 2859 650 52
2892 590 3071 646 natus
3102 607 3200 647 re-

572 681 760 744 1620,
808 672 872 731 in
913 691 1031 748 quo
1078 673 1294 731 realem
1342 673 1604 749 corporis
1638 673 1856 732 Christi
1909 674 2027 733 diit
2059 674 2134 733 ad
2165 673 2491 733 Ecclesiam
2536 675 2904 747 catholicam,
2957 676 3076 735 imo
3107 678 3198 735 in·

565 762 630 819 in
650 762 1009 821 eucharistia
1025 761 1245 838 probat
1263 763 1678 838 praesentiam,
1711 762 1853 821 mis·
1908 782 2147 840 gressus
2179 766 2272 822 est
2303 762 2567 822 ordinem
2602 782 2645 822 s.
2668 763 2977 823 Benedicti
3009 763 3071 844 (†
3102 776 3197 828 10.
3305 840 3308 843 ,

566 868 689 908 sam
737 868 866 909 esse
910 869 1121 909 verum
1169 850 1539 920 sacrificium,
1589 866 1853 910 commu·
1908 853 2050 929 Apr.
2090 848 2289 934 1622)
2323 852 2617 929 editisque
2656 854 2854 912 tribus
2896 855 3198 929 opusculis

564 938 801 997 nionem
835 939 947 998 sub
980 959 1098 998 una
1120 939 1389 998 sufficere
1418 942 1626 1016 specie,
1661 958 1853 999 caere·
1911 935 2282 1022 (rarissimis)
2316 941 2613 1011 inclaruit,
2664 961 2814 1017 quae
2844 942 3199 1018 prodierunt

564 1028 792 1088 monias
842 1028 1013 1087 modo
1073 1027 1372 1088 adhibitas
1421 1048 1491 1087 ex
1552 1028 1856 1104 primitiva
1907 1030 2095 1089 Duaci
2132 1041 2319 1096 1619.
2373 1031 2436 1090 in
2468 1031 2689 1106 quibus
2734 1031 2997 1090 ostendit
3040 1033 3194 1092 veri·

571 1116 831 1177 derivari
863 1116 1205 1176 traditione.
1257 1117 1345 1177 St.
1379 1116 1720 1195 Aaqustin’s
1739 1118 1853 1176 Re-
1906 1123 2097 1177 tatem
2159 1119 2457 1178 Ecclesiae
2521 1120 2837 1180 catholicae
2908 1139 3197 1197 suamque

568 1207 743 1284 liyion
774 1206 1054 1265 collected
1085 1206 1238 1265 from
1257 1207 1348 1265 his
1370 1225 1504 1265 own
1520 1206 1850 1283 Writings',
1908 1227 2151 1268 uxorem
2196 1208 2477 1267 inducere
2523 1209 2759 1279 nititur,
2807 1212 2879 1267 ut
2919 1210 2992 1268 ad
3037 1211 3197 1269 illam

572 1304 757 1358 1620.
791 1296 1043 1354 Luthers
1062 1295 1198 1369 Life
1227 1295 1510 1355 collected
1540 1296 1692 1354 from
1708 1295 1853 1355 Pro·
1907 1297 2039 1373 ipsa
2069 1297 2287 1356 redeat.
2321 1330 2407 1340 -
2440 1298 2771 1356 Guilelmus
2817 1299 2998 1357 Bish
3017 1315 3104 1375 op
3139 1318 3195 1358 n.

564 1387 822 1443 testants
856 1387 983 1453 etc.‚
1019 1383 1102 1442 St.
1125 1384 1300 1443 Omer
1327 1392 1513 1447 1624.
1545 1418 1633 1430 —-
1663 1385 1853 1444 Hum-
1911 1386 2062 1445 circa
2092 1406 2143 1444 a.
2173 1395 2336 1450 1553
2373 1386 2615 1446 enobili
2647 1390 2709 1445 et
2727 1390 2967 1447 vetusta
2996 1407 3195 1463 prosa-

567 1471 772 1531 fredus
818 1473 1057 1532 Leech
1096 1473 1322 1531 relictis
1385 1473 1854 1550 Anglicanorum
1908 1475 2026 1551 pia,
2073 1474 2146 1533 ad
2192 1475 2648 1551 promovendam
2694 1475 2826 1534 fidei
2875 1477 3196 1537 catholicae

568 1562 776 1619 castris
837 1561 910 1619 ad
972 1561 1292 1620 Ecclesiam
1363 1562 1544 1620 rediit
1605 1561 1853 1620 catholi-
1912 1563 1976 1622 in
2017 1564 2239 1641 Anglia
2282 1583 2519 1623 causam
2565 1583 2627 1623 se
2672 1564 2944 1640 adjunxit
2990 1565 3196 1624 inclito

566 1668 708 1708 cam.
742 1648 1117 1720 Occasionem
1135 1650 1412 1726 praebuit
1442 1668 1648 1722 sermo,
1678 1669 1854 1726 quem
1910 1652 2065 1712 Guil.
2087 1653 2275 1712 Allen.
2310 1653 2380 1712 In
2398 1653 2653 1729 patriam
2671 1654 2889 1712 missus
2921 1654 2983 1711 in
3002 1656 3195 1730 primo

566 1738 776 1797 Oxonii
821 1739 1033 1798 habuit
1074 1748 1237 1802 1608
1272 1738 1345 1798 de
1378 1740 1635 1799 consiliis
1676 1758 1853 1798 evan·
1912 1744 2170 1818 appulsu
2216 1742 2332 1801 fuit
2371 1745 2580 1818 captus
2615 1737 2861 1823 (1582),
2908 1743 2971 1802 in
3002 1761 3195 1803 carce-

564 1827 785 1904 gelicis‚
835 1831 895 1886 et
939 1832 1186 1903 propter
1231 1846 1408 1903 quem
1458 1828 1576 1888 fuit
1620 1828 1854 1887 delatus
1910 1850 2034 1890 rem
2056 1833 2359 1908 conjectus
2391 1834 2453 1890 et
2482 1835 2622 1907 post
2640 1831 2973 1890 triennium
3005 1834 3065 1890 in
3097 1852 3194 1890 ex-

564 1916 722 1992 apud
784 1917 1287 1994 archiepiscopum
1364 1918 1853 1977 cantuariensem.
1911 1919 2114 1978 silium
2144 1920 2462 1997 relegatus.
2522 1920 2767 1979 Parisiis
2800 1921 3072 1980 substitit
3104 1927 3194 1980 at·
3292 1933 3295 1936 “

564 2005 731 2081 Fuga
763 2006 1069 2064 consuluit
1100 2024 1241 2064 suae
1269 2005 1466 2076 saluti,
1501 2024 1728 2065 errores
1749 2006 1851 2065 ab·
1910 2028 2025 2084 que
2045 2009 2261 2067 studiis
2276 2008 2628 2085 theologicis
2643 2009 2865 2067 iterum
2884 2027 3097 2069 vacans
3131 2011 3193 2068 in

558 2093 789 2170 juravit
824 2103 1004 2170 atque
1034 2095 1253 2155 Romae
1291 2094 1602 2154 ordinatus
1634 2099 1727 2155 est
1758 2114 1852 2154 sa·
1911 2098 2175 2157 Sorbona
2218 2098 2425 2157 doctor
2472 2101 2721 2157 creatur.
2782 2097 3193 2158 Missionarius

564 2179 1030 2265 cerdos(1612).
1052 2184 1486 2243 Missionarium
1503 2185 1626 2261 egit
1640 2184 1854 2243 deinde
1908 2187 1971 2245 in
2019 2188 2272 2262 patriam
2316 2187 2511 2256 rediit,
2563 2187 2782 2246 iterum
2828 2187 3078 2264 capitur,
3129 2189 3194 2247 in

561 2272 628 2330 in
659 2272 876 2349 Anglia
923 2271 983 2354 (†
1033 2268 1244 2355 1629).
1295 2274 1606 2332 Rationem
1654 2272 1856 2332 reddit
1909 2275 2151 2335 vincula
2169 2276 2501 2352 conjicitur,
2535 2276 2784 2352 pellitur
2813 2276 2878 2334 in
2902 2277 3192 2337 exsilium.

565 2379 705 2420 suae
750 2362 1150 2421 conversionis
1198 2363 1261 2420 in
1313 2363 1351 2420 1.
1383 2365 1438 2421 Α
1479 2362 1761 2436 Triumph
1792 2365 1853 2436 os
1908 2365 1959 2423 A
1992 2367 2150 2423 clero
2181 2365 2423 2424 Romam
2470 2365 2740 2424 mittitur
2784 2364 2848 2423 in
2880 2384 3056 2425 causa
3100 2386 3193 2425 ar-

570 2450 766 2520 Trana,
801 2470 869 2510 or
899 2451 1274 2511 Declaration
1306 2451 1374 2509 of
1398 2452 1674 2510 Doctrina
1700 2452 1852 2511 Con·
1907 2453 2337 2530 chipresbyteri
2369 2453 2706 2523 Blackvvell‚
2752 2456 2825 2511 ut
2865 2453 3044 2531 hujus
3090 2475 3191 2514 ur·

564 2540 812 2617 oerning
859 2539 1261 2616 Evangelicall
1313 2541 1671 2618 Counsayles
1721 2544 1849 2612 etc„
1906 2546 2076 2621 garet
2124 2542 2556 2603 revocationem
2575 2587 2588 2614 ‚
2641 2543 2742 2603 sed
2794 2543 2991 2602 minus
3042 2543 3192 2604 bene

566 2624 776 2709 (Duaci
807 2630 902 2686 vel
920 2625 1247 2709 Attrebati)
1281 2639 1469 2699 1609,
1503 2630 1607 2689 ubi
1638 2639 1709 2692 12
1746 2630 1848 2688 ad·
1907 2636 2184 2707 acceptus
2216 2631 2335 2691 fuit
2367 2652 2402 2692 a
2432 2632 2707 2708 pontifice
2727 2628 2973 2714 (1598).
3008 2632 3192 2693 Recu-

562 2718 729 2776 ducit
760 2717 1164 2777 conversionis
1201 2718 1440 2779 motiva.
1492 2718 1703 2777 Gillow
1750 2718 1850 2789 IV,
1905 2724 2107 2798 perata
2138 2721 2435 2797 pontificis
2453 2721 2647 2799 gratia
2678 2722 2896 2780 iterum
2927 2721 3102 2781 rediit
3131 2724 3191 2781 in

569 2815 690 2868 184
725 2805 907 2863 refert
951 2825 1087 2864 eum
1119 2824 1245 2864 esse
1290 2806 1622 2883 ingressum
1658 2807 1851 2867 Socie-
1906 2810 2203 2887 Angliam,
2247 2809 2349 2869 sed
2381 2810 2575 2869 denuo
2608 2810 2843 2886 capitur
2873 2815 2935 2870 et
2965 2812 3192 2889 relega-

561 2896 747 2952 tatem
777 2893 946 2963 Jesu,
999 2894 1098 2952 sed
1133 2895 1360 2953 Backer
1389 2898 1450 2954 et
1482 2896 1850 2956 Sommervo·
1907 2903 2026 2958 tur.
2089 2900 2381 2958 Defuncto
2429 2898 2718 2958 Harrison
2771 2900 2952 2959 tertio
3004 2901 3195 2960 archi-

562 2983 660 3059 gel
720 2983 848 3057 ejus
906 3001 1027 3041 non
1088 2984 1506 3046 meminerunt.
1555 3018 1642 3027 —-
1707 2986 1851 3045 Gui-
1906 2988 2255 3064 presbytero
2289 2991 2350 3046 et
2381 2988 2667 3065 abrogato
2713 2989 2823 3047 hoc
2853 3009 3099 3048 munere
3132 2992 3194 3049 in

562 3072 779 3130 lelmus
844 3072 1310 3131 Rushworth
1373 3073 1627 3150 insignis
1700 3094 1850 3149 quo·
1907 3077 2244 3153 episcopum
2296 3095 2402 3152 pro
2453 3076 2761 3136 catholicis
2793 3078 3046 3154 Angliae
3093 3079 3192 3137 de·

562 3178 679 3234 que
729 3160 846 3219 fuit
894 3161 1347 3222 mathematicus
1381 3160 1441 3244 (†
1498 3159 1711 3243 1637).
1761 3198 1850 3207 -
1908 3166 2183 3242 signatur
2216 3161 2461 3248 (1623).
2512 3166 2770 3224 Multum
2817 3167 3071 3227 contulit
3116 3167 3203 3225 ad.

561 3249 875 3308 Eduardus
920 3251 1258 3326 Mayhew
1309 3251 1371 3310 0.
1409 3252 1465 3311 S.
1498 3252 1670 3318 Ben.‚
1705 3253 1851 3312 Din-
1906 3254 2334 3314 restituendam
2395 3273 2601 3330 paoem
2650 3255 2811 3314 inter
2871 3256 3188 3315 catholicos

559 3338 710 3397 tonii
741 3340 804 3401 in
836 3340 1118 3399 comitatu
1138 3340 1501 3400 wiltoniensi
1523 3358 1643 3398 non
1675 3341 1852 3418 longe
1904 3344 2085 3402 variis
2119 3344 2534 3403 controversiis
2579 3345 2737 3402 inter
2767 3362 2829 3402 se
2871 3344 3190 3415 discordes,

562 3448 595 3486 a
616 3428 943 3488 Sariaberia
960 3429 1269 3488 nobilibus
1291 3434 1458 3489 ortus
1480 3430 1847 3505 parentibus,
1906 3431 2009 3491 sed
2028 3432 2293 3492 nondum
2328 3451 2483 3492 anno
2503 3437 2706 3491 exacto
2736 3433 2990 3492 decessit
3008 3453 3190 3509 prope

561 3518 848 3577 catholice
894 3521 954 3576 et
1000 3518 1098 3593 pie
1144 3519 1449 3588 educatus„
1519 3517 1850 3578 duodennis
1903 3521 2239 3581 Londinum
2310 3531 2407 3583 16.
2457 3524 2596 3598 Apr.
2667 3531 2851 3584 1624.
2928 3522 3190 3598 Reliquit

564 3626 599 3664 a
629 3610 797 3680 patre
850 3608 1090 3673 Remos,
1157 3608 1294 3666 inde
1344 3606 1721 3666 Virodunum
1780 3627 1848 3667 ac
1904 3610 2075 3686 plura
2123 3605 2359 3691 opera²)
2421 3610 2485 3669 in
2534 3611 2742 3686 primis
2791 3611 3074 3669 adversus
3124 3611 3186 3670 R.

561 3694 817 3770 denique
849 3696 1088 3754 Romam
1140 3695 1213 3754 ad
1245 3696 1445 3754 studia
1490 3695 1708 3755 missus
1738 3702 1847 3756 est.
1905 3698 2104 3758 Abbot
2175 3699 2655 3758 salisburiensem
2730 3700 3067 3775 episcopum
3129 3706 3190 3758 et

559 3783 774 3842 Factus
808 3785 1076 3842 sacerdos
1110 3784 1170 3841 in
1200 3785 1477 3861 Angliam
1502 3785 1707 3856 rediit,
1743 3787 1847 3844 ubi
1903 3788 2149 3846 Perkins
2179 3790 2522 3864 apostatam.
2555 3788 2759 3846 Edidit
2789 3787 3042 3848 Joannis
3062 3789 3188 3848 Pit·

561 3874 873 3945 postquam
922 3873 985 3930 in
1033 3872 1204 3931 vinea
1253 3873 1487 3932 Domini
1551 3883 1624 3935 12
1676 3875 1848 3933 annis
1904 3878 1988 3935 sei
2032 3876 2391 3937 relationum
2437 3878 2851 3936 historicarum
2885 3881 2929 3937 t.
2973 3889 3022 3941 l.
3066 3879 3186 3937 scil.

558 3978 772 4034 magna
788 3959 1098 4036 diligentia
1117 3979 1226 4019 nec
1244 3962 1469 4021 minore
1489 3982 1623 4021 cum
1643 3963 1849 4023 fructu
1902 3967 1971 4023 de
2015 3966 2334 4024 illustribus
2374 3967 2620 4044 Anyliae
2663 3968 3043 4041 scriptoribus
3088 3964 3185 4047 (cf.

558 4046 920 4118 desudasset,
972 4048 1246 4131 habitum
1294 4069 1339 4109 s.
1384 4050 1693 4110 Benedicti
1745 4071 1843 4111 su·
1903 4073 2082 4130 supra
2110 4074 2168 4130 p.
2210 4049 2380 4133 574),
2415 4055 2657 4114 Parisiis
2696 4066 2861 4117 1619
2895 4055 2959 4113 in
2981 4064 3054 4124 4.,
3090 4056 3185 4112 cui

560 4136 749 4210 scepit
780 4156 815 4195 a
845 4138 907 4195 P.
929 4136 1172 4198 Seberto
1205 4140 1381 4200 unico
1404 4144 1845 4201 westmonaste-
1901 4143 2207 4219 praemisit
2238 4143 2468 4203 doctam
2504 4144 2944 4220 praefationem.
2964 4176 3050 4186 —
3071 4143 3184 4201 Bo-

560 4224 770 4285 riensis
789 4227 1053 4286 coenobii
1076 4229 1393 4305 superstite
1409 4229 1694 4289 monacho
1714 4224 1844 4311 (21.
1900 4234 2263 4292 naventurae
2314 4232 2354 4291 J
2367 4233 2664 4292 ascanii
2727 4228 2829 4313 (al.
2878 4228 3183 4313 Jackson),

559 4314 707 4374 Nov.
762 4314 968 4397 1607).
1033 4317 1249 4376 Exacto
1298 4318 1490 4377 adhuc
1540 4319 1602 4376 in
1652 4320 1846 4393 patria
1899 4321 1965 4380 Ο.
2001 4321 2058 4378 S.
2091 4321 2183 4379 Fr.
2217 4324 2585 4381 restauratae
2618 4321 2961 4398 provinciae
2991 4323 3184 4399 angli·
3238 4372 3243 4377 .

559 4406 837 4465 sexennio
883 4406 947 4464 in
981 4406 1425 4483 Lotharingiam
1475 4426 1535 4465 se
1587 4409 1845 4467 cont-ulit
1900 4426 2076 4469 canae
2108 4410 2451 4470 diffinitoris
2497 4415 2559 4470 et
2597 4409 2911 4488 guardiani
2953 4411 3185 4488 collegii

563 4489 624 4574 (†
666 4504 757 4555 14.
810 4495 970 4571 Sept.
1030 4491 1241 4575 1625).
1308 4495 1559 4570 Scripsit
1606 4499 1844 4573 praeter
1900 4500 2229 4576 Anglorum
2291 4499 2538 4559 duaceni
2603 4496 2663 4580 (†
2734 4509 2851 4564 163
2865 4496 2928 4580 5)
2993 4504 3185 4559 exstat

557 4581 674 4640 alia
706 4584 936 4658 anglice
982 4587 1305 4643 tractatum
1340 4585 1408 4642 de
1448 4586 1845 4657 funda-mentis

557 4673 756 4727 veteris
787 4678 835 4728 et
856 4691 1029 4729 novae
1060 4674 1372 4749 reliqioni&
1406 4684 1588 4743 1608,
1622 4674 1719 4732 cui
1738 4675 1842 4733 ad·
1974 4709 1985 4742 ι
2039 4703 2125 4758 Cf·
2151 4702 2506 4774 Ziegelbauer
2530 4703 2623 4769 ΠΙ,
2651 4707 2774 4763 350·

559 4774 778 4815 nexum
812 4763 900 4817 est
945 4778 1282 4833 responsum
1329 4763 1665 4837 oppositum
1716 4767 1874 4827 tra-.
1972 4706 2015 4846 ’ζ
2041 4774 2123 4831 Cf.
2152 4774 2357 4829 Gillovv
2382 4775 2424 4839 1,
2450 4779 2715 4833 218-23.
