3625 5193
961 219 1244 289 Agostini‚
1270 218 1594 285 PalumbuS,
1625 217 1841 283 Gallus,
1870 217 2105 288 Vulpes,
2131 217 2439 287 Sghemma
2464 221 2564 272 etc.

451 237 568 290 941
2949 235 3072 289 942

449 404 545 463 sui
589 404 812 464 ordinis
858 404 1071 463 Romae
1112 413 1275 468 1629
1327 405 1735 465 conclusiones
1791 404 2050 463 variensi
2083 401 2144 486 (†
2184 399 2377 486 1644)
2424 404 2672 478 reliquit
2706 407 2748 462 t.
2785 413 2819 464 2
2858 407 2919 462 in
2953 406 3009 464 3.
3041 406 3077 467 l.

447 493 684 569 publice
716 511 851 552 cum
882 494 1104 570 plausu
1135 494 1565 570 propugnavit:
1598 493 1738 552 hinc
1791 493 1948 552 Secti
1977 492 2185 568 scripti
2230 492 2587 564 oxoniensis,
2635 493 2698 550 in
2730 511 2985 568 quorum
3024 506 3075 556 1.

447 583 782 660 magisterii
827 583 1089 642 lauream
1120 585 1214 641 est
1257 585 1612 642 consecutus
1644 585 1734 641 at-
1790 582 1917 659 agit
1936 582 2008 640 de
2027 580 2308 640 ineffabili
2328 582 2751 641 incarnationis
2771 584 3075 659 mysterio,

448 689 565 748 que
596 671 662 730 in
691 670 1045 730 bononiensi
1075 670 1387 748 gymnasio
1416 672 1734 748 primarius
1790 669 2079 747 docteque
2110 674 2545 730 commentatur
2562 674 2796 731 textum
2819 671 3078 731 doctoris

446 760 779 837 theologiae
841 760 1204 819 constitutus
1248 760 1448 819 lector.
1511 760 1735 819 Deinde
1790 759 2030 819 subtilis
2090 760 2373 835 adjiciens
2435 760 2782 821 celebriores
2842 764 3076 820 contro-

449 849 524 908 ab
568 848 915 909 Innocentio
944 848 1011 907 X.
1058 848 1134 908 ob
1177 849 1508 924 praeclaras
1553 850 1736 908 animi
1788 849 2017 908 versiae
2063 849 2444 908 scholasticas
2492 849 2839 925 praesertim
2881 849 2953 909 de
2984 850 3076 909 vi-

448 938 634 1009 dotes,
685 956 835 1013 quas
868 938 1083 997 Romae
1115 940 1351 997 sanctae
1380 939 1734 997 universalis
1789 939 1952 998 sione
1966 937 2157 1007 beata,
2178 938 2252 997 de
2268 938 2495 997 lumine
2510 938 2753 1016 gloriae,
2776 938 2848 998 de
2864 939 3076 998 merito

448 1026 855 1103 inquisitionis
899 1026 1285 1102 qualificator,
1334 1030 1403 1085 ut
1434 1027 1622 1104 ajunt,
1673 1030 1736 1088 et
1788 1030 1850 1086 et
1881 1027 2281 1086 satisfactione
2315 1027 2562 1099 Christi3
2610 1027 2905 1087 secundus
2936 1045 3075 1087 con-

449 1116 756 1175 consultor
823 1115 1169 1175 ostenderat
1185 1161 1199 1187 ‚
1278 1116 1734 1191 aprumialensis
1788 1116 1947 1176 tinet
1976 1117 2254 1176 materias
2287 1118 2359 1175 de
2389 1117 2719 1176 virtutibus
2761 1120 2820 1175 et
2853 1116 3075 1177 habiti·

450 1205 788 1284 (vernacule
807 1200 1139 1284 Brugneto)
1173 1205 1484 1282 episcopus
1508 1206 1733 1264 electus
1786 1206 1903 1264 bus
1934 1204 2172 1275 infusis,
2206 1205 2524 1264 Mediolani
2553 1215 2738 1269 1645.
2755 1238 2845 1250 -—
2862 1207 3076 1283 Angeli

447 1297 540 1353 est
573 1289 636 1376 (†
662 1290 875 1373 1655).
911 1293 1186 1370 Scripsit:
1221 1295 1310 1352 De
1329 1301 1609 1368 potestate
1628 1315 1732 1353 an·
1788 1294 2082 1370 Vulpes
2145 1294 2554 1354 conventualis
2605 1315 2639 1352 a
2687 1295 3075 1371 Montepiloso

446 1385 626 1460 qelica
656 1382 783 1442 sive
829 1382 901 1442 de
931 1382 1202 1458 potentia
1231 1383 1477 1442 motrice
1522 1401 1589 1443 ac
1620 1384 1732 1442 mi·
1788 1383 1938 1444 urbe
1982 1383 2153 1459 regni
2200 1382 2565 1459 neapolitani
2615 1384 2775 1442 haud
2820 1384 3074 1460 ignobili

447 1472 650 1531 randis
683 1472 964 1547 operibus
1011 1472 1359 1549 angelorum
1389 1476 1451 1532 et
1497 1472 1731 1532 daemo-
1788 1472 1996 1533 laudes
2026 1473 2086 1531 in
2118 1473 2247 1548 ejus
2280 1472 2584 1549 epitaphio
2616 1471 2896 1549 legimus:

447 1580 593 1619 num
612 1560 972 1630 dissertatio,
1005 1561 1224 1619 Romae
1252 1569 1415 1624 1650
1439 1566 1481 1620 t.
1507 1572 1541 1625 3
1577 1562 1641 1621 in
1663 1561 1733 1633 f.;

446 1651 857 1709 commentaria
887 1650 950 1708 in
990 1660 1040 1711 1.
1073 1670 1129 1725 p.
1163 1651 1438 1709 Summae
1481 1651 1733 1728 angelici

449 1737 706 1797 doctoris
750 1738 824 1797 de
868 1738 1093 1815 angelis
1138 1758 1171 1797 a
1200 1758 1255 1813 q.
1294 1748 1571 1810 50—64,
1621 1740 1732 1798 Ro-

448 1846 572 1886 mae
610 1837 769 1891 1651
807 1827 868 1885 in
901 1828 939 1885 f.

537 1970 584 2028 Ε
616 1970 896 2028 societate
940 1970 1090 2030 Jesu
1134 1989 1177 2028 a.
1222 1970 1501 2029 Thomam
1545 1971 1732 2029 inter-

448 2058 666 2133 pretati
698 2061 872 2118 sunt:
906 2058 945 2116 J
948 2058 1198 2135 osephus
1224 2060 1273 2117 A
1289 2079 1378 2135 go
1395 2059 1501 2118 sti
1518 2059 1593 2117 ni
1625 2059 1732 2117 Pa·

447 2147 835 2217 normitanus,
888 2147 994 2222 qui
1036 2148 1252 2206 Romae
1297 2148 1727 2223 philosophiam

448 2235 739 2307 sexenni0,
785 2236 1144 2313 theologiam
1176 2237 1455 2312 Lugduni
1488 2241 1550 2295 et
1578 2239 1731 2296 Ave-

447 2325 624 2385 nione
656 2321 1043 2401 aliquamdiu,
1085 2325 1361 2384 Panormi
1391 2344 1531 2385 vero
1563 2326 1733 2384 annis

2035 1616 2182 1674 Vera
2211 1615 2489 1674 humanis
2519 1613 2832 1674 noscendis

2309 1704 2541 1780 VulpeS,

2047 1793 2260 1852 Verius
2293 1793 2514 1852 divinis
2549 1793 2830 1852 rimandis

2291 1883 2578 1959 Angelus,

2003 1971 2375 2030 Duodenario
2405 1971 2877 2047 theologicorum

1952 2060 2335 2118 Voluminum
2369 2062 2672 2118 exstructo
2705 2063 2907 2121 monte

2004 2149 2440 2223 Usquequaque
2473 2148 2842 2223 conspicuus,

1881 2290 1981 2349 Vir
2000 2292 2143 2360 erat,
2177 2293 2329 2349 teste
2349 2290 2388 2348 J
2390 2308 2580 2350 oanne
2601 2311 2635 2348 a
2659 2309 2703 2349 s.
2729 2291 2987 2350 Antonio
3005 2288 3070 2372 ¹),

457 2425 530 2478 13
553 2412 772 2484 docuit,
807 2413 1109 2489 vitamque
1130 2413 1506 2473 innocentem
1527 2418 1732 2475 Sancto
1787 2380 1999 2438 doctus
2021 2381 2090 2480 ‘et
2121 2378 2394 2480 affabilia,
2435 2379 2712 2479 assiduus
2745 2379 2810 2436 in
2840 2380 3070 2448 studiis,

447 2503 564 2561 fine
593 2502 847 2561 absolvit
872 2512 970 2565 29,
991 2502 1124 2579 Maj·
1158 2513 1339 2566 1643·
1372 2504 1734 2563 prodieram
1787 2468 2055 2544 Neapoli,
2102 2469 2209 2527 ubi
2242 2487 2380 2528 suos
2418 2468 2773 2545 theologiam
2806 2468 3070 2539 docebat,

447 2593 575 2669 ejus
619 2593 1018 2651 commentar-ii
1061 2593 1126 2651 in
1167 2605 1218 2658 1.
1249 2614 1304 2669 p.
1354 2587 1477 2676 (qq.
1516 2603 1728 2656 1--14

1786 2558 2063 2619 omnibus
2096 2576 2284 2629 carue,
2318 2557 2593 2634 pluribus
2614 2557 2930 2633 proficuu3‚
2964 2559 3074 2636 qui

451 2677 647 2762 ...27)
682 2681 960 2740 Panormi
993 2692 1152 2744 1639
1189 2686 1250 2741 et
1281 2694 1351 2745 ¹6
1363 2694 1394 2744 4
1406 2694 1441 2746 3
1476 2686 1522 2742 t·
1552 2691 1586 2744 2
1609 2683 1671 2742 in
1693 2683 1730 2740 f·
1786 2651 1980 2707 totum
2027 2648 2188 2722 quod
2238 2647 2452 2706 studiis
2503 2647 2792 2722 eripiebat
2834 2650 3072 2723 tempus

446 2770 799 2846 Saepissime
858 2789 998 2830 vero
1016 2767 1059 2853 ¹)
1113 2767 1358 2850 (centies
1419 2777 1481 2832 et
1540 2767 1729 2854 ultra)

1786 2735 2149 2812 excipiendis
2193 2736 2697 2807 confessionibus,
2745 2736 3072 2796 invisendis

447 2862 687 2936 propter
731 2859 1026 2936 insignem
1088 2860 1417 2919 utilitatem
1480 2861 1729 2937 prodiit:
1786 2826 2053 2897 infirmis’
2086 2825 2461 2885 ⁰⁰¹²S⁰¹⁸¹¹di⁸
2495 2825 2728 2884 afflic‘fiis
2768 2825 3070 2901 imperti&

445 2949 654 3007 Brevis
685 2950 889 3007 notitia
919 2967 1135 3024 eorum,
1170 2968 1316 3026 quae
1345 2951 1490 3007 scitu
1521 2950 1603 3007 vel
1631 2969 1728 3008 ne·

447 3038 699 3096 cessaria
729 3038 813 3095 vel
830 3038 989 3095 valde
1020 3038 1192 3097 utilia
1212 3045 1344 3096 sunt
1362 3040 1732 3111 confessariis

447 3126 510 3184 in
540 3125 732 3202 primo
779 3125 1055 3203 ingressu
1105 3127 1179 3185 ad
1226 3127 1546 3185 audiendas
1592 3145 1728 3185 con·

447 3214 752 3286 sessiones,
786 3215 866 3273 ib.
908 3224 1064 3277 1641
1107 3215 1171 3274 in
1206 3224 1324 3285 32.,
1359 3216 1462 3291 qui
1497 3216 1534 3272 l.
1560 3216 1729 3292 prius

446 3303 749 3380 prodierat
780 3305 892 3362 sub
933 3304 1171 3363 nomine
1203 3304 1363 3363 Decii
1397 3305 1602 3381 Cyrilli
1632 3308 1728 3381 ty·

446 3393 752 3470 pographi.
767 3426 855 3437 —-
874 3393 1102 3453 Marcus
1121 3394 1419 3453 Antonius
1442 3394 1487 3451 P
1501 3415 1534 3452 a
1550 3394 1573 3451 l
1589 3414 1729 3454 um-

445 3482 586 3541 bus
619 3480 691 3540 de
712 3481 963 3540 Ascanio
997 3482 1426 3557 Neapolitanus
1473 3483 1727 3558 philoso-

445 3570 644 3645 phiam
662 3570 866 3629 docuit
885 3590 1068 3630 annos
1092 3582 1147 3640 6,
1180 3571 1542 3648 theologiam
1562 3572 1728 3630 scho-

447 3659 714 3719 lasticam
744 3679 794 3718 a.
831 3669 887 3727 9,
923 3660 1205 3718 moralem
1236 3680 1285 3721 a.
1320 3670 1391 3723 15
1419 3658 1481 3741 (†
1517 3670 1569 3724 2.
1591 3664 1728 3736 Apr.

454 3742 666 3829 1644).
714 3751 996 3824 Superest
1026 3749 1154 3824 ejus
1185 3751 1626 3809 commentarius
1656 3750 1726 3807 ci-

446 3844 601 3895 terae
630 3844 681 3896 et
724 3838 1042 3913 doctrinae,
1093 3856 1236 3913 quae
1278 3841 1341 3896 in
1385 3840 1554 3897 litera
1597 3856 1727 3896 con·

446 3928 697 4001 tinctum·
720 3927 1116 3985 scholasticum
1142 3945 1380 3985 examen
1394 3928 1458 3985 in
1484 3938 1531 3989 1.
1553 3948 1607 4002 p.
1625 3947 1728 3986 an-

445 4014 623 4092 gelici
668 4015 947 4084 doctoris,
1000 4015 1248 4092 Neapoli
1304 4026 1460 4079 1631
1489 4037 1503 4086 ;
1562 4026 1724 4079 1645

445 4110 487 4162 t.
526 4112 560 4167 2
594 4104 659 4163 in
689 4104 729 4166 f.

539 4292 681 4345 399.
717 4281 835 4340 Alii
865 4282 929 4342 in
960 4281 1312 4342 illustrando
1334 4282 1730 4358 interpretan-

446 4369 639 4447 doque
684 4371 909 4430 Scoto
942 4371 1162 4429 versati
1206 4374 1366 4441 sunt,
1414 4370 1576 4446 iique
1606 4390 1731 4430 om·-

447 4478 552 4518 nes
581 4479 614 4521 e
647 4478 693 4520 s.
724 4459 1023 4518 Francisci
1054 4459 1292 4524 familia.
1333 4459 1731 4536 Hieronymus

448 4548 662 4609 Gallu
677 4567 706 4608 s
738 4567 769 4606 e
790 4549 991 4625 Burgo
1011 4549 1250 4609 Manere
1269 4549 1333 4608 in
1353 4548 1605 4608 dioecesi
1623 4568 1728 4609 no·

528 4775 565 4845 ¹)
591 4772 674 4829 of.
701 4773 1124 4843 Sommervogel
1154 4772 1194 4840 1,
1220 4777 1304 4831 69.

1786 2917 1907 2977 bat.
1944 2916 2102 2975 Scoti
2146 2914 2526 2974 elucidandae
2576 2914 2879 2974 doctrinae
2908 2918 3073 2974 totus

1785 3006 1913 3062 erat
1930 3004 2199 3063 intentus
2219 2999 2281 3087 (†
2308 3014 2401 3067 19.
2420 3003 2618 3062 Martii
2647 3001 2858 3084 1647),
2892 3008 3075 3080 prout

1783 3095 2089 3151 testantur
2132 3094 2262 3168 ejus
2308 3111 2516 3168 opera,
2565 3093 2687 3152 scil.
2740 3092 2982 3152 Summa
3027 3112 3072 3151 s.

1792 3182 2122 3260 Theoloyiae
2154 3183 2307 3240 Scoti
2338 3188 2385 3239 et
2404 3182 2817 3240 commentaria
2838 3183 2900 3239 in
2933 3201 3070 3239 ean·

1784 3271 1929 3340 dem,
1978 3271 2197 3346 quibus
2243 3271 2406 3328 illius
2439 3270 2707 3328 doctrina
2753 3270 3073 3327 admodum

1786 3360 1915 3418 fuse
1947 3360 2296 3429 elucidatur,
2332 3358 2766 3433 comprobatur,
2807 3357 3070 3417 defendi-

1783 3451 1902 3520 tur,
1921 3449 2167 3525 Neapoli
2191 3457 2623 3509 1622—-1655
2642 3466 2741 3522 pp.
2762 3455 2798 3506 4
2819 3446 2882 3505 in
2914 3450 2958 3504 t.
2988 3458 3014 3508 1
3033 3456 3066 3506 2

1782 3538 1849 3595 in
1880 3538 1937 3607 f.,
1971 3538 2076 3611 qui
2107 3542 2307 3596 tamen
2341 3535 2565 3611 singuli
2596 3536 2693 3593 vel
2724 3534 3072 3611 simpliciter

1785 3626 1880 3685 vel
1926 3644 2060 3683 cum
2107 3625 2371 3701 apposito
2421 3624 2648 3692 ,donec
2692 3624 3068 3701 corrigatur-¹

1783 3715 2012 3773 iteratis
2045 3714 2277 3772 vicibus
2301 3710 2498 3796 (modo
2524 3710 2737 3789 adhuc)
2758 3715 2901 3771 sunt
2931 3732 3068 3788 pro·

1783 3803 1962 3862 hibiti
1996 3799 2096 3882 (m.
2123 3797 2296 3884 250).
2330 3803 2631 3861 Adversus
2662 3801 2859 3878 ipsum
2884 3802 3068 3878 scrip-

1784 3893 1863 3952 sit
1884 3892 2257 3969 Hyacinthus
2289 3892 2370 3950 de
2392 3892 2438 3949 R
2454 3910 2494 3949 u
2510 3911 2551 3968 g
2566 3910 2597 3949 e
2612 3910 2643 3948 r
2658 3891 2677 3948 i
2695 3891 2757 3950 is
2779 3890 2843 3950 Ο.
2864 3891 3068 3950 Praed.

1784 3982 2191 4057 Defensor-ium
2223 3983 2519 4039 doctrinae
2547 3982 2603 4039 d.
2642 3980 2910 4054 Thomna,
2954 3981 3070 4039 Ne-

1784 4071 1941 4146 apoli
1980 4080 2165 4140 1655,
2217 4069 2377 4145 quod
2410 4069 2560 4128 hanc
2591 4069 2863 4128 indecore
2894 4069 3071 4127 nimis

1784 4163 1845 4219 et
1876 4159 2218 4234 petulanter
2247 4159 2705 4236 impugnaverit.
2738 4193 2824 4201 —
2852 4158 3073 4234 Caspar

1785 4249 1823 4307 S
1839 4249 1930 4325 gb
1949 4267 1980 4307 e
1996 4268 2055 4307 m
2071 4268 2126 4307 m
2146 4269 2181 4307 a
2226 4249 2451 4323 pariter
2482 4247 2911 4316 conventualis„
2959 4247 3067 4305 Pa-

1785 4337 2160 4396 normitanus
2195 4332 2256 4418 (†
2292 4346 2391 4400 25.
2421 4337 2545 4398 Jul.
2585 4329 2797 4416 1657),
2832 4335 3068 4410 provin-

1785 4426 1908 4484 ciae
1940 4426 2376 4484 commissarius
2421 4420 2664 4507 (1624),
2712 4442 2845 4481 mox
2889 4423 3068 4481 mini-

1787 4517 1925 4586 ster,
1960 4515 2055 4574 vir
2085 4534 2222 4573 sane
2254 4514 2525 4572 eruditus
2547 4512 2880 4587 composuit
2909 4513 3070 4570 inter

1866 4778 1902 4839 ¹)
1931 4773 1996 4827 In
2021 4773 2158 4828 bibl.
2186 4772 2441 4832 francisc,
2470 4772 2512 4837 1,
2539 4775 2626 4830 86.
