3625 5193
574 251 692 304 891

956 235 1324 288 1621—1640.
1352 230 1659 299 Theologia
1685 230 1928 284 moralis.
1961 230 2217 298 Poncius,
2245 232 2547 296 BresseruS‚
2577 230 2808 298 Burger,

3079 251 3201 305 892

574 438 689 493 que
753 418 929 476 simul
996 417 1408 475 universitatis
1471 416 1860 474 cancellarius
1915 417 2169 485 ordinis3
2205 419 2402 475 variae
2421 417 2842 489 disputationes
2860 412 2904 498 ¹)
2938 436 3005 474 ex
3041 423 3206 476 utra·

575 509 688 565 fuit
733 508 1082 565 declaratus,
1132 507 1276 563 Cum
1310 525 1377 562 ex
1428 505 1690 563 adventu
1722 506 1858 562 Cor·
1916 525 2031 581 que
2064 507 2362 582 theologia
2396 505 2748 563 scholastica
2786 511 2848 564 et
2878 508 3206 580 expositiva

573 597 712 655 nelii
772 596 1041 654 Jansenii
1104 594 1523 653 Salmanticam
1587 594 1860 669 querelae
1918 593 2037 674 (qq.
2081 595 2515 670 quodlibeticae
2556 594 2738 652 etiam
2786 592 3023 675 dictae),
3078 596 3203 653 Sal-

571 687 869 744 orirentur
902 685 1183 743 adversus
1238 683 1623 752 academiam,
1689 683 1856 757 quasi

571 774 943 833 novitatibus
994 775 1295 842 studeret,
1364 773 1492 847 ipsa
1545 781 1623 834 60
1679 791 1860 847 prope

573 864 869 939 suffragiis
920 864 1224 921 decretum
1277 861 1573 928 condidit,
1629 879 1745 935 quo
1798 880 1860 918 se

572 972 829 1025 suosque
862 953 1221 1026 professores
1268 951 1341 1008 ad
1375 950 1688 1008 tenendam
1721 950 1858 1008 doc-

571 1043 793 1099 trinam
824 1061 897 1098 ss
931 1040 1255 1118 Augustini
1300 1042 1362 1098 et
1400 1040 1653 1097 Thomae
1690 1040 1857 1113 jura-

1917 685 2207 742 manticae
2248 695 2447 752 1611;
2482 686 2550 741 de
2582 703 2766 761 aquae
2809 692 2860 742 et
2907 687 3028 741 vini
3072 704 3203 742 con-

1915 775 2167 831 versione
2200 774 2262 831 in
2294 791 2436 831 sacr.
2485 773 2897 832 Eucharistiae
2931 774 3204 848 disputa-

1915 861 2016 933 110,
2050 862 2132 924 ib.
2177 871 2357 923 1622.
2408 862 2499 919 Ita
2531 862 2602 919 de
2634 881 2702 920 eo
2736 862 2946 920 scribit
2979 863 3204 922 Nori-

1917 951 2111 1009 sius:
2181 951 2456 1019 >,Pontius
2489 952 2645 1009 inter
2671 952 2975 1026 'principes
3025 952 3204 1027 hujus

1916 1040 2103 1098 seculi
2153 1040 2457 1116 theologos
2507 1041 2719 1098 merito
2754 1060 2786 1097 a
2828 1040 3020 1098 doctis
3069 1041 3202 1115 qui-

571 1133 773 1188 mento
825 1130 1248 1207 adstringeret:
1328 1147 1447 1204 quo
1506 1128 1571 1184 in
1620 1129 1859 1204 negotio
1912 1129 2145 1203 busque
2177 1132 2530 1188 recensetur.
2565 1128 2717 1187 Huic
2738 1129 3062 1188 doctissimi
3095 1150 3203 1205 pa-

573 1220 838 1278 omnium
886 1220 1089 1296 lingua
1134 1223 1194 1276 et
1240 1219 1503 1277 calamus
1544 1217 1663 1274 fuit
1693 1217 1857 1274 Basi-

571 1308 706 1369 lius.
752 1309 907 1366 Hinc
953 1309 1215 1382 scripsit:
1269 1307 1677 1364 Celeberrimae
1723 1325 1858 1364 aca-

571 1398 791 1456 demiae
822 1398 1280 1455 salmanticensis
1299 1398 1368 1454 de
1398 1396 1635 1453 tenenda
1658 1413 1726 1452 ac
1757 1395 1856 1452 do-

569 1488 744 1543 cenda
796 1488 1060 1544 doctrina
1107 1504 1181 1545 83.
1237 1486 1552 1561 Auyustini
1601 1491 1650 1541 et
1710 1483 1858 1541 Tko-

575 1594 698 1632 mae
731 1580 842 1650 Aq.
878 1576 1172 1649 judicium
1217 1577 1442 1632 statuto
1488 1575 1857 1647 juramento-

572 1683 687 1738 que
739 1664 986 1722 solemni
1035 1665 1335 1722 firmatum
1385 1668 1444 1720 et
1493 1665 1697 1720 contra
1746 1662 1856 1718 im-

571 1757 907 1829 pugnantes
946 1757 1414 1829 propugnatum,
1464 1751 1858 1810 Salmanticae

581 1853 655 1901 16
667 1851 743 1901 ‘7
783 1842 875 1899 vel
919 1851 1115 1909 16:283
1150 1841 1337 1899 Duaci
1368 1850 1530 1902 1634
1554 1844 1662 1898 etc.
1696 1838 1858 1897 Illud

572 1931 948 2006 impugnavit
968 1931 1352 1989 Scotistarum
1388 1929 1623 1987 nomine
1645 1929 1856 1986 Petrus

573 2020 643 2076 de
678 2019 966 2077 Urbina
1000 2020 1062 2077 O.
1085 2021 1137 2081 S.
1159 2019 1249 2075 Fr.
1286 2018 1591 2086 Cantaber,
1627 2017 1856 2091 episco-

571 2127 684 2182 pus
707 2109 1051 2178 cauriensis
1073 2108 1210 2166 dein
1232 2107 1587 2176 valentinus,
1619 2107 1853 2164 demum

574 2197 646 2254 ad
699 2197 1034 2256 cathedram
1098 2198 1493 2271 hispalensem
1547 2199 1855 2271 promotus

573 2283 634 2366 (†
670 2299 721 2347 2.
757 2288 895 2344 Jun.
942 2282 1151 2366 1663),
1202 2285 1264 2342 111
1300 2285 1602 2344 Memor-[al
1647 2304 1715 2342 en
1760 2285 1854 2342 de-

557 2376 733 2454 fensa
764 2378 833 2432 de
865 2378 953 2433 Ias
984 2377 1279 2432 doctrinas
1311 2376 1399 2432 del
1433 2375 1507 2431 D.
1546 2375 1604 2431 S.
1624 2374 1853 2431 Buena·

572 2473 815 2522 ventura
859 2485 894 2539 y
941 2465 1144 2522 Est-oto
1196 2464 1366 2521 sobre
1417 2465 1473 2520 el
1514 2464 1854 2537 juramento

571 2572 686 2627 que
720 2555 774 2611 la
808 2552 1194 2612 Universidad
1236 2552 1309 2610 de
1342 2552 1687 2610 Salamanca
1726 2551 1855 2611 hizo

572 2643 642 2699 de
678 2643 796 2700 leer
829 2650 931 2701 tan
966 2644 1290 2700 solamente
1321 2642 1381 2699 la
1413 2641 1677 2699 doctrina
1710 2640 1764 2698 d.
1799 2640 1854 2697 S.

571 2732 876 2806 Augustin
908 2750 946 2806 y
983 2732 1036 2788 S.
1071 2731 1336 2797 Thomas,
1394 2729 1614 2786 Matriti
1671 2738 1852 2789 1628.

570 2820 659 2875 Ad
708 2820 1004 2877 meliorem
1055 2819 1236 2875 vitam
1278 2819 1522 2875 transiit
1567 2828 1662 2879 25.
1700 2822 1852 2893 Aug.

578 2917 740 2968 1620
778 2927 825 2966 a.
860 2909 1073 2965 aetatis
1112 2918 1209 2969 59.
1261 2909 1422 2965 Inter
1468 2908 1583 2964 alia
1630 2907 1853 2981 ingenii

569 2995 1011 3073 monumenta1)
1058 2997 1331 3070 reliquit:
1381 2996 1466 3053 De
1498 3004 1852 3054 sacramento

570 3086 926 3142 ›nati-imonii
986 3088 1278 3143 tractatus
1342 3103 1476 3143 cum
1532 3084 1854 3160 appendice

569 3173 640 3230 de
673 3174 1049 3232 matrimonio
1072 3175 1341 3233 catholici
1378 3194 1511 3231 cum
1537 3173 1851 3241 haeretica,

569 3263 962 3321 Salmanticae
996 3274 1185 3332 1624;
1213 3264 1504 3321 Bruxellis
1537 3272 1696 3325 1627
1722 3265 1849 3329 etc„

567 3370 715 3427 opus
747 3353 1074 3423 classicum,
1122 3352 1187 3411 in
1221 3371 1337 3427 quo
1371 3354 1559 3427 spicas
1606 3350 1849 3428 colligit,

566 3452 636 3498 ut
685 3442 950 3501 modeste
999 3443 1062 3499 in
1111 3442 1474 3517 praefatione
1527 3441 1764 3510 scribit,
1818 3461 1850 3497 a

564 3550 781 3606 magno
831 3549 1085 3590 messore
1132 3528 1260 3612 (Th.
1294 3530 1567 3602 Sanchez,
1614 3530 1686 3587 de
1732 3548 1850 3603 quo

566 3620 633 3681 cf.
669 3640 723 3694 p.
763 3616 915 3700 592)
952 3621 1217 3689 relictas3
1257 3621 1296 3682 l.
1329 3621 1396 3677 de
1428 3620 1850 3692 impedimentis

568 3712 951 3783 matrimonii,
1005 3709 1397 3768 salmanticae
1447 3718 1645 3775 1613;
1698 3708 1733 3764 l.
1781 3708 1850 3764 de

562 3805 920 3855 sacramento
968 3798 1451 3870 confirmationiS,
1525 3797 1599 3854 ib.
1660 3804 1845 3865 1638,

563 3885 744 3941 editio
779 3886 1117 3943 enormibus
1151 3885 1379 3943 mendis
1427 3889 1688 3953 scatens;
1736 3886 1846 3943 Lo-

566 3973 721 4028 vanii
764 3981 925 4031 1642
962 3973 1023 4028 10
1062 3985 1113 4033 4.
1149 3974 1235 4030 ed.
1261 3972 1572 4030 emendata
1605 3979 1847 4031 curante

566 4061 741 4117 Petro
780 4061 1027 4117 Damaso
1062 4061 1131 4117 de
1172 4059 1545 4140 Coninck2)
1582 4062 1846 4135 ejusdem

562 4213 678 4347 1¹}
708 4210 788 4263 Cf.
818 4211 1080 4281 Ussinger
1106 4230 1159 4281 p.
1190 4218 1291 4270 703
1317 4232 1384 4273 ss
1405 4214 1534 4276 ;N.
1562 4213 1845 4267 Antonius

639 4329 765 4425 2)P'.
790 4354 1367 4410 Da1u.deCon1nck
1397 4356 1458 4411 Ο.
1478 4356 1530 4409 S.
1552 4358 1692 4424 Aug
1712 4356 1846 4408 Bru·

562 4427 766 4495 gensis,
790 4426 876 4479 vir
906 4427 1125 4492 doctus,
1154 4428 1429 4480 librorum
1463 4427 1676 4480 ordinis
1706 4445 1846 4481 1001-

563 4514 667 4561 sor,
690 4514 820 4552 suae
838 4498 1163 4567 provinciae
1186 4499 1538 4567 praepositus
1556 4508 1601 4563 (τ
1620 4504 1702 4555 12.
1717 4498 1846 4554 Dec.

564 4570 938 4648 1662)0111110
967 4570 1192 4639 Aegidii
1221 4570 1259 4624 C
1275 4570 1343 4625 01
1362 4589 1397 4623 u
1416 4588 1524 4622 1011
1542 4588 1575 4623 a
1591 4588 1619 4623 0
1654 4570 1845 4624 Roma-

563 4640 661 4693 111(
650 4643 941 4710 J'uodlibeta
969 4641 1229 4695 similiter
1256 4642 1511 4706 correxit,
1548 4657 1846 4710 argumen-

563 4710 637 4763 tis
662 4711 1002 4780 scholiisque
1042 4712 1334 4783 perpetuis
1372 4713 1702 4780 illustravit,
1745 4712 1844 4766 Lo·

564 4782 720 4834 vanii
749 4787 900 4842 1646.

1914 1222 2037 1277 tres
2071 1218 2403 1276 carmelitae
2436 1218 2752 1276 excalceati
2787 1218 3204 1276 salmanticen-

1916 1325 2008 1365 ses
2060 1307 2298 1365 honoris
2348 1307 2545 1383 gratia
2592 1307 2770 1365 hocce
2830 1307 3206 1382 epitaphium

1916 1415 2165 1471 posuere
2197 1401 2369 1458 tract.
2406 1405 2463 1458 3.
2498 1397 2569 1454 de
2611 1396 2860 1454 scientia
2892 1396 2997 1454 Dei
3027 1396 3081 1454 d.
3127 1407 3199 1458 10

1914 1485 2052 1542 dub.
2083 1495 2134 1547 3.
2157 1505 2212 1542 n.
2242 1495 2392 1548 130:
2431 1486 2754 1554 ,Quamvis
2777 1485 3050 1544 omittere
3082 1504 3204 1543 non

1915 1574 2208 1648 possimus
2260 1593 2541 1650 magnum
2595 1573 2764 1632 illum
2816 1574 3031 1646 virum,
3097 1575 3204 1649 qui

1914 1663 2117 1731 modo,
2174 1663 2316 1720 dum
2366 1663 2505 1721 huic
2554 1662 2718 1738 operi
2769 1663 3203 1733 insudaremuS,

1915 1751 2168 1810 maximo
2203 1752 2465 1810 omnium
2489 1751 2691 1810 dolore
2723 1755 2784 1808 et
2811 1753 2998 1810 totius
3021 1752 3204 1827 hujus

1914 1840 2358 1909 universitatiS,
2411 1841 2528 1899 imo
2579 1844 2641 1899 et
2690 1841 2850 1898 orbis
2893 1841 3130 1916 jactura
3172 1860 3205 1900 e

1917 1930 2066 1987 vivis
2117 1935 2356 2005 ereptus
2405 1935 2527 1998 est,
2584 1949 2797 2004 nempe
2847 1930 3203 2006 magistrum

1915 2019 2042 2075 Bas.
2079 2020 2436 2077 Pontium
2470 2019 2895 2094 Legionensem
2929 2021 3081 2095 Aug.
3117 2018 3205 2076 fa·

1913 2107 2109 2165 miliae
2141 2108 2625 2182 augustissimam
2645 2108 2892 2181 prolem,
2927 2111 2987 2165 et
3014 2108 3069 2165 in
3094 2108 3205 2166 hac

1913 2196 2209 2254 academia
2253 2197 2565 2254 cathedrae
2611 2196 2926 2270 primariae
2960 2215 3004 2258 s,
3036 2197 3204 2254 theo-

1914 2285 2102 2361 logiae
2154 2286 2601 2344 meritissimum
2652 2283 3204 2365 moderatorem2).‹

2005 2473 2146 2524 377.
2201 2463 2495 2520 Martinus
2557 2465 2978 2522 Bresserus
3043 2463 3097 2520 S.
3145 2464 3204 2520 J.

1912 2552 2096 2628 Belga
2147 2548 2207 2633 (1¹
2261 2562 2358 2614 14.
2402 2552 2548 2610 Nov.
2599 2549 2791 2632 1635)
2842 2552 3082 2629 scripsit
3133 2554 3206 2610 de

1911 2643 2253 2699 conscientia
2289 2642 2345 2699 ll.
2383 2651 2416 2704 6
2467 2642 2538 2698 ad
2585 2643 2929 2717 omnigenas
2978 2643 3204 2700 consci-

1911 2731 2098 2787 entias
2133 2730 2492 2806 dirigendae,
2529 2731 2908 2805 Antwerpiae
2939 2739 3100 2794 1638
3137 2732 3204 2789 in

1914 2830 1966 2879 4.
2003 2853 2086 2862 -—
2121 2819 2372 2878 Michael
2417 2819 2799 2878 Loescher
2833 2820 2887 2877 S.
2920 2820 2977 2877 J.
3025 2820 3203 2878 salis-

1911 2908 2219 2983 burgensis
2282 2904 2343 2988 (†
2412 2918 2510 2981 30.
2580 2908 2706 2966 Oct.
2767 2904 2961 2990 1636)
3026 2909 3202 2966 libel-

1911 2997 1992 3055 los
2026 2997 2308 3070 practicos
2356 2997 2562 3071 lingua
2609 2998 2941 3072 composuit
2986 2999 3201 3073 patria.

1909 3119 1993 3127 —-
2027 3085 2147 3148 Jos.
2196 3087 2349 3144 Bur
2363 3104 2495 3162 ger
2529 3086 2590 3144 Ο.
2627 3086 2681 3142 S.
2717 3087 2856 3143 Ben.
2906 3086 3200 3144 Monachii

1907 3177 2085 3231 natus
2132 3179 2192 3232 et
2239 3175 2534 3250 professor
2581 3174 2910 3251 theologiae
2960 3175 3200 3233 moralis

1908 3263 1971 3320 in
2002 3263 2394 3321 universitate
2430 3263 2858 3339 salisburgensi
2895 3260 2954 3344 (†
2984 3259 3198 3345 1621),

1907 3351 2151 3425 reliquit
2185 3348 2382 3430 (1619
2420 3353 2481 3410 in
2518 3350 2602 3430 4.)
2645 3353 2934 3427 analysim
2971 3353 3197 3410 theolo-

1906 3440 2375 3516 gico-juridicam
2437 3442 2506 3499 de
2555 3444 2883 3515 juramenti
2954 3450 3191 3511 natura,

1905 3530 2258 3606 obliyatione,
2305 3533 2770 3602 interpretatione
2799 3538 2848 3588 et
2890 3532 3190 3603 dispensa-

1985 3792 2018 3857 s}
2047 3788 2279 3841 Librum
2307 3788 2462 3841 hunc
2487 3787 2840 3842 rarissimum
2868 3788 3008 3841 dicit
3022 3788 3196 3841 Tour-

1904 3860 2126 3912 nemine
2171 3859 2234 3912 in
2276 3861 2451 3929 praef.
2493 3859 2626 3913 edit.
2667 3863 2963 3913 comment.
3008 3860 3195 3912 Meno-

1904 3930 2031 3994 chii,
2061 3931 2266 3984 selecta
2308 3936 2366 3985 et
2391 3932 2634 4000 probata
2674 3930 2992 3984 eruditione
3028 3931 3195 3984 refer-

1905 4004 2045 4067 tum,
2087 4019 2150 4054 ex
2178 4019 2358 4069 eoque
2384 4008 2420 4057 4
2449 4002 2885 4071 disputationes,
2929 4018 3076 4070 quae
3101 4019 3193 4069 ge·

1903 4072 2143 4125 nel-atim
2183 4074 2518 4126 methodum
2547 4073 2910 4141 exponendae
2938 4091 2980 4129 s.
3009 4073 3193 4141 Scrip-

1904 4145 2065 4197 turae
2083 4143 2397 4206 exhibent,
2382 4162 2443 4196 10
2457 4161 2616 4197 suam
2636 4144 2942 4197 editionem
2958 4144 3191 4212 recepit.

1979 4214 2108 4286 2)111
2137 4215 2289 4267 vind
2324 4232 2450 4284 aug.
2479 4219 2636 4281 0.-16
2663 4219 2711 4270 5.
2757 4214 2960 4268 Omnia
3003 4214 3191 4284 elogii

1903 4268 2131 4353 collegit
2169 4286 2496 4338 Franciscus
2539 4286 2607 4339 de
2644 4286 2930 4340 Montes
2971 4286 3038 4339 de
3080 4286 3192 4339 Oea

1902 4356 2198 4424 ediditque
2227 4361 2366 4414 1630
2402 4357 2503 4409 sub
2533 4356 2733 4410 titulo:
2777 4357 3096 4411 Doctissimi
3125 4374 3189 4410 ac

1903 4428 1966 4482 R.
1997 4427 2053 4481 P.
2078 4428 2223 4497 Mag.
2247 4432 2341 4482 Fr.
2365 4433 2491 4482 Bas.
2510 4432 2689 4483 Pontii
2712 4432 3036 4497 leqionmsis,
3067 4427 3191 4481 His·

1901 4500 2199 4568 paniarum
2228 4499 2559 4565 ornamenti,
2596 4500 2845 4567 inclytae
2873 4499 3188 4553 salmantic.

1902 4571 2222 4652 academiae
2249 4571 2428 4636 lustri,
2472 4571 2840 4624 cathedratici
2868 4570 3189 4651 theologiae

1901 4642 2160 4710 primarii
2187 4645 2246 4695 et
2270 4642 2592 4697 cancellarii
2618 4642 2892 4724 ejusdem,
2936 4641 3190 4721 ingenio-

1901 4731 2024 4766 rum
2067 4714 2354 4782 principis,
2403 4713 2581 4768 felicis
2620 4712 2892 4781 germinis
2937 4711 3190 4781 augusti·

1901 4785 2101 4837 nianae
2131 4784 2381 4838 familiae
2407 4788 2558 4852 fama
2577 4789 2881 4852 posthuma.
