3625 5193
611 255 732 311 575
955 242 1329 297 1601—1620.
1356 237 1604 292 Historia
1632 236 1716 291 lit.
1743 237 1969 305 Lucius,
1996 236 2197 306 Pensa,
2225 236 2468 303 Tristan‚
2497 237 2746 292 Gozzeus
2772 237 2877 291 etc.
3099 251 3227 306 573

615 419 829 505 1607).
861 424 1080 483 Paulus
1113 423 1180 483 V.
1212 423 1551 499 episcopum
1601 423 1753 482 dixit
1782 441 1886 498 po·
1943 423 2007 482 in
2047 432 2158 493 123
2192 419 2593 500 Necroloqium
2625 421 2750 480 sive
2769 421 3074 497 catalogus
3106 420 3228 479 fra-

604 514 1074 590 lymnianensem
1108 513 1171 572 in
1190 513 1406 588 Apulia
1437 506 1889 593 (1607·1619).
1943 515 2105 571 trum
2158 511 2610 571 Carmelitarum
2641 510 2935 569 Bruxellis
2985 509 3229 568 defunc-

607 602 809 678 Coepit
846 602 1112 661 Indicem
1154 602 1447 661 librorum
1476 601 1889 678 expurgando·
1941 604 2141 660 torum
2174 601 2248 659 ab
2288 621 2338 660 a.
2381 607 2612 664 1383-
2644 607 2829 662 1602.
2861 632 2949 643 -
2980 598 3233 658 Joannis

607 711 760 761 rum,
814 692 987 767 cujus
1037 708 1129 767 op.
1181 694 1221 749 t.
1275 703 1327 754 1.
1378 693 1612 749 tantum
1665 690 1891 768 prodiit
1944 691 2186 749 Penza
2218 689 2283 750 Ο.
2315 690 2504 751 Carm.
2535 688 2843 747 Theatrum
2869 690 3126 746 virorum
3156 688 3229 744 il-

607 781 823 839 Romae
862 787 1048 850 1607,
1095 780 1160 839 in
1192 799 1310 854 quo
1344 788 1424 843 50
1472 781 1782 839 auctorum
1814 779 1887 838 li·
1944 781 2215 838 lustr-ium
2245 778 2501 838 familiae
2519 777 2929 837 carmelitanae
2949 778 3229 835 mantua-

606 869 700 927 bri
748 888 887 945 prae
937 869 1148 928 ceteris
1200 868 1520 928 desiderati
1569 868 1889 928 emendan·
1945 886 2054 927 nae
2084 867 2306 945 prodiit
2352 869 2629 926 Mantuae
2670 875 2855 930 1618.
2886 898 2977 910 --
3006 864 3229 924 Eodem

606 962 722 1017 tur.
757 991 842 1002 —
875 959 1088 1018 Petrus
1134 958 1204 1017 de
1248 957 1472 1016 Licht
1516 952 1787 1039 (Lucius)
1824 956 1889 1017 O.
1945 976 2099 1016 anno
2144 956 2331 1015 edidit
2378 956 2704 1015 Barcinone
2736 955 2951 1014 Petrus
2996 953 3228 1012 Jaimus

608 1047 793 1106 Carm.
871 1046 1294 1116 Bruxeliensis,
1393 1047 1467 1105 ob
1542 1047 1750 1105 turbas
1826 1046 1889 1104 in
1942 1041 2252 1129 (Jacobus)
2285 1045 2602 1104 Tristan
2633 1044 2941 1103 O.Minim.
2962 1061 3006 1102 s.
3026 1043 3228 1101 Franc.

611 1137 809 1213 patria
854 1138 1015 1194 ortas
1064 1135 1129 1195 in
1178 1135 1412 1195 Italiam
1462 1138 1555 1195 est
1585 1136 1890 1211 profectus
1945 1135 2018 1194 de
2048 1134 2237 1194 Paula
2256 1135 2642 1194 Euchiridion
2672 1132 2744 1192 de
2765 1132 3026 1192 Varones
3056 1131 3231 1189 illus-

607 1229 787 1301 atque
818 1224 1150 1283 Florentiae
1193 1225 1426 1283 sodales
1472 1224 1677 1284 docuit
1722 1225 1890 1283 theo·
1942 1227 2066 1283 tres
2118 1225 2189 1282 de
2238 1225 2296 1282 la
2343 1223 2527 1282 orden
2576 1222 2649 1281 de
2698 1222 2786 1282 los
2818 1221 3109 1280 Minimos.
3140 1253 3229 1265 —

608 1315 844 1390 logiam.
876 1313 1107 1373 Pacatis
1125 1313 1321 1372 turbis
1340 1313 1521 1372 rediit
1551 1315 1888 1372 Bruxellam
1947 1313 2294 1372 Ambrosius
2327 1312 2659 1371 Gozzeus
2692 1310 2756 1369 Ο.
2789 1309 2996 1373 Praed.
3027 1310 3227 1385 Ragn-

607 1405 978 1477 mortemque
997 1403 1291 1462 contraxit
1308 1403 1372 1461 in
1391 1403 1676 1477 obsequio
1708 1403 1889 1479 pesti·
1946 1402 2130 1472 sinus,
2148 1401 2480 1478 theologiae
2495 1400 2800 1477 magister,
2809 1400 2987 1475 juxta
2999 1397 3230 1456 Echard

609 1492 868 1550 ferorum
907 1501 1002 1554 18.
1023 1492 1170 1550 Nov.
1212 1501 1395 1555 1603.
1428 1492 1612 1550 Plura
1642 1491 1893 1566 reliquit
1946 1487 2046 1573 (ΙΙ,
2085 1487 2237 1571 414)
2291 1510 2327 1550 a
2356 1491 2543 1549 Paulo
2576 1488 2640 1548 V.
2672 1488 2747 1547 ad
2795 1488 3070 1548 ecclesias
3117 1487 3228 1545 tri-

610 1579 865 1656 opera1),
930 1598 1081 1654 quae
1141 1579 1450 1639 illustrant
1509 1580 1732 1639 ordinis
1794 1580 1887 1638 sui
1943 1580 2251 1639 bulensem
2283 1581 2794 1638 etmercanensem
2813 1577 2877 1636 in
2892 1576 3118 1635 ditione
3134 1595 3231 1634 ra-

610 1669 935 1740 historiam‚
997 1668 1157 1726 inter
1217 1688 1368 1744 quae
1426 1670 1541 1728 huc
1589 1672 1889 1745 spectant:
1944 1669 2155 1745 gusina
2184 1670 2494 1744 promotus
2525 1670 2619 1726 est
2650 1688 2701 1726 a.
2759 1675 2941 1730 1606.
2993 1665 3221 1724 Obiisse

616 1757 1010 1817 Camrzelitana
1041 1757 1367 1816 bibliotheca
1401 1759 1526 1817 sive
1557 1758 1891 1817 illustrium
1944 1756 2168 1816 dicitur
2198 1777 2246 1820 a.
2290 1749 2473 1820 1620.
2507 1755 2756 1832 Collegit
2786 1756 3108 1830 cataloqum
3140 1753 3229 1813 vi-

607 1847 841 1921 aliquot
871 1847 1284 1905 carmelitanae
1302 1847 1610 1923 religionis
1641 1846 1890 1923 scripto-
1944 1864 2147 1904 rorum
2181 1864 2251 1904 ex
2288 1845 2520 1904 familia
2551 1844 3029 1903 Praedicatorum
3059 1842 3125 1900 in
3158 1841 3229 1902 li-

610 1954 747 1994 rum
789 1938 852 1994 et
891 1953 1093 1993 eorum
1141 1953 1387 2010 operum
1437 1935 1740 2013 catalogus
1765 1937 1890 2012 jam
1944 1935 2089 1994 teris
2119 1935 2475 2012 insignium,
2515 1933 2780 1993 Venetiis
2834 1941 3018 2002 1605,
3067 1949 3232 2006 ,quo

609 2023 839 2100 pridem
869 2043 905 2083 a
935 2068 947 2081 .
981 2073 996 2086 .
1030 2069 1041 2080 .
1075 2024 1138 2085 P.
1168 2024 1225 2087 J.
1255 2024 1575 2085 Trithemio
1610 2068 1623 2083 .
1657 2072 1670 2086 .
1704 2069 1716 2081 .
1750 2042 1889 2083 con·
1945 2025 2009 2083 in
2055 2042 2166 2099 op„
2218 2024 2418 2098 inquit
2466 2022 2622 2081 idem
2655 2021 2899 2092 Echard‚
2951 2021 3064 2080 etsi
3109 2038 3230 2078 non

609 2115 816 2190 gestus
849 2157 861 2170 .
896 2158 908 2170 .
944 2158 955 2170 .
990 2116 1220 2184 auctus,
1271 2113 1612 2190 recognitus
1644 2116 1890 2172 annota-
1945 2112 2140 2172 desint
2158 2112 2333 2188 plura
2354 2113 2685 2188 sphalmata
2716 2113 2777 2169 et
2806 2128 2927 2169 non
2959 2108 3234 2168 consulta

609 2202 1354 2278 tionibusqueillustratuS‚
1366 2203 1702 2262 Florentiae
1721 2213 1745 2265 1
1763 2212 1886 2265 593
1943 2205 2145 2261 vetera
2156 2202 2556 2270 monumenta,
2589 2203 2732 2259 sunt
2762 2204 2823 2258 et
2839 2199 3033 2257 multa
3061 2216 3230 2274 prae-

608 2292 672 2350 in
697 2301 768 2361 43
806 2291 1219 2365 Compendium
1235 2293 1572 2351 historicum
1595 2291 1660 2350 Ο.
1681 2292 1889 2362 carm,
1946 2291 2151 2349 sertim
2185 2308 2326 2349 suae
2357 2290 2569 2349 aetatis
2588 2292 2650 2348 et
2675 2288 2937 2365 regionis
2952 2289 3044 2346 sat
3057 2304 3230 2346 accu-

611 2380 771 2456 quod
820 2380 1046 2455 prodiit
1091 2381 1285 2440 italice
1332 2400 1570 2439 versum
1602 2380 1682 2438 ib.
1725 2388 1887 2443 1598
1946 2379 2512 2441 rata.‘-Jacobus
2544 2378 2780 2436 Alber
2800 2378 2902 2436 ici
2923 2376 2986 2435 Ο.
3004 2377 3058 2435 S.
3077 2379 3229 2452 Aug.

1950 2468 2173 2526 ordinis
2203 2472 2554 2543 procurator
2584 2466 2875 2544 generalis
2895 2469 2958 2525 et
2976 2465 3235 2525 vicarius

1949 2554 2007 2635 (†
2042 2566 2142 2619 26.
2173 2559 2313 2633 Apr.
2354 2553 2548 2633 1610)
2579 2559 2812 2632 praeter
2841 2555 2962 2614 alia
2990 2553 3236 2630 collegit

690 2682 725 2745 ι)
755 2675 836 2728 Cf.
865 2673 928 2726 Ε.
956 2691 1064 2727 von
1105 2674 1440 2744 Arenbergh
1480 2673 1626 2728 Bibl.
1667 2677 1783 2727 nat.
1825 2673 1893 2727 de
1951 2646 2221 2749 Catoloqo.
2282 2646 2463 2748 breve·
2512 2643 2872 2747 df’yl'mu‘fftsi
2931 2662 2960 2701 θ
3023 2644 3234 2719 fama„-

611 2746 767 2817 Belg.
795 2745 915 2809 XII,
942 2750 1028 2802 97.
1950 2734 2215 2793 Scrtttom
2262 2735 2581 2807 Venezzam‚
2614 2736 2913 2793 Bononiae
2955 2742 3138 2796 1605.

1321 3030 1469 3129 VI.
1536 3029 2026 3152 Theologia
2089 3032 2517 3151 practica.

704 3275 846 3329 246.
882 3267 1009 3326 Duo
1040 3268 1147 3325 hac
1162 3268 1385 3342 epocha
1403 3266 1685 3326 obierunt
1714 3288 1752 3343 p
1770 3286 1889 3326 on-
1945 3286 2235 3327 concursu
2268 3267 2604 3336 celebravit,
2658 3266 2997 3342 disciplinae
3046 3266 3231 3324 eccle-

607 3358 669 3414 ti
684 3356 713 3413 f
721 3357 742 3414 i
758 3374 788 3414 c
803 3375 834 3415 e
849 3375 877 3414 s
895 3357 1118 3416 romani
1134 3355 1401 3414 Clemens
1422 3355 1578 3414 VIII.
1595 3356 1779 3415 etLeo
1791 3356 1886 3414 XI.
1946 3357 2214 3415 siasticae
2243 3356 2741 3415 restaurationem
2757 3359 2938 3431 atque
2953 3354 3233 3414 scientias

606 3446 718 3503 Ille
749 3449 922 3505 antea
940 3445 1135 3505 dictus
1156 3445 1521 3521 Hippolytus
1553 3445 1889 3504 Aldobran-
1944 3446 2109 3514 fovit,
2145 3445 2557 3504 celeberrimos
2574 3445 2735 3504 viros
2752 3446 2816 3504 in
2831 3442 3227 3503 cardinalium

607 3534 735 3593 dini
766 3553 838 3593 ex
868 3534 1094 3595 illustri
1125 3534 1351 3592 familia
1399 3534 1714 3593 florentina
1745 3534 1890 3592 Fani
1947 3534 2573 3610 collegiumrecepitut
2584 3532 3229 3604 Toletumfflaronium,

608 3628 778 3699 patre
803 3623 1001 3683 exsule
1013 3626 1192 3682 natus
1224 3626 1330 3681 est.
1365 3623 1508 3681 Post
1531 3623 1693 3681 obita
1724 3622 1891 3682 varia
1945 3623 2395 3693 Bellarminum,
2429 3622 2513 3681 du
2545 3623 2783 3693 Perron‚
2819 3622 2918 3680 Sil.
2939 3619 3229 3679 Antonia-

605 3731 854 3771 munera
886 3733 920 3770 a
957 3712 1117 3770 Sixto
1149 3710 1214 3770 V.
1248 3713 1479 3770 creatus
1509 3714 1602 3769 est
1631 3732 1680 3773 a.
1726 3721 1886 3775 1585
1946 3731 2092 3770 num
2142 3715 2291 3781 etc.;
2339 3711 2763 3771 correctionem
2794 3708 3088 3787 Vulgatae
3129 3707 3230 3766 de·

606 3800 940 3871 cardinalis,
988 3799 1351 3859 constitutus
1394 3801 1891 3874 poenitentiarius
1946 3820 2109 3859 mum
2143 3800 2214 3859 ad
2248 3800 2425 3858 finem
2458 3799 2737 3875 perduxit
2767 3817 2996 3858 necnon
3014 3800 3076 3856 et
3095 3797 3227 3855 bre-

608 3890 798 3966 major
828 3888 1165 3964 missusque
1212 3888 1276 3946 in
1308 3887 1610 3947 Poloniam
1659 3889 1890 3966 legatus
1946 3888 2133 3959 viarii,
2165 3888 2443 3959 missalis,
2476 3889 2514 3946 1.
2548 3887 2990 3948 caeremonialia
3006 3889 3067 3945 et
3083 3904 3231 3962 pon-

606 3976 965 4052 pontificius.
1015 3977 1255 4035 Electus
1301 3978 1394 4034 est
1440 3977 1502 4035 in
1549 3978 1889 4053 pontificem
1944 3977 2185 4036 tificalis
2206 3979 2434 4037 romani
2452 3977 3065 4050 emendationem3pro
3084 3973 3228 4032 diri-

614 4075 711 4128 30.
745 4065 877 4123 Jan.
918 4073 1104 4127 1592.
1168 4065 1481 4134 Ecclesiae,
1533 4066 1890 4124 monasteria
1944 4066 2175 4126 mendis
2207 4066 2625 4126 controversiis
2645 4066 2718 4124 de
2737 4065 2975 4123 auxiliis
2996 4063 3232 4122 divinae

607 4155 840 4229 aliaque
854 4154 955 4229 pia
969 4153 1271 4221 instituta,
1294 4172 1447 4228 quae
1463 4153 1677 4211 Romae
1696 4157 1886 4224 erant,
1943 4155 2172 4231 gratiae
2220 4156 2380 4213 inter
2408 4154 2822 4214 Dominicanos
2868 4156 2931 4212 et
2961 4152 3231 4211 Jesuitas

606 4243 733 4318 ipse
763 4242 1048 4311 visitavit,
1083 4241 1405 4300 Henricum
1426 4240 1523 4304 IV.
1557 4241 1777 4301 Galliae
1796 4262 1887 4301 re·
1945 4243 2242 4302 occasione
2273 4244 2469 4320 operis
2501 4243 2756 4303 Molinae
2800 4241 2871 4300 de
2921 4239 3230 4300 concordia

605 4351 738 4409 gem
754 4332 1068 4391 acensuris
1101 4330 1283 4388 solvit
1303 4325 1357 4411 (l
1379 4327 1546 4409 595),
1582 4331 1888 4408 episcopos
1943 4332 2213 4391 excitatis
2227 4333 2497 4391 instituit
2514 4329 3054 4410 congregationem,
3076 4347 3228 4405 quae

604 4423 831 4496 septem
874 4421 1160 4479 ruthenos
1198 4438 1429 4478 necnon
1467 4425 1528 4479 et
1567 4421 1899 4497 Coptorum⁶
1942 4438 2119 4495 quam
2170 4421 2462 4496 plurimas
2513 4422 2628 4480 hab
2668 4406 2689 4431 ⁵
2768 4418 3077 4487 sessiones,
3127 4416 3229 4475 sed

603 4511 1001 4586 patriarcham
1021 4508 1409 4567 Alexandriae
1428 4512 1886 4569 commorantem
1943 4508 2551 4587 Clementeregnante‚
2568 4512 2780 4587 absqu.
2838 4506 2986 4564 xitu·
3022 4506 3231 4565 Piisei‘

604 4598 669 4657 in
699 4598 992 4657 Ecclesiae
1023 4616 1302 4657 romanae
1320 4598 1615 4656 unitatem
1644 4598 1884 4674 recepit,
1943 4617 2097 4656 mam
2129 4598 2302 4657 duxit
2317 4599 2499 4657 vitam
2518 4601 2798 4674 poeniten
2884 4613 2915 4651 e
2939 4593 3229 4664 deditam,

604 4687 849 4764 collegia
881 4706 989 4762 pro
1018 4686 1342 4761 juvenibus
1395 4686 1575 4745 scotis
1609 4689 1670 4744 et
1701 4687 1885 4764 illyri·
1941 4686 2062 4745 fere
2125 4687 2396 4761 quotidie
2457 4689 2867 4759 confitebatur,
2933 4685 3123 4757 atque
3186 4701 3231 4741 S·

605 4776 689 4835 cis
720 4775 1006 4845 instituit,
1032 4776 1365 4850 jubilaeum
1385 4774 1886 4850 ingentifidelium
1941 4774 2213 4851 Philippo
2245 4776 2444 4846 Nerio,
2479 4776 2617 4836 dein
2648 4779 2901 4838 Baronio
2920 4744 3237 4905 Ἁξθδαῖω·

3020 4966 3041 5023 ἰ

3040 5044 3055 5081 ι
