3625 5193
399 204 430 257 2
442 206 472 258 7
484 204 516 258 7
1337 182 1600 253 ortelius,
1628 183 1827 249 Garbe,
1853 185 2081 241 Martin.
2883 201 2915 255 2
2930 202 2961 257 7
2973 201 3011 256 g

391 371 740 430 nominatim
771 390 909 431 vero
942 371 1263 431 Abrabami
1293 374 1354 430 et
1385 370 1555 430 Pauli
1575 390 1664 447 ap.
1721 377 1897 446 caput
1925 377 2105 441 tuum,
2152 371 2372 447 Pragae
2412 380 2610 441 15903
2664 372 2733 429 de
2782 370 3019 431 Christo-

390 460 899 537 peregrinationes
960 460 1285 536 plurimum
1339 460 1669 519 illustravit
1724 478 1870 536 reqe,
1919 460 2251 536 legislatore,
2300 459 2607 535 sacerdote,
2637 459 2774 518 Deo.
2806 460 2901 519 Ps.
2934 461 3008 518 II.

388 550 684 608 Abraham
733 549 948 608 Ortel
965 549 1084 609 ius
1133 545 1341 631 (Ortel,
1384 544 1665 630 Wortels)
1724 550 1785 607 et
1846 547 1983 607 CIX.
2049 547 2335 625 Vulgatae
2413 546 2501 608 ed.
2566 549 3011 624 paraphrastica

390 638 836 713 Antverpiensis
874 658 933 700 n.
987 648 1081 702 14.
1130 640 1272 713 Apr.
1331 647 1516 709 1527,
1568 657 1667 714 ge·
1724 636 2002 696 methodo
2033 636 2316 713 exposita,
2349 636 2429 695 ib.
2471 646 2592 703 158
2604 647 2658 701 7.

391 726 689 804 ographus
704 727 929 786 celeber
940 724 1005 805 1),
1037 727 1134 786 sui
1148 727 1433 802 temporis
1449 726 1667 798 ,Ptolo-

392 822 608 875 maeus‘
648 816 846 875 dictus
893 812 958 897 (†
992 826 1046 878 4.
1078 815 1197 874 Jul.
1239 811 1450 897 1598),
1496 815 1668 891 cujus

393 908 535 964 sunt
571 907 971 984 per-cyrinatio
1020 907 1081 963 et
1132 905 1256 964 vita
1303 904 1670 980 patriarchae
1824 914 1963 968 121.
1994 905 2081 963 Ex
2113 904 2321 982 Anglis
2354 904 2652 964 mentione
2684 904 2902 981 dignus
2917 908 3017 964 est

392 994 726 1064 Abrahami,
789 993 1185 1070 Antverpia03
1247 1000 1420 1070 typus
1469 994 1667 1053 choro-
1725 995 2050 1072 Gregorius
2111 994 2395 1052 Martin
2458 993 2866 1063 SussexianuS,
2931 994 3007 1067 ob

387 1084 704 1161 yraphicus
723 1084 1214 1160 pereqrinationis
1261 1084 1318 1141 d.
1350 1083 1544 1156 Pauli,
1589 1082 1667 1140 ib.
1724 1083 1861 1142 fidei
1907 1083 2100 1142 avitae
2146 1101 2404 1141 amorem
2450 1083 2619 1141 exsul
2662 1077 2891 1164 (1570)
2943 1083 3006 1141 iu

399 1181 562 1235 1579
584 1193 598 1241 ;
622 1178 792 1249 typus
804 1172 1288 1250 choroyraphicua
1301 1172 1670 1230 celebriorum
1725 1172 2039 1250 collegium
2099 1172 2413 1248 anglorum
2475 1171 2659 1230 Duaci
2720 1174 3008 1246 receptus.

393 1262 642 1319 locorum
672 1261 867 1320 Judae
896 1260 1175 1337 etl-srael,
1208 1260 1286 1318 ib.
1316 1268 1499 1323 1586.
1533 1260 1671 1318 Alia
1725 1261 1862 1337 Ipso
1909 1262 2187 1320 hortante
2232 1261 2414 1319 etiam
2458 1260 2686 1318 celeber
2727 1258 3009 1335 Campion

393 1349 651 1425 ejusdem
684 1369 859 1426 opera
889 1349 963 1407 ad
993 1348 1415 1427 geographiam
1429 1350 1669 1408 univer·
1724 1368 1833 1426 pro
1865 1350 2059 1409 salute
2090 1349 2320 1408 animae
2351 1367 2493 1408 suae
2526 1348 2750 1409 Oxonio
2780 1347 3003 1408 disces·

395 1438 574 1497 salem
609 1439 958 1515 spectantia,
992 1439 1211 1514 quibus
1242 1439 1306 1496 in
1337 1438 1546 1514 primis
1576 1438 1667 1497 in-
1725 1440 1823 1498 sit.
1853 1439 2036 1498 Duaci
2086 1437 2287 1497 studio
2338 1457 2400 1497 se
2448 1437 2614 1496 dedit
2643 1436 2994 1514 theologiae,

392 1525 608 1597 notuit,
641 1526 1193 1603 praetermittimuS.
1226 1527 1310 1585 Ex
1345 1527 1437 1586 his
1471 1529 1672 1586 tamen
1724 1528 1790 1586 in
1821 1547 1943 1603 qua
1992 1527 2334 1586 licentiatus
2382 1525 2632 1603 gradum
2683 1526 3014 1602 promeruit

392 1617 451 1674 et
479 1616 772 1693 theologis
816 1634 1031 1693 magno
1075 1634 1205 1675 esse
1246 1617 1470 1691 poterit
1500 1616 1667 1675 usui:
1729 1614 1856 1699 (11.
1907 1616 2041 1675 Jan.
2082 1613 2295 1696 1575).
2357 1616 2604 1674 Romam
2654 1634 2715 1674 se
2755 1616 3012 1674 contulit

393 1704 1138 1782 Synonymiaqeoyrophica
1152 1704 1275 1763 sive
1294 1704 1667 1781 populorum,
1726 1708 1796 1764 ut
1828 1725 2068 1783 operam
2118 1723 2287 1764 suam
2319 1704 2608 1763 conferret
2646 1703 2719 1762 ad
2750 1704 3008 1763 fundan-

391 1794 717 1870 regionum,
749 1794 989 1853 urbium
1023 1838 1035 1853 .
1069 1838 1083 1852 .
1116 1838 1129 1851 .
1164 1793 1589 1870 appellationes
1611 1797 1671 1851 et
1726 1794 1870 1852 dum
1951 1793 2172 1853 ibidem
2233 1793 2564 1870 Anglorum
2628 1792 3008 1851 seminarium

390 1883 628 1941 nomina
660 1879 804 1964 (scil.
836 1883 1084 1959 antiqua
1114 1885 1177 1941 et
1192 1878 1496 1963 recentia),
1518 1884 1668 1941 Ant·
1729 1879 1982 1965 (1576):
2024 1901 2155 1941 mox
2186 1885 2388 1941 tamen
2418 1882 2491 1940 ab
2541 1882 2707 1940 Allen
2738 1882 3016 1954 Rbemos,

391 1972 624 2046 verpiae
665 1980 863 2042 15783
918 1981 1080 2034 1596
1130 1972 1218 2033 ed.
1267 1980 1321 2032 2.
1354 1971 1668 2046 inscripta:
1726 1991 1845 2047 quo
1891 1971 2213 2049 collegium
2263 1972 2593 2029 duacenum
2644 1971 2718 2029 ob
2765 1970 3008 2030 bellicas

401 2060 735 2119 Thesaurus
759 2062 1173 2137 qeoyraphicus
1185 2081 1213 2132 ,·
1257 2060 1607 2119 emendatus
1638 2080 1671 2118 a
1727 2061 1932 2120 turbas
1962 2060 2079 2118 fuit
2107 2059 2482 2129 translatum,
2522 2061 2847 2129 revocatus,
2894 2060 3009 2117 lin-

390 2150 647 2208 Moretto
680 2150 1039 2225 Antverpiae
1076 2160 1234 2213 1611
1263 2170 1278 2220 ς
1319 2158 1505 2212 1624.
1725 2168 1875 2227 guas
1942 2167 2212 2226 graecam
2281 2150 2341 2206 et
2410 2148 2741 2207 hebraicam
2809 2148 3012 2207 docuit

1727 2242 1910 2313 atque
1942 2256 2133 2297 sacras
2176 2237 2379 2296 literas
2423 2239 2515 2295 est
2560 2236 3009 2312 interpretatus.

487 2334 626 2389 120.
658 2326 707 2384 E
762 2327 1075 2386 Germanis
1121 2327 1532 2386 memorandus
1582 2328 1672 2385 est
1726 2328 2018 2388 Hortante
2047 2327 2276 2385 Allen
2320 2343 2454 2384 cum
2500 2325 2631 2383 aliis
2679 2325 3013 2383 versionem

394 2414 605 2474 Petrus
638 2414 942 2496 Carb02)
979 2416 1042 2474 Ο.
1075 2414 1345 2475 carthus,
1377 2418 1670 2491 metropa-
1726 2435 1769 2475 s.
1803 2416 2141 2490 Scripturae
2194 2414 2484 2491 anglicam
2535 2431 2848 2490 aggressus
2897 2417 3005 2471 est.

391 2503 555 2580 gitua
604 2500 665 2584 (†
705 2499 917 2585 1590),
965 2504 1134 2579 cujus
1165 2506 1336 2562 sunt:
1401 2503 1490 2562 De
1520 2506 1668 2563 veri·
1728 2504 1961 2564 Prodiit
2015 2504 2087 2562 N.
2147 2504 2209 2575 T,
2269 2502 2506 2561 Rhamis
2565 2510 2766 2572 15823
2830 2501 2894 2560 V.
2945 2502 3006 2562 T.

313 2633 318 2640 «
391 2601 501 2652 tate
537 2587 823 2666 hebi-nica,
870 2594 1168 2653 undenam
1215 2593 1354 2652 haec
1397 2592 1471 2651 ad
1520 2593 1668 2653 divi·
1727 2593 1967 2654 nonnisi
2008 2603 2192 2657 1609.
2234 2602 2398 2657 1610
2436 2595 2476 2651 t.
2514 2600 2570 2661 2,
2619 2590 2717 2650 cui
2757 2590 3006 2650 adnota-

390 2700 601 2741 norum
649 2682 941 2742 librorum
986 2682 1445 2760 intelligentiam
1491 2686 1672 2757 atque
1727 2685 1921 2743 tiones
1954 2701 2125 2757 saepe
2156 2681 2471 2758 polemicas
2496 2684 2558 2739 et
2571 2680 2807 2739 tabulas
2824 2680 3007 2738 histo-

390 2772 721 2830 versionem
768 2772 1025 2848 petenda
1074 2771 1169 2842 sit,
1223 2772 1445 2847 Pragae
1504 2781 1667 2834 1590
1726 2773 1877 2832 ricas
1939 2772 2283 2848 adjecerunt
2331 2770 2659 2830 Bristow
2707 2772 2770 2828 et
2817 2769 3016 2827 Wor·

390 2860 452 2917 in
477 2869 548 2930 83
599 2859 838 2938 Vulqata
869 2861 1039 2919 editio
1069 2860 1264 2937 graeci
1294 2859 1671 2936 hebraicique
1726 2854 2177 2940 thingt0n1).
2240 2858 2442 2935 Magni
2503 2858 2679 2935 pretii
2729 2861 2822 2916 est
2867 2858 3009 2916 haec

389 2952 607 3019 textuS,
642 2967 867 3009 necnon
915 2967 1102 3008 novae
1152 2968 1219 3008 ex
1254 2951 1510 3024 utroque
1541 2968 1668 3008 ver·
1728 2950 1919 3009 versio
1969 2950 2031 3007 et
2080 2948 2397 3008 admodum
2448 2946 2637 3006 fidelis
2648 2942 2718 3027 2),
2766 2947 3007 3021 saepius

391 3037 572 3096 sionis
617 3040 678 3096 et
720 3038 1016 3098 variarum
1063 3037 1515 3097 annotationum
1547 3037 1671 3096 suf·
1726 3038 1925 3109 edita3
1974 3040 2035 3095 et
2084 3041 2304 3107 tamen,
2355 3035 2513 3112 quod
2559 3038 2845 3112 sequatur
2877 3034 3010 3095 vul-

389 3125 592 3203 fragiis
654 3147 688 3184 a
745 3131 1099 3186 novatorum
1175 3126 1672 3204 suggilationibus
1727 3132 1923 3204 gatam
1956 3125 2220 3184 nondum
2254 3124 2623 3184 emendatam
2663 3127 2724 3182 et
2754 3124 3017 3199 saepiuS,

389 3215 692 3274 vindicata
721 3220 782 3275 et
799 3216 1241 3292 paraphrastica
1265 3215 1539 3276 methodo
1571 3234 1668 3273 ex·
1727 3235 1849 3275 non
1879 3214 2119 3291 quidem
2151 3215 2216 3272 in
2247 3214 2479 3283 melius,
2512 3213 2697 3271 fuerit
2728 3216 3005 3282 correcta,

388 3303 602 3380 posita,
635 3303 713 3362 ib.
757 3315 913 3368 1591
955 3304 1023 3363 in
1057 3315 1128 3375 ὃς
1174 3306 1564 3362 commentatio
1609 3306 1672 3362 in
1727 3304 2133 3364 emendatione
2164 3306 2226 3361 et
2244 3302 2663 3361 retractatione
2683 3301 2887 3377 indiga
2906 3301 3008 3359 de-

391 3394 609 3451 dictum
643 3393 782 3455 Gen.
819 3394 877 3470 3,
907 3396 989 3451 15
1009 3414 1031 3451 .·
1060 3393 1200 3469 Ipsa
1230 3399 1474 3451 conteret
1501 3399 1672 3468 caput
1726 3394 1946 3452 clarata
1966 3390 2739 3468 fuitabAngliaeepiscopis
2762 3385 3008 3469 (1855).

391 3489 574 3559 tuum,
638 3481 718 3541 ib.
789 3492 987 3552 158ος
1058 3483 1275 3541 Contra
1335 3482 1668 3557 viperarum
1725 3482 1922 3557 Hujus
1954 3480 2239 3539 versionis
2273 3478 2573 3538 occasione
2593 3477 2832 3552 scripsit
2851 3478 3004 3535 Mar-

390 3570 691 3646 genimina
734 3571 800 3629 in
844 3570 995 3629 illud
1040 3572 1179 3629 Gen.
1242 3571 1385 3646 Ipsa
1431 3576 1673 3629 conteret
1725 3571 1819 3629 tin
1851 3570 2062 3628 etiam:
2114 3569 2168 3626 A
2203 3569 2524 3626 Discoverie
2572 3568 2645 3640 of
2677 3567 2765 3623 the
2811 3566 3007 3624 Mani-

1726 3660 1848 3734 fold
1882 3658 2261 3731 Corruptions
2291 3656 2360 3729 of
2381 3656 2468 3713 the
2498 3657 2550 3715 h..
2573 3655 2905 3730 Scripturas
2925 3655 3006 3731 by

392 3740 1148 3867 ..stsstffssffsssstzzffia
1172 3738 1671 3865 zea-aze
2218 3743 2284 3803 0f
2326 3762 2436 3845 0..

1152 3853 1165 3877 ⁹
1724 3836 1828 3895 the
1876 3835 2126 3913 English
2173 3833 2477 3904 Sectanes‚
2526 3832 2762 3892 Bhe1ms
2818 3841 3004 3896 1582.

392 3899 518 3937 eum
544 3883 878 3965 recepimus.
905 3881 1339 3964 Wanvvermans
1381 3898 1528 3963 yero,
1570 3881 1670 3950 qui
2042 3925 2053 3937 .
2400 3924 2411 3935 .
2771 3921 2782 3933 .

392 3954 512 4009 fuse
539 3958 599 4009 et
621 3954 844 4008 erudite
885 3954 954 4007 de
990 3970 1056 4010 eo
1084 3954 1313 4007 disserit
1338 3951 1525 4022 Biogr.
1552 3954 1668 4012 nat,
1725 3927 1782 3982 Α
1860 3925 2113 3983 '1⁷²’ssstth
2161 3924 2231 3997 Of
2276 3922 2554 3997 thstmsst
2603 3923 2788 3980 Duacl
2841 3930 3005 3983 1578

391 4025 458 4079 de
473 4025 631 4096 Belg.
647 4025 795 4090 XVI,
810 4029 1112 4089 291-332,
1129 4024 1326 4078 scribit
1342 4044 1354 4077 :
1372 4025 1670 4078 Au‘ourd'·

391 4095 493 4150 hui
518 4112 733 4160 encore,
760 4096 803 4150 il
829 4096 1001 4150 serait
1039 4098 1151 4151 tres
1177 4094 1409 4149 difficile
1476 4112 1506 4150 e
1526 4095 1671 4149 deci·

391 4167 518 4221 dere
547 4167 638 4221 s'il
653 4168 745 4221 fut
759 4170 1076 4236 protestant
1100 4184 1174 4220 ou
1201 4169 1244 4219 s'
1260 4164 1305 4219 il
1319 4168 1470 4220 resta
1484 4166 1670 4220 catho-
1802 4168 1842 4236 ¹)
1887 4165 1973 4217 Ad
2018 4165 2167 4218 hauc
2195 4163 2503 4218 versionem
2555 4179 2781 4232 operam
2833 4162 3006 4217 etiam

389 4237 545 4308 lique
571 4241 648 4311 (p.
673 4242 820 4303 295).
847 4237 1200 4293 Gerhardum
1226 4238 1523 4292 Mercato
1535 4254 1670 4291 rem
1725 4253 1888 4291 suam
1908 4234 2156 4289 contulit
2176 4235 2449 4289 Henricus
2471 4235 2518 4288 H
2533 4233 2775 4289 olland
2794 4235 3011 4289 Daven-

408 4320 435 4371 †
461 4314 620 4376 1594)
647 4310 708 4363 in
733 4309 909 4379 priori
933 4310 1019 4364 ed.
1060 4308 1391 4379 recepimus,
1430 4309 1527 4362 sed
1547 4309 1670 4379 jam
1726 4307 1951 4362 triensis
1992 4309 2040 4378 (†
2065 4309 2150 4363 28.
2180 4306 2334 4375 Sept.
2361 4307 2540 4377 1625),
2578 4306 2742 4385 cujus
2786 4306 3017 4359 exstant

434 4381 726 4436 ossevinus
748 4381 813 4434 in
837 4381 974 4435 bibl.
1013 4381 1113 4434 sel.
1152 4379 1310 4434 dolet
1347 4396 1474 4433 eum
1500 4397 1535 4434 a
1561 4379 1670 4434 fide
1726 4378 1949 4447 aliquot
1972 4377 2248 4446 opuscula
2273 4377 2342 4430 de
2367 4375 2722 4430 eucharistia.

388 4452 665 4506 catholica
679 4451 854 4507 fuisse
869 4450 1123 4506 alienum
1142 4472 1155 4504 ε
1171 4467 1345 4520 quare
1360 4450 1527 4504 modo
1543 4467 1669 4504 eum
1798 4453 1842 4522 ²)
1869 4448 1951 4502 Cf.
1992 4446 2328 4503 Bellesheim
2368 4447 2456 4501 W.
2499 4447 2657 4500 Card.
2699 4445 2868 4500 Allen
2895 4445 3015 4498 Mo-

389 4522 725 4577 omittimus.
775 4523 857 4576 Cf.
899 4521 1180 4593 Breusing
1219 4521 1353 4591 allg.
1400 4521 1453 4577 d.
1480 4521 1667 4591 Biogr.
1767 4518 1964 4574 untiae
2005 4522 2160 4577 1885.
2199 4534 2330 4588 pag.
2356 4521 2427 4576 88
2453 4536 2523 4574 ss,
2546 4539 2559 4579 ς
2601 4520 2660 4572 et
2683 4516 2877 4573 Gesch.
2906 4517 3006 4571 der

389 4593 535 4661 XXI,
561 4598 866 4651 385-396.
1726 4540 1781 4645 ξ.
1810 4590 2016 4646 Kirche
2041 4591 2102 4643 in
2128 4589 2221 4643 1r1.
2247 4589 2342 4654 ΙΙΙ,
2368 4593 2471 4646 361
2494 4610 2505 4650 ;
2530 4588 2592 4643 in
2610 4588 2809 4658 primis
2828 4587 3008 4641 Wise·

461 4668 502 4738 ²)
529 4664 696 4719 Alius
711 4665 785 4718 ab
800 4682 884 4730 eo,
901 4666 1063 4734 cujus
1081 4682 1252 4735 supra
1263 4662 1504 4718 fecimus
1518 4679 1668 4717 men·
1725 4679 1861 4716 man
1899 4662 1958 4716 in
1999 4661 2117 4715 suis
2156 4660 2287 4714 diss.
2333 4677 2480 4728 quae
2519 4660 2849 4728 prodierunt
2888 4675 3008 4729 ger·

388 4735 598 4792 tionem
623 4753 757 4806 pag.
786 4741 907 4793 156.
1726 4733 1946 4787 manice
1987 4732 2327 4786 Ratisbonae
2354 4735 2512 4788 1854.
2540 4735 2578 4784 t.
2607 4736 2654 4787 1.
2682 4748 2811 4800 pag.
2838 4734 2909 4787 65
2935 4746 3004 4783 se.
