3625 5193
497 255 624 309 683

981 238 1351 292 1621—1640.
1381 230 1687 300 Theologia
1714 229 1965 301 positiva
1989 233 2046 285 et
2072 230 2348 300 polemica
2372 231 2434 284 in
2459 230 2642 283 Italia.

2989 248 3112 302 684

496 423 639 481 nino
672 421 883 479 similis
915 423 976 478 et
1006 438 1234 494 pauper
1266 419 1582 494 religiosus
1604 422 1666 476 et
1686 434 1777 474 ec-
1834 423 2149 494 propterea
2180 417 2252 475 ad
2283 416 2856 492 archiepiscopatum
2901 437 3114 495 capua-

496 511 706 570 clesiae
737 527 1012 567 romanae
1054 507 1327 582 princeps
1358 506 1516 565 idem
1547 524 1779 581 semper

495 599 695 668 fuerit,
731 599 793 656 in
825 616 1011 656 unum
1043 596 1355 672 religiosae
1402 596 1558 654 vitae
1589 597 1651 653 et
1682 613 1776 653 sa-

495 707 626 747 crae
658 687 972 764 dignitatis
1004 686 1204 743 munia
1236 685 1615 760 conjungens.
1662 684 1772 741 Ne·

497 795 613 851 que
658 776 755 833 hic
801 775 972 834 stelit
1015 774 1312 849 pontificis
1356 774 1539 842 favor,
1587 771 1779 832 voluit

495 866 671 937 enim,
705 869 778 923 ut
824 863 1219 922 Bellarminus
1268 880 1421 937 quae
1466 862 1539 920 ad
1583 861 1779 920 Eccle-

496 955 616 1013 siae
651 953 999 1012 universalis
1029 952 1250 1009 bonum
1283 950 1561 1020 facerent,
1597 950 1778 1008 libere

494 1047 556 1102 et
588 1044 814 1102 sincere
848 1042 964 1100 sibi
995 1040 1251 1115 aperiret
1271 1046 1449 1115 atque
1469 1028 1775 1108 indicaret,

495 1133 655 1207 quod
687 1135 749 1189 et
781 1129 1095 1188 cardinalis
1129 1129 1452 1204 apostolica
1476 1128 1778 1203 praestitit

494 1221 773 1279 libertate
786 1217 854 1299 ¹).
904 1220 1076 1276 Anno
1134 1227 1298 1279 1602
1351 1217 1626 1276 ecclesiae
1685 1234 1778 1274 ca-

494 1328 727 1385 puanae
749 1308 1227 1382 archiepiscopus
1241 1306 1460 1381 abipso
1481 1305 1780 1364 Clemente

496 1399 897 1475 inauguratus
930 1401 1023 1454 est
1053 1414 1265 1472 magno
1298 1395 1478 1470 hujus
1506 1394 1778 1453 ecclesiae

498 1486 733 1566 bono2).
781 1487 935 1543 Sunt
975 1490 1175 1543 tamen
1208 1484 1313 1559 qui
1360 1487 1595 1559 putent,
1645 1501 1777 1541 eum

575 1728 613 1796 ¹)
642 1724 723 1779 Cf.
751 1725 889 1778 haec
925 1723 1162 1777 consilia
1187 1722 1491 1792 prudentia
1529 1723 1698 1791 plena
1722 1722 1782 1775 in

496 1797 618 1867 ejus
648 1796 764 1849 vita
788 1795 824 1848 l.
853 1799 886 1850 3
913 1811 957 1849 c.
985 1799 1034 1850 5.
1080 1794 1203 1847 Illis
1246 1793 1490 1862 subiecit
1525 1794 1782 1864 pontifex

498 1885 628 1921 suas
654 1866 1186 1928 animadversiones,
1227 1881 1370 1932 quas
1413 1867 1563 1920 hisce
1604 1865 1783 1919 absol-

496 1938 610 1992 vit:
653 1937 837 2002 „Haec
864 1937 1113 2007 paucula
1146 1937 1230 1990 ita
1256 1938 1505 1990 cunctim
1542 1937 1784 1990 diximus

496 2026 611 2065 non
637 2009 710 2062 ad
747 2008 1091 2062 excusandas
1134 2007 1523 2063 excusationes
1563 2007 1624 2061 in
1662 2024 1785 2078 pec-

498 2081 666 2134 catis:
702 2080 799 2134 sed
827 2083 893 2132 ut
918 2079 1039 2149 ipse
1066 2080 1254 2149 potius
1282 2079 1614 2133 misereatur
1641 2079 1784 2133 diffi-

498 2151 822 2216 cultatibus,
850 2151 1055 2219 quibus
1074 2150 1344 2221 impliciti
1365 2151 1424 2203 in
1445 2152 1547 2204 has
1569 2168 1785 2205 aerum-

497 2241 598 2277 nas
623 2223 947 2277 incidimus.
991 2223 1261 2276 Fatemur
1296 2222 1446 2276 enim
1485 2223 1697 2276 nedum
1724 2222 1784 2274 in

497 2296 639 2359 istis,
680 2294 774 2348 sed
804 2294 865 2346 in
901 2292 1029 2347 aliis
1053 2293 1251 2347 multis
1278 2310 1395 2358 nos,
1435 2292 1550 2346 imo
1584 2294 1643 2345 in
1672 2310 1785 2346 om-

497 2366 666 2420 nibus
692 2381 946 2436 peccasse
973 2370 1032 2419 et
1065 2365 1122 2417 in
1151 2364 1315 2418 nulla
1355 2382 1412 2418 re
1439 2363 1663 2418 muneri
1689 2379 1785 2416 no-

498 2441 613 2491 stro
636 2436 970 2491 satisfecisse
989 2452 1092 2489 nec
1111 2435 1451 2495 satisfacere,
1479 2435 1664 2506 Roget
1684 2435 1784 2504 igi-

499 2511 593 2562 tur
619 2510 796 2562 Deum
837 2508 1301 2579 omnipotentem,
1342 2507 1433 2560 vel
1468 2509 1532 2560 ut
1565 2521 1669 2559 sua
1704 2506 1784 2559 di-

504 2579 635 2634 vina
661 2581 721 2633 et
744 2577 1131 2632 efficacissima
1157 2579 1345 2648 gratia
1365 2578 1526 2632 nobis
1548 2577 1785 2648 opitule-

498 2654 609 2716 tur,
635 2651 728 2704 vel
755 2650 908 2717 quod
948 2649 1129 2719 magis
1157 2652 1440 2717 optamus,
1481 2652 1548 2702 ut
1574 2666 1673 2701 nos
1711 2651 1783 2702 ab

499 2723 606 2775 hoc
642 2719 871 2774 mortali
904 2720 1134 2774 vinculo
1174 2720 1453 2784 absolvat,
1492 2720 1784 2788 aliumque

500 2792 787 2861 subroget,
830 2792 928 2858 qui
956 2792 1217 2844 omnibus
1254 2792 1497 2845 numeris
1534 2792 1785 2845 officium

499 2863 609 2916 sibi
652 2862 973 2930 injunctum
1019 2862 1324 2916 absolvat.“
1387 2864 1576 2916 Minus
1621 2866 1786 2932 grata

499 2935 655 2987 fuere
669 2932 1096 2987 ClementiVllI.
1113 2933 1223 2986 tria
1235 2933 1560 2987 Bellarmini
1572 2935 1786 3003 scripta

499 3004 786 3059 occasione
803 3004 1309 3058 controversiarum
1331 3005 1401 3058 de
1421 3004 1645 3058 auxiliis
1661 3024 1784 3075 gra-

500 3076 612 3129 tiae
639 3078 697 3129 et
713 3074 960 3128 Molinae
987 3078 1307 3143 systemate.
1343 3076 1427 3131 Cf.
1453 3076 1784 3130 Bellarmini

500 3162 585 3216 ep.
625 3146 686 3199 in
715 3148 845 3199 voto
880 3146 1030 3203 card.
1066 3146 1350 3201 Passionei
1390 3148 1547 3216 apud
1570 3147 1783 3202 contin.

503 3218 634 3272 hist.
662 3216 873 3271 Fleurii
900 3217 935 3272 l.
962 3222 1084 3274 242.
1111 3227 1138 3283 ς
1163 3222 1211 3274 6.
1242 3236 1296 3282 n,
1324 3222 1408 3274 23.

574 3293 614 3361 2)
643 3288 787 3342 Hinc
815 3288 1156 3343 Batonius
1183 3290 1256 3342 ad
1282 3307 1330 3342 a.
1359 3293 1464 3346 968
1488 3308 1545 3341 n.
1572 3294 1640 3346 92
1673 3289 1782 3343 lae·

497 3361 786 3415 tabundus
814 3360 881 3413 de
898 3361 1004 3413 hac
1024 3361 1377 3429 promotione
1394 3359 1617 3415 scribit:
1647 3362 1782 3421 „His

498 3448 628 3485 vero
655 3431 868 3493 diebus,
899 3431 1106 3499 quibus
1127 3433 1263 3485 haec
1288 3432 1587 3486 scribimus
1609 3433 1781 3503 (quod

496 3521 609 3557 non
638 3503 963 3573 tacendum)
989 3504 1303 3556 maximum
1340 3504 1575 3557 accessit
1600 3503 1780 3558 eidem

499 3573 761 3629 ecclesiae
788 3579 1199 3637 ornamentum,
1228 3574 1364 3627 dum
1395 3616 1406 3627 .
1444 3615 1456 3628 .
1493 3616 1504 3628 .
1535 3574 1783 3629 delectus

499 3648 584 3700 est
609 3663 642 3697 a
669 3662 738 3697 ss.
756 3645 819 3697 D.
838 3645 908 3697 N.
927 3645 1211 3699 Clemente
1246 3645 1402 3715 Papa
1423 3645 1564 3700 VIII.
1593 3647 1667 3700 ad
1691 3664 1784 3699 no-

497 3716 802 3770 bilissimae
828 3716 1088 3770 ecclesiae
1129 3718 1382 3784 regimen
1411 3717 1496 3769 vir
1529 3718 1783 3771 doctissi-

500 3787 674 3840 simus
700 3802 763 3838 ac
790 3786 1242 3855 religiosissimus
1260 3788 1392 3841 Rob.
1412 3787 1784 3842 Bellarminus

501 3857 552 3910 S.
583 3856 646 3910 R.
675 3855 734 3914 Ε,
762 3855 911 3908 card.
951 3857 1224 3910 virtutum
1255 3859 1466 3912 meritis
1509 3861 1616 3913 toti
1645 3861 1784 3912 chri-

500 3927 684 3980 stiano
724 3926 845 3979 orbi
886 3927 1242 3995 conspicuus,
1287 3932 1579 3999 exoptatus
1620 3931 1782 3993 votis,

500 3996 859 4050 collaudatus
871 3998 1151 4065 suffragiis
1165 4001 1336 4067 atque
1349 4005 1612 4070 exceptus
1623 4002 1681 4070 pl
1689 4020 1783 4055 au·

500 4085 567 4121 su
593 4067 740 4120 illud
770 4084 924 4121 sacro
950 4068 1186 4137 collegio
1212 4071 1627 4125 conclamante:
1656 4078 1783 4141 Digr-

500 4156 603 4192 nus
628 4142 870 4206 diynae.“
909 4140 1077 4193 Arcta
1104 4141 1319 4194 exstitit
1342 4142 1488 4195 inter
1514 4144 1615 4195 hos
1641 4144 1783 4196 duos

502 4208 651 4261 viros
687 4226 934 4263 summos
969 4211 1236 4277 amicitia,
1279 4217 1341 4265 ut
1373 4215 1490 4281 jam
1534 4214 1782 4267 vidimus

501 4296 673 4349 supra
687 4280 755 4332 de
770 4280 1014 4334 Baronio
1034 4299 1084 4351 p.
1099 4287 1202 4338 533
1219 4300 1267 4336 a.
1286 4306 1296 4337 :
1313 4287 1370 4337 et
1382 4285 1583 4352 quanti
1600 4285 1692 4338 hic
1709 4286 1784 4339 fe-

502 4350 639 4404 cerit
665 4350 1068 4406 Bellarminum
1098 4353 1385 4423 colligitur
1415 4372 1480 4408 ex
1507 4356 1686 4423 ipsius
1713 4356 1781 4409 ad

502 4438 631 4474 eum
657 4421 854 4476 literis.
904 4424 1117 4483 „Testis
1144 4430 1228 4478 est
1253 4426 1420 4490 Deus,
1460 4427 1658 4480 scribit
1686 4428 1782 4479 Ba-

501 4493 690 4544 ronius
724 4511 851 4546 eum
892 4498 956 4546 ut
980 4494 1214 4548 Romam
1260 4496 1479 4550 veniret
1516 4497 1782 4563 invitans,

503 4578 591 4613 me
612 4562 756 4615 nihil
775 4567 893 4616 tam
911 4581 1130 4632 cupere,
1161 4582 1330 4635 quam
1353 4573 1417 4619 ut
1436 4567 1600 4622 simul
1617 4570 1781 4634 adsis,

506 4647 619 4697 quo
647 4647 748 4699 ego
773 4636 1058 4688 conferam
1086 4636 1189 4689 tibi
1228 4639 1466 4690 subinde
1492 4656 1578 4692 res
1614 4657 1781 4693 meas.

506 4701 791 4782 Statueres
813 4704 1062 4771 profecto
1085 4705 1145 4758 in
1162 4708 1306 4760 vado
1327 4708 1670 4779 naufragum
1691 4728 1784 4764 cor

504 4787 691 4825 meum
734 4791 793 4824 in
826 4773 1029 4843 pelago
1064 4775 1380 4830 demersum
1397 4779 1674 4834 flebilium
1698 4798 1782 4834 ae-

1834 526 1982 566 num
2014 507 2194 566 fuisse
2226 508 2580 581 promotum,
2614 511 2686 564 ut
2729 507 2909 565 Roma
2954 527 3113 567 amo-

1835 603 2091 655 veretur.
2144 595 2445 669 Quidquid
2498 596 2579 652 sit
2622 595 2695 653 de
2739 596 2971 655 ratione
3004 597 3115 654 hu-

1827 686 1928 761 jus
1986 684 2394 761 promotioniS,
2457 688 2686 742 certum
2731 689 2841 754 est,
2892 686 3115 744 Bellar-

1834 775 2065 831 minum
2096 774 2272 831 etiam
2308 772 2580 847 sequenti
2611 777 2881 849 tempore
2899 794 3116 851 magna

1833 862 2189 921 auctoritate
2232 861 2391 937 apud
2437 861 2796 920 Clementem
2827 862 2981 921 VIII.
3014 883 3116 922 va·

1837 952 2036 1020 luisse,
2071 955 2142 1009 ut
2176 956 2341 1026 patet
2371 970 2440 1009 ex
2485 950 2779 1025 pontificis
2824 951 2898 1009 ad
2941 952 3117 1010 illum

1834 1040 2040 1109 liter-ie,
2075 1040 2140 1097 in
2172 1040 2393 1115 quibus
2438 1043 2672 1115 praeter
2717 1040 2835 1098 alia
2879 1041 3120 1099 scribit:

1839 1169 1865 1198 ,
1880 1129 2068 1188 Sensu
2099 1129 2293 1186 cordis
2318 1129 2571 1187 maximo
2591 1130 3009 1204 amplectimur
3029 1129 3117 1187 of-

1834 1218 2049 1286 ficium,
2083 1235 2201 1292 quo
2245 1217 2513 1294 fungeris
2559 1236 2698 1293 erga
2744 1236 2851 1277 nos
2899 1219 3116 1277 occasi·

1836 1325 1946 1366 one
1988 1306 2321 1364 nativitatis
2368 1306 2613 1376 Domini,
2659 1307 2991 1382 tuissetque
3022 1308 3118 1366 hic

1837 1414 2045 1454 sensus
2076 1397 2278 1470 major,
2320 1395 2370 1452 si
2402 1395 2702 1453 declinans
2735 1396 3117 1455 consuetudi-

1837 1504 1973 1542 nem
2020 1484 2173 1542 hanc
2225 1484 2395 1543 aulae
2445 1484 2721 1561 colligere
2788 1485 3118 1544 studuisses

1840 1573 2058 1648 potius,
2093 1592 2247 1647 quae
2278 1574 2650 1647 peccavimus
2682 1593 2835 1632 anno
2857 1575 2986 1649 jam
3018 1593 3117 1632 ex·

1839 1667 1985 1732 acto,
2020 1666 2093 1720 ut
2122 1661 2194 1720 de
2226 1661 2316 1719 his
2346 1681 2452 1720 nos
2486 1663 2874 1721 commonitos
2919 1663 3117 1721 erudi-

1840 1770 1947 1821 res,
1982 1770 2101 1826 quo
2134 1755 2307 1826 pacto
2347 1769 2658 1825 possemus
2706 1771 2925 1810 annum
2960 1752 3117 1810 inse-

1841 1845 2123 1916 quentem
2156 1841 2230 1897 ab
2264 1841 2351 1898 eis
2395 1842 2702 1916 repurgati
2749 1841 2965 1899 melius
3012 1861 3118 1900 au-

1841 1929 2071 2006 spicari,
2106 1928 2578 2004 serviremusque
2609 1929 2938 2003 impensius
2961 1930 3115 1987 divi-

1838 2038 1949 2077 nae
1981 2017 2340 2091 majestati}
2380 2018 2566 2086 Quam
2589 2019 2960 2076 sanctissime
2980 2037 3113 2094 gre·

1839 2127 1971 2184 gem
2004 2106 2404 2165 Bellarminus
2436 2108 2669 2176 rexerit,
2706 2110 2974 2166 nostrum
2998 2126 3117 2165 non

1839 2200 1934 2254 est
1965 2195 2242 2272 pluribus
2274 2195 2546 2270 exsequi3
2581 2194 2643 2252 id
2673 2215 2862 2253 unum
2891 2199 3119 2254 certum

1839 2288 1948 2353 est,
1983 2303 2119 2342 eum
2153 2302 2353 2341 omnes
2385 2289 2584 2359 partes
2616 2285 2829 2358 optimi
2864 2285 3119 2360 pastoris

1841 2373 2164 2449 diligenter
2202 2373 2529 2447 explevisse
2576 2392 2719 2449 erga
2764 2392 2939 2431 suum
2986 2392 3118 2450 gre-

1840 2481 1991 2537 gem,
2024 2462 2128 2537 qui
2160 2481 2293 2519 eum
2337 2466 2510 2519 tanto
2556 2481 2752 2520 amore
2786 2466 2847 2520 et
2878 2481 3118 2521 venera·

1840 2552 2003 2611 tione
2050 2550 2530 2626 prosequebatur,
2580 2553 2649 2609 ut
2694 2569 2831 2610 cum
2862 2551 2950 2609 illi
2982 2555 3118 2628 post

1842 2640 2160 2699 Clementis
2196 2640 2344 2698 VIII.
2373 2642 2617 2699 mortem
2640 2641 2713 2698 ad
2733 2641 3001 2699 vaticana
3022 2660 3118 2699 co·

1841 2729 2007 2787 mitia
2036 2728 2413 2804 migrandum
2451 2732 2623 2800 esset,
2671 2730 3119 2788 illacrimantem

1840 2822 2029 2876 totam
2060 2818 2268 2876 urbem
2304 2817 2548 2888 videret,
2596 2820 2776 2893 atque
2822 2817 3117 2876 discessu-

1841 2925 1945 2964 rus
1979 2908 2118 2966 haec
2150 2906 2385 2965 audiret
2416 2907 2739 2965 dicentem:
2790 2907 2920 2973 ,Ne
2953 2907 3120 2965 dere-

1842 2996 2075 3071 linquas
2120 3014 2246 3071 nos,
2294 3000 2499 3069 pastor
2544 2996 2723 3064 bone;
2772 3014 2846 3054 ne
2885 2995 3122 3054 deseras

1837 3306 2185 3342 rumnarum.
2233 3287 2307 3341 Et
2332 3305 2463 3342 vero
2500 3289 2545 3341 si
2570 3288 2627 3341 id
2665 3288 2971 3357 susciperes
2995 3306 3121 3343 con-

1838 3360 1966 3422 silii,
2010 3376 2173 3413 nemo
2199 3376 2317 3413 rem
2342 3360 2603 3427 iniquius
2635 3359 3119 3429 interpretaretur,

1839 3435 1894 3485 te
1921 3431 1994 3485 ad
2034 3447 2249 3484 menses
2286 3447 2496 3499 paucos
2523 3442 2580 3483 et
2617 3431 2809 3485 animo
2848 3431 3120 3485 redeundi

1840 3503 2075 3556 Romam
2093 3504 2356 3572 cogitare.
2382 3500 2538 3554 Fecit
2556 3502 2660 3554 hoc
2672 3502 2954 3555 interdum
2971 3503 3118 3556 card.

1844 3574 2226 3637 Boi-romaeus,
2267 3573 2605 3627 sanctissimi
2631 3572 3120 3641 laudatissimique

1841 3645 1926 3698 vir
1964 3643 2226 3713 exempli,
2271 3648 2330 3698 et
2367 3645 2577 3697 multos
2612 3648 2945 3713 conspectus
2985 3646 3119 3697 tuus

1839 3718 2158 3769 recrearet*
2207 3717 2291 3768 Ita
2319 3732 2448 3768 vero
2478 3715 2765 3769 occasione
2793 3715 2977 3784 operis
3000 3716 3123 3770 Bel-

1839 3786 2064 3841 larmini
2094 3786 2162 3839 de
2197 3786 2592 3841 controversiis
2632 3787 2826 3840 scribit
2864 3788 3052 3841 annal.
3080 3788 3121 3843 t.

1840 3864 1890 3915 1.
1917 3873 1965 3910 a.
1984 3862 2052 3913 53
2076 3875 2128 3911 11.
2145 3861 2240 3912 32:
2273 3857 2403 3917 „Est
2424 3860 2481 3912 et
2497 3858 2559 3913 R.
2580 3858 2637 3913 P.
2663 3858 3122 3912 Bellarminus

1840 3928 2158 3981 Politianus
2210 3929 2602 3996 (traditionum
2653 3929 2957 3998 defensor),
3018 3929 3119 3997 qui

1839 3999 2054 4052 multos
2068 4015 2246 4052 annos
2268 4000 2327 4052 in
2348 4000 2437 4052 bis
2453 3998 2883 4069 (controversiis)
2900 4016 3120 4052 summa

1839 4087 1967 4124 cum
1990 4070 2154 4123 laude
2177 4073 2433 4123 versatus
2453 4075 2536 4123 est
2563 4071 2767 4124 Romae
2783 4066 3006 4138 publice
3027 4069 3120 4123 do·

1839 4158 1967 4195 cens
2008 4144 2066 4194 et
2099 4141 2203 4194 hoc
2243 4141 2368 4210 ipso
2404 4158 2569 4207 anno,
2611 4159 2720 4209 quo
2755 4141 2895 4195 haec
2929 4144 3120 4195 nostra

1839 4212 2091 4267 cudimus
2117 4229 2248 4265 suas
2269 4214 2336 4264 de
2357 4213 2749 4267 controversiis
2782 4212 3121 4266 christianae

1838 4283 1969 4337 fidei
1986 4283 2401 4351 disputationes
2420 4285 2688 4337 adversus
2722 4284 3037 4338 haereticos
3051 4285 3124 4338 ab

1839 4353 2075 4410 eruditis
2101 4355 2364 4408 omnibus
2397 4356 2561 4409 avide
2582 4358 2906 4424 expectatae
2928 4360 2986 4409 et
3002 4356 3123 4424 jam

1839 4429 2096 4494 acceptas
2136 4428 2193 4479 et
2243 4425 2478 4481 mirifice
2524 4426 2872 4495 praedicatas
2916 4427 3121 4481 edidit:

1840 4497 2254 4551 nobilissimum
2279 4497 2449 4566 plane
2470 4514 2625 4565 opus,
2648 4497 2798 4564 quod
2819 4498 2998 4551 instar
3013 4499 3123 4550 tur·

1838 4568 1916 4622 ris
1932 4568 2103 4632 illius,
2135 4585 2305 4635 quam
2322 4568 2504 4623 David
2521 4569 2841 4622 aedificavit
2857 4586 2985 4621 cum
3002 4583 3122 4637 pro·

1840 4639 2193 4710 pugnaculis,
2234 4655 2302 4691 ex
2329 4655 2444 4708 qua
2472 4640 2627 4694 mille
2660 4640 2915 4709 pendent
2937 4638 3121 4707 clypei

1839 4714 1897 4763 et
1923 4710 2107 4763 omnis
2126 4714 2419 4765 armatura
2444 4711 2675 4764 fortium
2692 4711 2871 4783 (Cant.
2897 4714 3036 4783 4‚4)‚
3062 4710 3123 4763 in

1840 4780 2088 4834 Ecclesia
2115 4780 2442 4836 habeatur.“
