3625 5193
586 240 707 295 991·
973 224 1105 276 1641
1122 222 1339 277 -1663.
1368 216 1561 272 Theol.
1589 216 1872 284 polemica
1894 214 1960 270 in
1987 215 2190 270 Gallia.
2219 214 2444 285 Froyer,
2472 216 2541 268 de
2568 214 2827 280 Raconis,
3084 236 3215 287 992

586 408 761 466 Peres
793 407 896 465 des
928 406 1210 482 premiers
1258 404 1461 462 siecles
1495 402 1567 460 de
1601 400 1868 477 l'Eglise‚
1925 419 2128 460 omnes
2179 400 2555 476 objectiones,
2601 401 2848 460 Parisiis
2905 410 3089 464 1646.
3129 436 3214 445 -

587 496 827 555 Parisiis
852 504 1018 558 1620
1041 495 1102 553 in
1122 491 1867 568 8.—-GeorgiusFroyer,
1926 490 2188 566 Angelus
2221 490 2307 547 de
2339 490 2724 569 Raconis¹)
2757 484 2821 572 (†
2847 486 3041 573 1659)
3076 492 3221 565 plu·

588 586 798 660 hospes
840 584 1076 660 collegii
1124 582 1436 652 sorbonici,
1482 580 1740 639 decanus
1773 598 1867 637 ca·
1924 579 2089 637 rimis
2120 579 2185 638 in
2213 579 2437 638 tuenda
2483 578 2775 638 catholica
2819 580 3108 656 religione
3150 585 3221 639 et

586 674 766 751 pituli
786 673 1147 743 turonensis,
1176 672 1280 748 qui
1304 669 1869 745 archiepiscopatum
1924 668 2308 728 conversione
2327 668 2760 727 haereticorum
2781 670 3102 729 exantlatis
3123 670 3211 728 la-

588 763 883 822 recusavit
947 762 1212 821 oblatum
1266 757 1327 841 (†
1366 753 1578 839 1646),
1632 758 1869 816 nomine
1923 757 2167 816 boribus
2217 758 2441 826 clarus,
2508 757 2609 832 qui
2663 757 3012 832 conscripsit
3055 776 3212 835 opus

587 870 902 928 suppresso
951 850 1138 910 edidit
1193 851 1304 907 Les
1354 850 1658 907 Faussetez
1716 845 1774 904 οῖ’
1789 865 1871 904 un
1924 846 2362 905 doctissimum:
2389 846 2777 905 Calvinismus
2795 848 3006 923 absque
3023 848 3219 917 larva,

585 944 837 1001 cavalier
880 941 951 999 de
1001 941 1060 998 la
1103 939 1356 1015 religion
1408 935 1736 1011 pretendue
1781 954 1867 995 re·
1923 935 1985 993 in
2018 954 2135 1011 quo
2181 935 2529 995 calvinismo
2573 934 2797 994 larvam
2839 935 3102 995 detrahit
3151 940 3221 995 et

585 1031 803 1089 formes
836 1029 1198 1104 respondent
1232 1049 1266 1086 a
1296 1047 1377 1085 un
1409 1025 1685 1102 imprime
1716 1024 1867 1083 d’un
1924 1024 2053 1099 ejus
2115 1024 2553 1083 deformitatem
2616 1024 2896 1093 ostendit,
2958 1025 3214 1085 Parisiis

587 1120 842 1179 cavalier
873 1118 1208 1192 vatholique
1242 1119 1368 1186 etc„
1401 1115 1565 1173 Paris
1594 1124 1774 1177 1617.
1932 1122 2114 1175 1627.
2170 1121 2334 1176 1630
2386 1133 2442 1171 v.
2496 1122 2529 1174 2
2584 1113 2645 1170 in
2691 1124 2757 1181 83
2810 1114 3215 1172 excitatorium

1922 1203 2273 1279 catholicum,
2309 1221 2429 1277 quo
2461 1202 2718 1261 ministri
2762 1203 3035 1262 catholici
3066 1203 3205 1262 dor-

677 1307 821 1359 418.
876 1296 957 1353 Ex
1019 1294 1330 1355 ordinibus
1392 1292 1682 1370 religiosis
1745 1292 1868 1350 zelo
1922 1291 2175 1350 inientes
2208 1292 2623 1368 expergefiant‚
2665 1291 2903 1352 Cadomi
2949 1302 3110 1355 1624
3144 1293 3212 1350 in

587 1387 720 1444 fidei
766 1386 1139 1444 emicuerunt
1169 1383 1501 1459 capuccini‚
1549 1401 1580 1440 e
1613 1399 1866 1456 quorum
1927 1391 1983 1441 4.
2003 1384 2114 1438 etc.
2129 1414 2216 1424 —-
2237 1383 2286 1438 A
2304 1399 2342 1439 n
2360 1381 2398 1438 d
2413 1399 2444 1438 e
2462 1399 2495 1439 o
2512 1381 2533 1439 l
2550 1400 2591 1438 n
2608 1399 2635 1438 s
2655 1380 2700 1439 L
2718 1382 2738 1439 i
2754 1400 2784 1440 c
2802 1386 2829 1440 t
2844 1402 2878 1439 a
2893 1381 3066 1440 vien
3083 1402 3109 1441 s
3126 1383 3146 1440 i
3162 1400 3208 1451 e,

587 1474 861 1534 sodalitio
908 1473 1206 1531 mentione
1247 1471 1415 1548 digni
1447 1466 1683 1549 sunt¹):
1731 1473 1867 1528 An·
1922 1469 2327 1528 missionarius
2362 1468 2725 1545 apostolicus
2770 1475 2951 1545 atque
2995 1472 3210 1529 acerri-

586 1564 808 1641 gelus
840 1564 913 1619 ab
934 1561 1155 1620 Insulis
1186 1560 1517 1638 theologiae
1541 1560 1740 1628 lector,
1775 1559 1868 1616 bis
1921 1559 2519 1618 muscalvinistarum
2534 1559 2914 1636 impugnator
2927 1556 3215 1644 (†1653),

587 1653 858 1711 minister
921 1649 1330 1726 provincialia,
1408 1648 1867 1724 apostolicarum
1923 1647 2028 1723 qui
2062 1651 2297 1724 praeter
2327 1667 2503 1723 opera
2550 1649 2802 1708 ascetica
2833 1651 3008 1726 plura
3039 1651 3205 1726 pole-

587 1741 940 1800 missionum
972 1738 1228 1797 inludia
1257 1739 1364 1797 diu
1382 1738 1725 1814 praefectae,
1762 1737 1869 1812 qui
1923 1737 2073 1794 mica
2094 1731 2351 1817 (gallice)
2376 1733 2643 1819 edidit2),
2677 1741 2781 1797 ut:
2814 1738 3056 1798 Sum-ma
3075 1739 3211 1797 doc-

587 1830 825 1905 scriptis
859 1827 1233 1904 impugnavit
1252 1826 1617 1886 calvinistae.
1639 1860 1724 1871 —-
1745 1826 1866 1884 Ra·
1921 1827 2113 1884 trinae
2141 1826 2512 1901 christianae,
2544 1846 2724 1903 quam
2757 1828 2927 1887 docet
2947 1827 3212 1887 Ecclesia

586 1919 815 1996 phael
847 1918 1213 1993 DieppensiS‚
1246 1920 1525 1975 strenuus
1560 1915 1865 1974 missione·
1922 1915 2206 1973 catholica
2236 1918 2297 1974 et
2326 1933 2569 1974 romana
2614 1936 2746 1974 cum
2787 1916 3081 1976 breviario
3113 1936 3209 1975 er·

584 2007 735 2085 rius,
766 2007 874 2084 qui
904 2006 967 2065 in
998 2007 1265 2065 America
1307 2005 1610 2082 ingentem
1657 2004 1867 2063 infide·
1924 2021 2124 2061 rorum
2156 2006 2215 2061 et
2235 2004 2559 2075 haeresum,
2595 2024 2744 2081 quas
2768 2004 2942 2065 docet
2961 2006 3221 2065 ecclesia

586 2098 734 2156 lium
767 2114 1083 2156 numerum
1128 2096 1202 2154 ad
1234 2095 1534 2154 Christum
1576 2094 1870 2153 convertit
1922 2100 2233 2167 praetensa
2248 2093 3214 2171 reformataCalvinistarum‚Lug·

587 2184 650 2267 (†
686 2182 900 2265 1648).
933 2217 1020 2228 -
1064 2183 1578 2259 Tranquillus
1611 2203 1644 2241 a
1676 2201 1722 2241 s.
1756 2183 1865 2241 Re-

582 2276 781 2353 migi0.
814 2309 900 2318 —
942 2274 1317 2351 Hyacinthus
1367 2274 1663 2331 Kerver
1708 2272 1867 2329 Pari-

587 2363 815 2433 siensis,
850 2365 1226 2423 concionator
1246 2381 1353 2422 suo
1380 2367 1647 2437 tempore
1666 2360 1868 2436 magni

586 2453 869 2522 nominis,
923 2457 1202 2511 strenuus
1252 2451 1708 2510 acatholicorum
1755 2450 1866 2507 im-

586 2546 884 2620 pugnator
902 2544 962 2600 et
980 2541 1307 2601 academiae
1335 2539 1868 2600 controversiarum

584 2651 691 2709 per
742 2631 1032 2707 plurimos
1083 2649 1270 2690 annos
1322 2629 1563 2687 Parisiis
1628 2646 1867 2704 congre-

585 2726 754 2796 gatae
799 2722 1116 2795 promotor,
1165 2719 1261 2777 cui
1293 2720 1448 2777 Deus
1495 2722 1733 2793 praeter
1774 2717 1867 2775 in-

588 2810 756 2885 signe
806 2808 1106 2866 doctrinae
1157 2810 1219 2866 et
1268 2807 1596 2881 sapientiae
1645 2806 1864 2864 donum

585 2916 860 2974 magnam
906 2895 1086 2954 etiam
1129 2897 1388 2954 contulit
1431 2895 1726 2954 virtutum
1769 2914 1865 2954 ex-

587 2984 940 3045 cellentiam.
974 2984 1214 3043 Praeter
1250 2979 1424 3065 aliass)
1459 2985 1706 3061 reliquit
1737 3003 1865 3043 con-

587 3076 1002 3134 troversiarum
1021 3076 1063 3132 t.
1084 3083 1119 3135 3
1144 3073 1219 3132 ad
1238 3074 1595 3133 revocandos
1615 3073 1868 3133 haereti-

585 3183 680 3223 cos
711 3163 784 3222 ad
803 3163 1206 3240 cognitionem
1225 3164 1497 3222 veritatis
1524 3163 1865 3232 catholicae,

585 3254 824 3312 Parisiis
876 3263 1041 3316 1646
1093 3253 1155 3309 in
1193 3262 1261 3319 43
1314 3252 1713 3311 collectionem
1763 3271 1866 3309 seu

2000 2341 2037 2398 ¹)
2066 2333 2357 2403 Distingui
2384 2334 2474 2387 hic
2510 2333 2682 2387 debet
2708 2352 2742 2386 a
2768 2332 2967 2387 Carolo
2996 2332 3038 2385 F
3056 2351 3132 2386 ra
3151 2352 3215 2385 n·

1924 2405 1987 2457 ci
2006 2423 2030 2458 s
2046 2422 2071 2458 c
2089 2422 2121 2459 o
2149 2404 2363 2457 d’Abra
2389 2404 2456 2458 de
2476 2404 2716 2459 Raconis
2741 2405 2866 2474 ejus
2883 2409 3129 2474 cognato
3157 2424 3222 2460 n.

1926 2481 2064 2533 1580
2101 2476 2163 2528 in
2204 2492 2333 2529 arca
2379 2475 2634 2539 RaconiS‚
2679 2476 2778 2544 qui
2821 2479 2890 2533 13
2928 2492 3215 2529 annorum

1923 2565 2061 2618 puer
2088 2547 2255 2601 fidem
2277 2546 2565 2616 amplexus
2591 2551 2679 2601 est
2700 2546 3058 2610 catholicam,
3087 2552 3219 2600 tan-

1925 2626 2100 2688 toque
2127 2635 2380 2672 successu
2408 2619 2603 2672 studia
2628 2619 2891 2682 absolvit,
2930 2623 3000 2671 ut
3022 2618 3119 2672 vix
3146 2623 3214 2676 19

1924 2709 1973 2747 a.
2020 2697 2190 2744 natus
2240 2691 2467 2759 publice
2513 2691 2738 2745 doceret
2785 2690 3212 2759 philosophiam

1925 2762 2265 2831 quaudoque
2285 2778 2469 2815 coram
2485 2767 2592 2819 400
2611 2762 2986 2815 auditoribus.
3008 2760 3215 2816 Cathe-

1924 2833 2082 2887 dram
2102 2833 2552 2902 philosophicam
2576 2849 2700 2886 cnm
2724 2833 3048 2902 theologica
3066 2848 3215 2886 com-

1925 2905 2175 2958 mutavit
2201 2908 2381 2976 (1615)
2408 2908 2578 2972 atque
2606 2903 2934 2958 doctoratus
2959 2904 3211 2958 lauream

1923 2981 2010 3030 est
2050 2980 2379 3030 consecutus
2406 2993 2453 3029 a.
2486 2979 2641 3032 1616.
2686 2975 2925 3044 Propter
2963 2975 3217 3043 insignia.

1924 3048 2175 3116 ejusdem
2201 3047 2424 3108 merita,
2461 3047 2674 3115 scripta
2700 3047 2868 3101 docta.
2893 3051 2956 3100 et
2978 3046 3213 3110 irenica,

1922 3119 2241 3173 animarum
2257 3119 2435 3171 zelum
2460 3124 2633 3186 atque
2650 3118 2928 3172 virtutum
2949 3115 3208 3186 exempla

1923 3190 2108 3243 dictus
2150 3195 2236 3242 est
2276 3189 2571 3258 episcopus
2612 3189 2923 3243 vauriensis
2965 3191 3142 3257 (1637,
3182 3200 3210 3248 †

1922 3266 2007 3319 16.
2048 3261 2080 3314 J
2086 3262 2166 3314 uli
2210 3264 2386 3332 1646).
2437 3261 2715 3314 Adversus
2754 3260 2991 3313 Arnaldi
3038 3277 3177 3328 opus
3199 3281 3210 3311 :

584 3345 993 3402 dictionarium
1017 3344 1480 3415 praecipuorum
1521 3361 1566 3399 8.
1600 3340 1865 3415 Scriptu—
1921 3337 2001 3386 De
2025 3337 2077 3387 la
2103 3336 2372 3402 frequente
2397 3336 2741 3387 communion
2765 3331 2947 3387 edidit
2966 3335 3211 3386 Eaeamen

583 3453 688 3492 rae
718 3435 972 3493 locorum
993 3449 1111 3504 pro
1131 3431 1393 3489 omnibus
1410 3432 1544 3504 fidei
1563 3431 1869 3488 catholicae

583 3542 859 3582 romanae
889 3522 1235 3595 apostalicae
1262 3521 1526 3578 aniculis
1557 3520 1865 3596 intelliqen-

583 3613 692 3687 dia,
743 3612 816 3669 ib.
861 3620 1026 3674 1644
1072 3609 1136 3667 in
1186 3619 1255 3680 43
1311 3609 1699 3666 Cutechismus
1743 3610 1867 3665 sive

583 3701 1012 3760 instructiones
1059 3716 1236 3773 super
1282 3716 1353 3755 ss.
1390 3697 1601 3756 Missae
1647 3698 1861 3755 sacrifi-

586 3790 740 3847 cium
774 3808 909 3846 cum
942 3786 1331 3860 explicatione
1369 3787 1629 3845 omnium
1676 3805 1866 3844 caere-

584 3877 915 3934 moniarum
952 3918 964 3931 .
1001 3921 1014 3933 .
1046 3918 1058 3930 .
1092 3875 1470 3948 responsione
1499 3875 1765 3933 adhibita
1795 3875 1869 3932 ad

664 4047 702 4110 ¹)
731 4044 809 4096 Ex
837 4043 1032 4097 ordine
1061 4063 1101 4097 s.
1133 4045 1408 4098 francisci
1449 4053 1536 4098 est
1565 4044 1869 4112 Eutropius

587 4114 631 4166 B
649 4130 678 4166 e
696 4119 856 4168 rtra
872 4133 909 4167 n
926 4114 978 4178 d,
1022 4114 1122 4182 qui
1148 4115 1409 4170 disseruit
1436 4120 1496 4170 de
1521 4121 1870 4170 sacramentis

586 4186 646 4238 in
674 4186 972 4250 communi,
1001 4193 1060 4239 et
1087 4187 1156 4239 de
1183 4188 1466 4258 baptismo
1493 4194 1552 4240 et
1580 4187 1869 4241 confirma-

587 4257 759 4321 tione,
804 4258 1036 4313 Tolosae
1079 4263 1246 4317 1657:
1292 4264 1355 4312 de
1394 4262 1716 4312 nechar-aetia
1733 4301 1744 4316 .
1793 4259 1866 4312 ib.

590 4333 742 4385 1659.
760 4363 823 4370 —-
839 4331 858 4381 l
875 4330 1160 4411 gnatius
1188 4330 1366 4384 aJesu
1379 4331 1441 4385 0.
1461 4329 1869 4392 Carm.Gallus,

587 4400 972 4454 missionanus
999 4402 1059 4454 in
1087 4399 1318 4456 Oriente
1355 4402 1564 4455 Romae
1594 4407 1729 4458 1652
1756 4401 1870 4454 edi-

588 4470 674 4523 dit
703 4475 1086 4526 Nam-ationem
1121 4477 1360 4540 oru'yinis,
1400 4472 1612 4525 rituum
1641 4476 1700 4526 et
1727 4489 1870 4526 erro-

586 4558 708 4594 rum
737 4544 1183 4597 Christianorum
1219 4563 1260 4596 s.
1287 4543 1522 4598 Joaunis
1563 4560 1688 4595 cum
1728 4545 1871 4596 refu-

587 4612 810 4665 tatione
837 4619 906 4669 34
933 4630 1201 4667 errorum.

664 4687 703 4746 2)
732 4684 813 4735 (jf.
857 4684 1166 4736 Bernardus
1202 4701 1235 4737 a
1262 4684 1519 4738 Bononia
1559 4683 1688 4737 bibl.
1734 4685 1869 4752 Cap.

588 4769 644 4817 p.
673 4757 790 4806 125.

1922 3414 1965 3457 et
1979 3408 2254 3472 juyement
2280 3403 2357 3456 du
2387 3404 2421 3456 l.
2452 3404 2518 3457 de
2544 3403 2600 3457 la
2633 3404 2929 3472 frequente
2958 3403 3213 3456 Commu·

1922 3476 2078 3539 nion,
2119 3474 2344 3528 Parisiis
2374 3478 2542 3534 1644:
2586 3477 2848 3543 Response
2873 3477 2907 3528 ὰ
2931 3477 2987 3528 la
3022 3478 3211 3527 Tradi-

1922 3552 2030 3600 tion
2058 3549 2121 3600 de
2144 3549 2372 3613 l'Eylr‘se
2410 3565 2507 3600 eur
2532 3549 2586 3600 la
2615 3550 2886 3614 pbnv'tmce
2921 3555 2967 3600 et
2993 3549 3049 3599 la
3074 3565 3209 3598 com·

1925 3625 2159 3676 mum‘on.
2193 3621 2347 3674 1644.
2378 3622 2514 3674 1645
2548 3635 2594 3668 ν.
2622 3622 2655 3673 3
2679 3617 2739 3670 in
2765 3622 2826 3689 4;
2864 3621 2916 3670 la
2936 3618 3219 3685 primunt&

1922 3699 1967 3743 et
1989 3690 2353 3744 soum-aima}
2370 3689 2673 3758 singuliere
2694 3688 2761 3742 de
2777 3689 2828 3747 S.
2849 3687 3032 3742 Pierre
3048 3705 3212 3756 prou·

1927 3762 2043 3824 vee,
2067 3761 2142 3813 ib.
2166 3764 2322 3823 1645,
2350 3759 2408 3811 in
2434 3776 2544 3827 quo
2566 3777 2808 3813 errorem
2831 3760 2901 3813 de
2916 3759 3121 3812 Bal-cos
3142 3758 3210 3811 de

1924 3831 2176 3886 Ecclesia
2204 3831 2444 3900 bicipiti,
2474 3848 2640 3898 quem
2658 3830 2947 3884 Arnaldus
2964 3830 3027 3883 in
3047 3847 3145 3882 suo
3172 3828 3211 3883 l.

1923 3906 2281 3973 probaverat,
2308 3902 2515 3970 rejicit.
2550 3905 2732 3956 'fraite'
2744 3921 2890 3971 pour
2912 3921 2965 3956 se
2998 3911 3213 3955 trouver

1925 3996 1988 4029 en
2014 3978 2319 4042 confer-ense
2356 3993 2478 4028 avec
2504 3978 2575 4027 les
2613 3977 2934 4043 heretiqnes,
2981 3971 3211 4025 Parisiis

1927 4050 2065 4103 1618
2092 4046 2150 4098 in
2180 4052 2245 4102 12
2273 4053 2379 4100 etc.
2409 4046 2490 4098 Cf.
2517 4045 2701 4109 Raess,
2729 4045 2818 4097 die
2840 4043 3210 4100 Convertiten

1928 4119 2161 4181 111‚444.
2202 4118 2437 4171 Famoso
2466 4117 2551 4171 illi
2587 4117 2820 4170 Arnaldi
2863 4113 3021 4185 operi
3060 4130 3210 4168 oeca-

1925 4189 2140 4243 sioncm
2162 4189 2428 4258 praebuit
2446 4188 2645 4241 Petrus
2667 4188 2735 4241 de
2752 4186 2787 4240 S
2804 4204 2831 4241 e
2849 4206 2873 4240 s
2889 4205 2943 4239 m
2960 4186 3028 4239 ai
3044 4205 3069 4239 s
3084 4203 3117 4239 o
3132 4203 3167 4237 n
3186 4203 3216 4237 s

1926 4262 1978 4314 S.
2005 4259 2055 4313 J.
2086 4259 2465 4314 Nannetensis
2495 4259 2821 4329 theologiae
2837 4258 3067 4311 moralis
3086 4273 3208 4326 pro·

1926 4333 2100 4385 fessor
2141 4334 2188 4401 (†
2223 4337 2273 4388 3.
2302 4331 2424 4384 Oct.
2466 4335 2625 4396 1648)
2668 4330 2705 4385 1.
2738 4330 3042 4398 inscripto:
3084 4335 3211 4395 Que-

1924 4409 2062 4458 stion
2087 4406 2129 4456 s'
2148 4407 2186 4456 il
2210 4412 2284 4456 esc
2305 4407 2541 4456 meilleur
2566 4405 2629 4456 de
2653 4407 2977 4456 communiet·
2996 4408 3209 4455 souvent

1925 4495 2022 4545 que
2048 4479 2361 4528 rarentent?
2402 4473 2627 4527 Parisiis
2657 4477 2795 4529 1643
2834 4472 2896 4526 in
2920 4477 2991 4534 4.,
3037 4486 3207 4539 quam

1926 4545 2197 4614 opposuit
2222 4545 2583 4598 instructioni
2626 4544 3043 4613 manuscriptae
3078 4542 3212 4595 San-

1926 4618 2122 4685 cyrani
2150 4617 2216 4670 de
2257 4635 2363 4669 usu
2401 4620 2879 4670 sacramentorum
2917 4613 3209 4685 poeniten·

1926 4690 2040 4740 tiae
2068 4691 2126 4740 et
2152 4688 2579 4745 communionis,

2002 4767 2042 4822 2)
2071 4759 2153 4811 Cf.
2178 4760 2338 4812 Joan.
2368 4776 2402 4811 a
2427 4777 2470 4815 s.
2498 4758 2749 4811 Antonio
2783 4760 2819 4823 1,
2846 4762 2931 4816 60.
