3625 5193
1016 310 1384 364 1641—1663.
1413 305 1723 375 Theologia
1747 306 2043 375 polemica.
2069 305 2360 372 Malvasia,
2388 305 2458 359 de
2484 306 2740 370 MonacO,
2769 306 2944 376 Vaga,

673 325 837 378 1⁰03
3123 327 3303 379 1004

664 492 980 550 mandante
1037 491 1333 550 Friderico
1382 492 1736 551 Borromaeo
1799 512 1948 569 opus
2001 493 2239 568 scripsit
2283 492 2355 549 ad
2388 492 2659 551 Oai-olum
2701 491 3152 550 Britanniamm
3199 511 3302 550 re·

662 581 1026 657 praeclarum
1042 576 1108 660 ¹),
1155 579 1458 639 eruditum
1491 585 1553 640 et
1597 582 1947 640 rarissmum
2001 600 2134 657 gem
2167 583 2230 639 ll.
2266 591 2322 650 3,
2356 580 2596 639 Parisiis
2635 591 2797 644 1647
2835 581 2899 639 in
2932 580 2990 653 f.‚
3032 599 3300 656 qnorum

665 669 995 745 composuit
1039 671 1107 726 de
1152 671 1380 744 inferno
1425 677 1476 726 et
1517 677 1671 729 statu
1716 673 1944 729 daemo-
2008 682 2063 735 1.
2093 675 2186 729 est
2218 669 2620 746 theologicus;
2665 679 2718 731 2.
2750 669 3065 745 politicus;
3105 678 3158 730 3.
3196 670 3293 727 hi-

662 777 802 816 mma
832 765 963 816 ante
992 759 1198 816 mundi
1216 759 1431 816 emitum
1463 761 1519 817 lt.
1545 763 1602 835 5,
1627 759 1947 818 Mediolani
2003 759 2256 819 storicus
2309 754 2443 840 (qui
2491 762 2691 817 tamen
2739 778 2857 818 non
2902 757 3167 836 prodiit).
3204 791 3298 801 —

671 856 827 909 1621
871 846 935 904 in
970 856 1024 908 4.
1060 878 1145 890 -
1178 847 1420 906 Sanctes
1440 849 1727 907 Franco
1761 849 1944 913 0.Pr.
2001 848 2283 907 Ludovici
2320 847 2820 906 Centofloreni
2852 844 3304 927 (Centofiorini)

662 936 957 1012 Aprutius
1000 948 1237 1012 praeter
1268 936 1384 994 alia
1432 937 1681 1012 reliquit
1714 938 1944 1014 Symbo-
2002 938 2112 996 viri
2148 935 2466 995 admodum
2485 936 2707 995 eruditi
2738 937 2845 995 diu
2865 936 3150 1006 advo-„ati⁹
3185 956 3295 995 cu-

666 1027 785 1083 lum
837 1025 1227 1099 apostolorum
1277 1026 1331 1081 d.
1376 1025 1632 1085 Thomae
1677 1027 1948 1085 doctrina
2002 1026 2277 1085 bicularii
2323 1025 2613 1102 pontificii
2657 1029 2720 1084 et
2764 1025 3019 1102 episcopi
3063 1026 3296 1084 nicote-

663 1113 1016 1189 explicatum
1062 1117 1123 1172 et
1162 1114 1236 1171 ab
1281 1115 1581 1173 erroribus
1628 1116 1946 1191 gentilium
2003 1115 2194 1173 rensis
2244 1111 2307 1195 (†
2362 1111 2552 1194 1650)
2606 1113 2828 1189 prodiit
2878 1114 3005 1172 sine
3054 1115 3182 1174 loco
3230 1118 3296 1172 et

663 1207 725 1261 et
758 1203 1185 1261 haereticorum
1204 1205 1664 1280 propugnatum,
1701 1205 1949 1280 Neapoli
2002 1222 2185 1263 anno:
2219 1223 2265 1266 s.
2302 1203 2540 1261 Concilii
2571 1204 2870 1262 tridentini
2899 1204 3127 1279 clypeus
3147 1222 3293 1262 con-

670 1301 834 1354 1647
869 1292 931 1350 16
967 1301 1022 1353 4.
1055 1291 1309 1350 Vivebat
1338 1292 1531 1350 adhuc
1562 1313 1610 1351 a.
1651 1302 1837 1355 1653.
1860 1329 1946 1336 -—
2000 1297 2096 1351 tra
2125 1293 2556 1351 haereticorum
2588 1293 2835 1369 sagittas
2867 1293 2929 1350 in
2966 1303 3020 1353 4.
3053 1326 3142 1336 —
3174 1293 3293 1350 Ge-

662 1382 963 1439 Adversus
1013 1380 1386 1440 Blondellum
1450 1382 1688 1457 scripsit
1749 1384 1946 1441 Bona·-
2002 1380 2832 1458 orgiusPolacchVenetus
2853 1381 3093 1457 scripsit
3114 1387 3295 1439 tract.

662 1475 917 1528 ventura
948 1469 1321 1528 Malvasia
1353 1470 1416 1533 Ο.
1451 1471 1589 1528 Min.
1613 1472 1946 1530 Bononien-
2001 1473 2071 1529 dc
2099 1472 2395 1528 sanctitate
2418 1470 2704 1528 Ecclesiae
2734 1470 3059 1541 catholicae,
3092 1470 3296 1528 Vene-

663 1559 756 1628 sis,
792 1557 1265 1634 congregationis
1308 1558 1379 1617 de
1412 1560 1791 1636 propaganda
1835 1559 1946 1618 fide
2001 1559 2104 1619 tiis
2144 1569 2309 1621 1644
2343 1560 2405 1617 in
2441 1569 2511 1628 43
2544 1558 2917 1617 Francofurti
2958 1569 3157 1628 16463
3192 1579 3290 1616 re-

664 1647 1055 1722 qualificator,
1102 1649 1376 1705 nuncium
1406 1651 1682 1722 veritatis,
1729 1649 1945 1707 Romae
2001 1649 2314 1708 lectionem
2359 1649 2426 1706 cle
2460 1655 2739 1721 potestate
2779 1650 3183 1723 praelatorum
3225 1649 3296 1705 in

670 1745 857 1808 1635,
905 1739 966 1793 et
995 1737 1341 1813 Apoloqiam
1385 1756 1492 1811 pro
1538 1737 1810 1812 epistolis
1843 1757 1944 1796 ve-

660 1828 860 1882 terum
891 1843 1034 1883 rom.
1068 1825 1414 1901 pontificum
1446 1827 1519 1883 ab
1538 1826 1760 1885 Isidoro
1792 1827 1944 1901 hisp.

664 1913 946 1982 collectis,
980 1914 1123 1971 aFr.
1144 1914 1431 1973 'furtiano
1458 1911 1553 1995 (cf.
1588 1937 1642 1991 p.
1669 1912 1823 1994 281)
1844 1917 1944 1973 de-

661 2002 863 2072 fensis,
899 2003 1111 2061 Romae
1138 2011 1303 2065 1658
1340 2003 1404 2061 in
1426 2015 1482 2065 4.
1515 2005 1764 2081 Collegit
1798 2022 1946 2080 quo-

662 2109 779 2166 que
828 2093 1147 2168 cataloqum
1208 2093 1473 2151 omnium
1524 2094 1836 2152 haeresum
1888 2099 1948 2151 et

661 2180 1061 2251 conciliorum,
1096 2180 1175 2238 ib.
1220 2190 1373 2244 1661
1414 2182 1478 2239 16
1499 2191 1555 2242 4.
1587 2182 1946 2242 Dilucidatio

660 2271 878 2342 speculi
920 2288 1128 2327 verum
1173 2271 1581 2339 monstrantis,
1631 2271 1709 2328 ib.
1761 2281 1944 2334 1628.

662 2392 746 2401 —-
780 2359 868 2416 De
897 2377 1121 2417 summo
1144 2360 1416 2432 pontifice
1447 2359 1780 2434 disputavit
1805 2357 1945 2434 (Ro-

659 2466 797 2505 mae
838 2444 1029 2527 1619)
1075 2448 1290 2505 Petrus
1321 2448 1542 2506 Paulus
1576 2448 1944 2516 Bombini‚

664 2536 1074 2605 consentinae,
1139 2536 1303 2612 prius
1353 2555 1385 2594 e
1428 2536 1720 2594 Societate
1781 2537 1822 2596 J
1823 2556 1944 2607 esu,

663 2624 798 2683 dein
821 2643 1016 2701 congr.
1040 2625 1380 2684 Somaschae
1401 2623 1460 2703 (†
1486 2622 1693 2707 1648).
1714 2660 1802 2670 —·
1822 2629 1944 2684 An-

664 2714 837 2771 dreas
879 2713 1026 2771 Lao
1068 2712 1131 2771 Ο.
1167 2713 1356 2774 Carm.
1403 2718 1638 2788 praeter
1682 2716 1944 2790 disputa·

662 2804 840 2860 tiones
870 2802 1206 2878 theoloyicas
1239 2801 1300 2859 in
1339 2813 1389 2863 1.
1427 2811 1481 2863 2.
1515 2802 1567 2860 d.
1590 2803 1843 2862 Thomae
1875 2804 1946 2863 de

662 2890 1038 2959 conscientia,
1088 2890 1323 2958 Genuae
1366 2901 1549 2961 1650,
1597 2897 1672 2950 11.
1705 2894 1945 2952 brevem

662 2978 766 3036 sed
817 2978 1118 3037 eruditum
1169 2980 1239 3036 de
1286 2998 1512 3038 summo
1553 2984 1822 3056 pontifice
1876 3002 1944 3039 ex

659 3067 940 3136 conciliis,
975 3086 1047 3125 33.
1082 3068 1375 3143 patribus,
1416 3072 1766 3143 praesertim
1798 3090 1866 3129 ex
1900 3091 1942 3129 s,

660 3156 1001 3232 Augustino
1047 3160 1108 3214 et
1145 3157 1364 3215 Thoma
1408 3160 1695 3234 excerpsit
1740 3165 1946 3219 contra

664 3245 966 3314 sectarios,
1001 3246 1170 3322 cujus
1204 3248 1368 3321 prior
1401 3247 1489 3308 ed.
1513 3248 1747 3306 Genuae
1776 3258 1940 3311 1656

661 3335 884 3411 absque
917 3335 1176 3393 auctoris
1198 3354 1491 3394 consensu
1521 3339 1563 3393 t.
1587 3336 1682 3394 IV.
1715 3339 1784 3395 de
1812 3355 1943 3395 con-

655 3425 891 3482 scientia
912 3423 1135 3482 adnexa
1155 3424 1525 3498 prohibetur,
1550 3430 1808 3484 correcta
1829 3426 1940 3484 Ro-

654 3532 785 3571 mae
809 3524 834 3575 1
851 3522 975 3576 663
994 3513 1383 3588 permittitur.
1420 3515 1741 3590 Reperitur
1773 3515 1838 3572 in
1852 3515 1943 3573 bi-

658 3601 950 3661 bliotheca
968 3601 1180 3677 pontif.
1202 3603 1298 3661 Ro
1317 3622 1346 3660 c
1363 3621 1441 3661 ca
1456 3605 1493 3660 b
1510 3623 1541 3661 e
1556 3604 1662 3662 rti
1682 3603 1789 3673 111,
1818 3614 1935 3666 591

656 3701 896 3753 -618,
929 3723 1017 3733 -
1047 3691 1395 3749 Franciscus
1440 3692 1625 3750 Maria
1670 3693 1756 3750 de
1807 3692 1941 3750 Mo-

657 3798 696 3835 n
716 3798 845 3837 aco
910 3775 1032 3859 (del
1084 3776 1349 3859 Monaco)
1412 3782 1546 3839 cler.
1613 3800 1733 3857 reg.
1801 3781 1941 3838 Tra-

659 3867 934 3939 panensis
986 3863 1068 3945 (11.
1122 3877 1178 3927 4.
1231 3868 1367 3942 Maji
1423 3878 1605 3938 1593,
1659 3867 1694 3936 †
1747 3865 1941 3948 1651)

2001 1738 2127 1796 foro
2159 1738 2412 1807 interno,
2461 1737 2725 1795 Venetiis
2767 1747 2963 1806 16253
3021 1745 3185 1798 1629
3223 1737 3292 1794 111

2005 1837 2058 1888 4.
2093 1828 2154 1885 et
2198 1826 2330 1884 aliis
2377 1826 2608 1884 omissis
2643 1827 2678 1888 l.
2712 1826 3071 1901 inscriptum
3114 1827 3294 1883 Anti·

1999 1913 2335 1988 copernicus
2364 1915 2673 1973 catholicus
2705 1933 2811 1973 seu
2841 1913 2914 1973 de
2939 1920 3134 1973 terrae
3168 1918 3292 1972 sta-

2000 2006 2161 2063 tione
2191 2006 2253 2062 et
2285 2004 2426 2062 solis
2456 2009 2626 2062 motu
2658 2007 2863 2061 contra
2894 2009 3158 2080 systema
3189 2022 3296 2062 co·

2001 2093 2386 2168 pernicanum
2420 2092 2738 2151 catholicae
2780 2093 3157 2161 assertiones,
3207 2093 3292 2150 ib.

2011 2190 2174 2245 1644
2208 2183 2270 2240 in
2306 2193 2360 2243 4.
2402 2214 2489 2226 -—
2534 2182 2873 2257 Alphonsus
2919 2180 3294 2241 Pandolfi

2002 2272 2312 2347 episcopus
2345 2270 2726 2330 comaclensis
2761 2267 2820 2352 (†
2857 2279 2911 2332 3.
2935 2269 3060 2329 Oct.
3091 2266 3294 2347 1648)

2002 2360 2284 2419 disseruit
2313 2361 2383 2417 de
2423 2361 2535 2434 fine
2565 2360 2782 2428 intendi,
2833 2360 3049 2418 Romae
3089 2369 3284 2422 1658.

2005 2484 2087 2491 ——
2123 2449 2387 2507 Plurima
2418 2449 2720 2524 opuscula,
2767 2468 2836 2506 ex
2870 2448 3093 2524 quibus
3127 2448 3297 2506 haud

2001 2556 2186 2612 pauca
2217 2542 2358 2595 sunt
2403 2537 2474 2595 ad
2519 2537 2936 2595 illustrandam
2970 2537 3065 2594 vel
3111 2543 3296 2596 tuen-

2001 2627 2134 2685 dam
2164 2628 2507 2703 religionem
2553 2626 2917 2696 catholicam,
2968 2627 3181 2702 lingua
3213 2628 3299 2685 si·

2001 2716 2134 2774 nica
2178 2716 2363 2774 edidit
2403 2716 2606 2774 Julius
2640 2715 2868 2773 Aleni
2901 2717 2953 2773 S.
2987 2716 3044 2773 J.
3091 2716 3299 2774 Brixi-

2001 2825 2174 2875 anus,
2223 2808 2502 2862 strenuus
2548 2804 2610 2862 in
2653 2804 2901 2879 imperio
2953 2804 3182 2862 sinensi
3215 2804 3295 2861 ab

2002 2915 2051 2956 a.
2092 2906 2117 2957 1
2134 2905 2203 2957 61
2222 2902 2524 2955 0-1649
2559 2892 2990 2953 missionariuS.

2092 3080 2235 3133 424.
2273 3071 2492 3128 Paucos
2524 3089 2589 3127 ex
2613 3071 2898 3145 Hispanis
2918 3070 3032 3127 huc
3066 3071 3298 3127 referre

2000 3159 2155 3218 licet.
2187 3160 2486 3217 Adversus
2503 3159 2541 3217 J
2543 3159 2760 3217 udaeos
2780 3161 2849 3217 cle
2868 3160 3113 3216 adventu
3133 3159 3295 3216 Mes-

2000 3250 2123 3306 sias
2151 3248 2479 3323 disputavit
2527 3247 2780 3305 Didacus
2827 3248 3100 3306 Gatica
3134 3247 3201 3305 Ο.
3234 3247 3294 3304 b.

2001 3337 2074 3396 M.
2121 3336 2184 3394 V.
2237 3336 2308 3394 de
2361 3338 2530 3394 Merc.
2582 3337 2860 3395 Baeticus
2912 3339 2973 3393 et
3023 3336 3291 3411 episcopi

2001 3425 2356 3501 hispalensis
2404 3425 2714 3499 coadjutor
2762 3444 2894 3483 cum
2948 3425 3133 3483 titulo
3183 3425 3298 3482 Ec·

2000 3514 2207 3573 clesiae
2239 3513 2540 3581 1111666313,
2576 3514 2804 3572 Matriti
2842 3521 3007 3575 1648
3044 3513 3108 3571 in
3142 3513 3180 3573 f.
3206 3546 3288 3555 —

2000 3603 2348 3660 Emmanuel
2380 3602 2582 3678 Vega
2612 3604 2665 3659 S.
2699 3602 2755 3665 J.
2790 3601 3293 3660 Conimbricensis

1999 3692 2101 3749 diu
2151 3691 2215 3749 in
2263 3692 2518 3750 vilnensi
2569 3691 2924 3749 Lithuaniae
2986 3690 3291 3749 academia

1999 3782 2290 3855 professor
2320 3774 2383 3861 (†
2418 3789 2517 3841 27.
2551 3779 2682 3837 Jan.
2725 3788 2887 3842 1648
2943 3797 3289 3854 nonagena-

2000 3869 2088 3926 rio
2121 3863 2335 3947 major)
2384 3868 2664 3926 disseruit
2683 3864 2727 3950 ¹)
2760 3870 2828 3926 de
2858 3887 2987 3925 vero
3034 3876 3085 3925 et
3120 3871 3296 3926 unico

657 3957 894 4027 praeter
924 3954 1340 4025 disputationes
1370 3964 1423 4013 et
1440 3960 1849 4015 commentaria-
1880 3959 1943 4016 in
1988 3959 2259 4030 primatu
2292 3958 2345 4015 d.
2368 3959 2525 4015 Petri
2555 3960 2741 4033 apost.
2765 3957 3058 4032 principis
3093 3975 3290 4015 sacro-

661 4035 988 4097 Aristotclis
1024 4042 1454 4115 philosophiam
1499 4044 1572 4101 ad
1613 4064 1655 4102 3.
1690 4046 1943 4106 'rhomae
1999 4049 2338 4105 sanctorum
2355 4047 2642 4104 Ecclesiae
2663 4049 2903 4122 patrum
2926 4046 3292 4104 testimoniis

660 4127 988 4187 doctrinam
1021 4147 1279 4204 expensa
1314 4134 1376 4188 et
1408 4131 1726 4203 illustrata,
1774 4136 1942 4194 Pari·
1999 4140 2178 4209 atque
2211 4135 2720 4194 oecumenicorum
2762 4135 3153 4193 conciliorum
3199 4138 3291 4192 te·

659 4217 765 4275 siis
805 4228 969 4280 1652
1017 4218 1082 4275 in
1116 4217 1152 4275 f.
1187 4222 1248 4276 61
1293 4219 1460 4293 plura
1492 4220 1688 4303 alia2),
1741 4242 1772 4281 6
1805 4224 1941 4299 qui·
1999 4223 2298 4282 stimoniis
2315 4223 2709 4299 comprobato,
2727 4223 2932 4281 Vilnae
2955 4223 3197 4287 158016
3213 4234 3290 4293 4.,

660 4306 771 4364 bus
822 4307 982 4365 haud
1030 4326 1214 4382 pauca
1258 4327 1380 4377 ms„
1432 4312 1501 4368 de
1543 4312 1676 4383 fidei
1726 4314 1943 4370 unitate
1998 4315 2059 4370 et
2089 4316 2328 4388 praeter
2358 4313 2474 4371 alia
2513 4312 2761 4387 reliquit
2799 4313 3175 4384 Quaestiones
3205 4331 3300 4369 se-

710 4431 777 4435 *
1998 4403 2168 4459 lectae
2211 4401 2283 4459 (16
2313 4401 2590 4459 libertate
2635 4401 2743 4459 Dei
2774 4403 2834 4458 et
2879 4401 3160 4465 hominis,
3215 4400 3294 4458 de

736 4497 772 4565 ¹)
800 4495 960 4549 Alius
986 4496 1056 4549 ab
1083 4512 1148 4550 eo
1189 4499 1276 4551 est
1300 4497 1569 4553 Nicolaua
1597 4499 1834 4553 Rusca
1859 4516 1943 4553 ar.
1998 4489 2556 4565 praedestinatione,
2618 4489 2691 4547 de
2749 4489 3058 4549 concordia
3122 4508 3294 4546 sum-

656 4565 1043 4634 chipresbyter
1067 4568 1317 4633 Sondrii,
1357 4571 1536 4638 quiin
1572 4571 1756 4625 lucem
1782 4571 1945 4625 dedit
1998 4597 2228 4636 morum
2290 4579 2479 4637 nostri
2510 4578 2795 4653 temporis
2845 4577 3292 4654 theologorum,

656 4646 776 4716 acta
802 4641 1179 4721 disputationis
1205 4645 1490 4721 tironensis
1520 4641 1792 4722 adversus
1822 4640 1942 4695 Cal·
1997 4667 2213 4725 Romae
2255 4676 2415 4730 1639
2454 4702 2538 4711 ‚—
2554 4667 2906 4726 Ambrosius
2928 4667 3295 4726 pel-„3103a

658 4723 854 4760 vinum
900 4710 958 4761 61
998 4714 1286 4765 ministros
1332 4711 1550 4765 Calvmi
1602 4712 1940 4776 defensores,
2424 4718 2437 4730 '

657 4777 814 4829 Comi
843 4782 996 4834 1598.

735 4852 773 4915 ²)
802 4845 883 4901 Cf.
917 4849 1139 4905 Vezzosi
1167 4852 1234 4917 11,
1260 4855 1325 4909 71
1349 4871 1418 4909 ss.

2079 4858 2112 4919 ¹)
2141 4854 2225 4909 Cf.
2251 4852 2667 4923 Sommervogel
2695 4852 2842 4919 VIII,
2871 4855 3029 4909 1525.
