3625 5193
448 261 487 315 5
921 244 1004 296 J0.
1033 243 1100 298 de
1127 245 1369 310 CombiS‚
1394 245 1712 313 Malafossa‚
1741 246 1988 311 Flavius,
2017 245 2213 319 Dovet,
2241 246 2470 301 Lainius
2497 250 2600 302 etc.
3028 266 3061 318 6

449 431 710 508 pientiae
729 433 789 489 et
809 433 1264 492 lamentationes
1280 433 1569 499 Jeremiae
1597 452 1732 492 cum
1789 453 2022 493 marum
2052 439 2189 509 post
2220 436 2470 492 mortem
2501 437 2598 501 tr„
2643 434 2827 492 Duaci
2866 444 3065 503 16063

446 521 878 589 additionibus,
913 520 993 582 ib.
1021 531 1220 594 15743
1252 541 1539 581 summam
1568 523 1732 581 Ale·
1787 525 1858 582 de
1872 524 2026 582 orbis
2039 530 2231 581 terrae
2243 523 2571 599 concordia,
2589 523 2856 582 Basileae
2881 533 3066 585 1570.

446 610 727 669 xandri
763 610 1017 680 Mensis,
1052 612 1131 668 ib.
1172 616 1421 673 1576.1;.
1449 624 1482 673 4
1507 612 1623 669 inf.
1648 645 1727 655 ——
1790 648 1874 656 —
1908 612 2167 671 Joannes
2214 612 2550 671 Dovetus
2597 609 2705 691 (du
2739 607 2948 695 Dovet)
3001 612 3064 670 Ο.

446 699 713 758 Joannes
746 699 820 757 de
853 699 1152 758 Combis
1186 701 1250 760 O.
1284 703 1337 765 S.
1369 702 1576 765 Franc.
1597 702 1732 760 Gal·
1788 702 1927 760 Min.
1962 701 2185 771 Gallus,
2231 701 2567 777 theologiae
2613 701 2912 776 professor
2956 702 3066 759 Pa-

448 790 563 858 luS,
585 789 919 864 theologiae
939 790 1138 859 lector,
1157 790 1321 848 dedit
1339 792 1735 849 annotationes
1787 791 1964 861 risiis,
2015 791 2323 851 contexuit
2372 791 2801 853 formalitatum
2834 790 2870 848 S
2890 809 2968 849 co
2985 791 3063 859 ti,

446 885 501 936 et
530 879 952 937 declarationes
971 879 1044 936 ad
1058 880 1347 938 terminos
1369 879 1734 956 theologales
1787 879 2037 939 Antonii
2073 879 2381 950 Sirecti‚
2418 882 2484 938 A.
2516 881 2785 939 Tromb
2804 882 2973 938 etae
3006 885 3068 937 et

452 968 509 1025 d.
547 969 1163 1037 Bonaventurae‚
1211 968 1488 1045 Lugduni
1529 978 1733 1038 156ος
1790 970 1874 1027 St.
1908 968 2306 1027 Bruliferi
2357 969 2712 1027 eximiorum
2762 969 3066 1045 theologo-

464 1066 621 1119 1611
647 1078 661 1125 3
710 1056 979 1115 Venetiis
1034 1067 1218 1120 1575.
1252 1058 1316 1116 in
1353 1068 1423 1128 43
1470 1075 1731 1131 compen·
1787 1078 1924 1116 rum
1975 1058 2038 1118 Ο.
2090 1058 2225 1121 Min.
2290 1065 2700 1117 monotesseron
2763 1058 2826 1116 in
2889 1076 3064 1116 usum

457 1146 618 1203 dium
646 1147 820 1204 totius
851 1146 1184 1223 theoloyicae
1227 1149 1483 1205 veritatis
1521 1146 1732 1206 incerti
1787 1147 2200 1223 philosophiae
2246 1147 2589 1206 Aristotelis
2634 1150 2696 1205 et
2739 1146 3066 1223 theologiae

459 1236 730 1305 auctoris„
779 1234 1060 1310 Lugduni
1108 1246 1294 1306 1569,
1342 1236 1437 1294 cui
1484 1235 1733 1294 editioni
1789 1237 2115 1295 haereticae
2147 1237 2569 1304 studiosorum,
2603 1236 3065 1306 Parisii815793

454 1323 720 1399 adjectus
764 1328 857 1382 est
904 1326 1259 1401 praecedens
1305 1325 1550 1383 libellus
1601 1328 1730 1394 etc„
1790 1325 2054 1385 Venetiis
2095 1333 2279 1393 1587,
2331 1343 2480 1402 opus
2528 1325 2697 1383 valde
2729 1344 2945 1383 rarum.
2978 1358 3067 1369 —

451 1412 523 1470 de
555 1432 673 1487 quo
707 1414 998 1488 opusculo
1030 1415 1099 1472 cf.
1134 1432 1315 1490 supra
1337 1414 1446 1484 11⁸,
1480 1422 1623 1477 383.
1647 1447 1732 1457 —-
1789 1415 1887 1472 Ae
1904 1414 2120 1490 gidio
2170 1414 2488 1473 Columnae
2538 1432 2647 1472 sua
2678 1413 2877 1472 studia
2907 1414 3066 1472 dica·

450 1502 776 1560 Jacobinus
801 1504 855 1560 M
874 1502 1037 1560 alaf
1045 1522 1121 1562 os
1139 1522 1165 1561 s
1183 1523 1216 1561 a
1235 1522 1341 1563 seu
1356 1502 1731 1561 Malaiossius
1788 1504 1880 1562 vit
1911 1503 2233 1578 Dionysius
2278 1498 2738 1583 Petrellusl)
2792 1523 2827 1561 a
2859 1502 3066 1578 Sigillo

450 1590 515 1648 Ο.
533 1591 673 1653 Min.
690 1610 747 1651 n.
777 1592 837 1649 in
873 1592 1088 1669 oppido
1102 1594 1353 1670 Burges,
1373 1593 1529 1667 quod
1548 1591 1730 1650 situm
1790 1592 1853 1651 O.
1890 1593 1945 1654 S.
1978 1595 2150 1669 Aug„
2199 1593 2305 1666 qui
2357 1594 2420 1650 in
2450 1593 2579 1668 ejus
2612 1611 2793 1667 opera
2823 1592 3069 1667 reliquit

447 1682 543 1738 est
572 1680 636 1737 in
668 1681 875 1739 Italiae
908 1680 1265 1757 Subalpinis,
1298 1683 1402 1740 diu
1431 1681 1731 1757 professus
1787 1684 2197 1740 annotationes.
2230 1682 2383 1741 Eum
2419 1682 2738 1758 Gregorius
2756 1681 2913 1740 XIII.
2928 1699 3067 1757 pro—

448 1773 541 1826 est
571 1769 930 1845 theologiam
962 1770 1025 1827 in
1057 1771 1354 1829 academia
1372 1770 1652 1846 patavina
1670 1773 1732 1828 et
1788 1776 1922 1846 pter
1955 1770 2309 1829 eruditionis
2339 1771 2550 1829 famam
2581 1770 2821 1829 Romam
2857 1771 3068 1829 accivit-

446 1858 810 1928 taurinensi;
842 1859 1117 1918 interfuit
1147 1861 1327 1919 etiam
1357 1859 1605 1918 concilio
1624 1859 1730 1917 tri·
1788 1860 2098 1935 ferturque
2130 1859 2346 1919 dixisse
2367 1859 2571 1918 audita
2589 1860 2719 1935 ejus
2740 1860 3065 1918 sententia:

446 1947 718 2006 dentino.
751 1948 1044 2025 Egregius
1078 1949 1302 2008 dicitur
1329 1948 1513 2007 fuisse
1545 1952 1731 2007 meta·
1789 1948 2044 2025 ,Sigillo
2094 1948 2244 2008 bene
2306 1949 2585 2026 sigillasti
2646 1952 2754 2007 tua
2798 1949 2959 2007 dicta
3007 1953 3068 2008 et

448 2036 737 2111 physicus
785 2047 845 2095 et
892 2037 958 2096 in
989 2037 1347 2112 disputando
1392 2037 1728 2096 acerrimus.
1786 2041 1985 2096 vot-a‘.

451 2124 615 2193 Quae
645 2126 770 2200 ipse
817 2127 1185 2185 declamabat
1229 2128 1482 2202 quodam
1532 2128 1730 2201 lepore

447 2214 536 2272 ita
567 2214 897 2287 condiebat,
950 2219 1021 2273 ut
1065 2217 1339 2275 omnibus
1388 2216 1731 2276 redderetur
1880 2226 1933 2277 4.
1999 2216 2440 2274 praetermissis
2506 2215 3064 2290 christophoro
3144 2235 3148 2241 ·

448 2308 676 2379 gratus,
712 2303 816 2361 sed
848 2304 992 2363 adeo
1037 2305 1204 2382 gravi
1247 2324 1314 2364 ac
1356 2305 1560 2363 sedata
1588 2322 1731 2363 voce
1786 2305 2070 2363 Patavino
2101 2304 2165 2362 Ο.
2202 2305 2255 2363 S.
2289 2308 2439 2379 Aug.
2485 2304 2576 2361 sui
2623 2303 2847 2362 ordinis
2893 2304 3066 2362 annis

449 2393 885 2467 superfusoque
933 2394 1276 2453 facetiarum
1298 2395 1421 2453 sale
1441 2394 1729 2469 exprime-
1794 2402 1869 2456 18
1923 2395 2258 2469 praeposito
2307 2393 2587 2468 generali,
2640 2393 2743 2467 qui
2793 2393 3066 2450 interfuit

447 2481 570 2549 bat,
605 2486 675 2540 ut
708 2482 1008 2541 auditores
1040 2483 1311 2542 certatim
1342 2483 1414 2541 ad
1435 2502 1571 2541 eum
1590 2500 1729 2541 con·
1787 2483 2037 2542 concilio
2100 2482 2426 2541 tridentino
2487 2485 2667 2556 atque
2717 2501 2751 2539 a
2797 2481 3066 2556 patribus

448 2570 703 2629 fluentes
747 2572 810 2629 in
858 2572 1159 2632 subselliis
1210 2572 1599 2648 scriptitando
1632 2591 1729 2630 ex·
1787 2590 1922 2631 cum
1956 2572 2184 2648 aliquot
2216 2572 2348 2631 aliis
2381 2570 2743 2630 conficiendo
2776 2569 3065 2630 librorum

448 2660 698 2735 plicatas
760 2663 1088 2720 sententias
1153 2664 1309 2722 notis
1372 2663 1728 2737 exciperent.
1785 2662 2225 2737 prohibitorum
2303 2661 2488 2720 indici
2561 2660 2872 2735 delegatus
2949 2660 3065 2718 fuit

450 2745 677 2828 Obiit1)
712 2751 924 2809 aetatis
965 2773 1017 2813 a.
1053 2761 1153 2815 82.
1214 2752 1419 2810 Edidit
1466 2752 1578 2809 sub
1624 2770 1727 2809 no·
1789 2749 1850 2832 (†
1892 2747 2107 2831 1569),
2145 2755 2206 2809 et-
2237 2750 2493 2809 Gerardo
2539 2750 2825 2808 Habbio
2871 2748 3064 2807 Lune-

448 2838 607 2896 mine
682 2839 890 2899 Jacobi
963 2842 1231 2917 Bargii
1308 2842 1732 2898 enarrationem
1787 2842 1949 2898 rensi
1997 2840 2290 2916 gymnasii
2324 2838 2591 2896 Montani
2625 2838 2897 2897 Coloniae
2930 2857 3066 2912 pro-

453 2931 966 3005 expositionemque
1008 2931 1072 2988 in
1129 2943 1177 2993 1.
1230 2931 1268 2990 l.
1302 2932 1450 2987 sent.
1499 2929 1534 2986 S
1553 2929 1727 2998 coti,
1785 2929 2008 2988 sessore
2060 2925 2120 3009 (†
2170 2923 2382 3007 1577),
2435 2928 2608 3003 cujus
2654 2930 2847 2985 exstat
2900 2927 3063 2984 Com-

450 3015 512 3073 in
545 3036 662 3091 qua
704 3027 821 3080 130
860 3038 1008 3094 quae
1028 3019 1312 3078 videntur
1342 3036 1466 3076 esse
1499 3021 1730 3076 contra·
1777 3020 2059 3092 pendium
2091 3019 2399 3094 theoloyicte
2429 3017 2745 3074 communis
2788 3023 2838 3073 et
2883 3018 3064 3074 usita-

451 3106 741 3164 dictiones
773 3106 931 3165 Scoti
952 3109 1148 3176 solvit,
1183 3107 1411 3166 Patavii
1441 3116 1623 3169 1560.
1646 3139 1730 3148 -
1787 3114 1880 3165 tae
1910 3126 2015 3181 per
2046 3107 2349 3183 dialogum
2369 3105 2759 3182 propositum,
2796 3105 3067 3163 Coloniae

452 3195 721 3253 Eundem
767 3196 1007 3256 Scotum
1057 3196 1389 3255 illustravit
1437 3194 1733 3254 Antonius
1802 3205 1960 3258 1573
2027 3230 2114 3238 -
2160 3196 2420 3254 Joannes
2467 3196 2512 3252 B
2531 3194 2797 3269 ologni
2845 3195 3067 3253 Panor-

448 3284 1299 3346 PaleatinusMonelianus
1316 3286 1379 3343 Ο.
1398 3285 1540 3342 Min.
1556 3284 1730 3342 Conv.
1789 3286 2071 3354 mitanuS,
2106 3284 2326 3343 ibidem
2347 3283 2786 3342 archidiaconus
2818 3296 2878 3341 et
2908 3284 3065 3341 vica-

448 3372 556 3430 diu
589 3374 813 3432 ordinis
855 3379 1204 3450 procurator
1247 3374 1559 3452 generalis,
1594 3373 1732 3431 dein
1790 3375 1913 3432 rius
1946 3374 2238 3451 generalis
2275 3370 2334 3454 (†
2378 3366 2569 3454 1564)
2618 3372 2952 3446 disputavit
3000 3374 3068 3429 de

448 3462 760 3538 episcopus
792 3465 1216 3541 brugnatensis
1236 3461 1296 3544 (†
1326 3475 1440 3526 157
1455 3457 1536 3542 9),
1559 3463 1731 3536 eujus
1787 3470 2022 3521 aeterna
2055 3463 2166 3521 Dei
2202 3462 2729 3536 praedestinatione
2772 3468 2822 3517 et
2865 3479 3067 3533 repro-

451 3556 545 3610 est
578 3552 878 3611 Methodus
897 3561 949 3610 et
964 3555 1352 3630 grammatica
1385 3553 1732 3626 speculativa
1787 3553 2026 3628 batione,
2062 3552 2289 3610 Patavii
2333 3560 2531 3619 15543
2574 3558 2757 3612 1555.
2790 3549 2853 3606 in
2889 3559 2944 3612 8.
2978 3582 3064 3592 —-

448 3659 503 3698 v.
538 3640 807 3701 Doctoris
857 3643 1112 3714 subtilia,
1162 3642 1405 3700 Parisiis
1460 3650 1620 3704 1604
1672 3645 1733 3697 et
1787 3642 1858 3699 In
1879 3642 2084 3716 primis
2108 3659 2243 3699 vero
2266 3638 2681 3697 memorandus
2700 3640 2790 3696 est
2808 3637 3065 3697 Jacobus

448 3729 733 3789 Melchior
777 3731 1096 3790 Flavius
1144 3731 1207 3792 Ο.
1260 3732 1398 3789 Min.
1446 3731 1551 3790 Pio
1598 3729 1662 3788 V.
1698 3749 1732 3787 a
1786 3731 2102 3789 Lainius
2153 3731 2207 3791 S.
2258 3730 2312 3788 J.
2362 3727 2666 3788 Almazani
2713 3727 2779 3785 in
2829 3727 3067 3786 Castilia

446 3819 920 3879 confessionibus
966 3825 1026 3878 et
1081 3821 1335 3879 Henrico
1385 3821 1458 3877 ΙΙ.
1509 3819 1730 3877 Galliae
1786 3839 1835 3877 a.
1893 3829 2074 3881 1512.
2122 3823 2303 3881 ortus,
2368 3817 2604 3876 Parisiis
2655 3817 2796 3875 dum
2849 3817 3064 3874 studiis

449 3907 578 3984 regi
596 3929 630 3967 a
650 3910 1052 3980 concionibus,
1076 3909 1518 3968 commissarius
1549 3925 1729 3984 gene·
1785 3909 1954 3967 daret
1984 3927 2237 3983 operam,
2273 3926 2316 3965 s.
2337 3906 2572 3983 Ignatio
2605 3906 2902 3964 societatis
2922 3906 3066 3965 Jesu

447 3997 592 4055 ralis
627 3999 970 4056 Germaniae
993 3999 1333 4074 superioria,
1367 3999 1728 4055 resolutioni·
1785 3999 2018 4073 parenti
2051 4016 2178 4055 sese
2208 3996 2498 4071 adjunxit.
2530 3997 2850 4070 Postquam
2884 3996 3065 4053 vitam

447 4085 550 4143 bus
596 4087 658 4144 in
694 4098 729 4149 4
764 4088 827 4144 11.
879 4089 1308 4146 sententiarum
1359 4087 1535 4157 Scoti,
1581 4104 1729 4160 quas
1785 4086 2166 4162 apostolicam
2186 4087 2248 4144 in
2270 4085 2677 4161 superioribus
2703 4084 2912 4142 Italiae
2932 4103 3064 4158 par-

446 4175 635 4233 edidit
683 4177 813 4252 ejus
863 4177 1080 4235 sodalis
1111 4177 1369 4235 Joannes
1418 4177 1727 4235 Forsan·
1785 4176 1949 4234 tibus
1982 4176 2125 4252 egit,
2177 4176 2392 4233 Romae
2436 4173 2795 4250 theologiam
2843 4173 3065 4230 schola-

448 4282 606 4322 nuS.
658 4266 899 4324 Parisiis
957 4275 1156 4336 15793
1208 4265 1471 4324 Venetiis
1528 4272 1726 4333 15803
1784 4266 1996 4323 sticam
2038 4264 2329 4340 exposuit.
2394 4263 2624 4321 Indicto
2671 4283 2704 4319 a
2746 4261 2928 4320 Paulo
2960 4260 3065 4319 III.

450 4354 519 4410 de
538 4373 710 4430 reyno
732 4355 963 4426 Christi,
983 4355 1224 4413 Parisiis
1256 4364 1438 4421 1566,
1474 4354 1728 4429 epitome
1785 4354 2033 4413 concilio
2085 4353 2412 4411 tridentino
2444 4353 2517 4409 ab
2550 4352 2754 4410 eodem
2786 4350 3067 4424 pontifice

447 4443 570 4500 scil.
623 4444 883 4502 omnium
937 4444 1351 4520 mysteriorum
1404 4443 1620 4502 Christi
1668 4445 1728 4499 et
1783 4461 2029 4502 munere
2077 4442 2341 4519 theologi
2391 4440 2679 4516 pontificii
2738 4440 2881 4498 illuc
2932 4459 3066 4498 cum

450 4532 685 4590 Summa
716 4533 901 4591 totius
923 4533 1296 4609 Scripturae3
1330 4534 1399 4589 de
1428 4538 1582 4590 statu
1599 4532 1726 4589 ani-
1786 4533 2127 4618 Salmerone
2189 4535 2279 4590 est
2339 4530 2590 4588 missus:
2655 4548 2773 4604 quo
2824 4547 3072 4587 munere

527 4745 562 4808 ί)
592 4740 672 4793 Cf.
714 4741 871 4795 Joan.
915 4759 948 4793 a
986 4759 1026 4794 s.
1070 4740 1317 4793 Antonio
1360 4738 1420 4791 iu
1458 4738 1727 4792 Biblioth.
1866 4742 1902 4806 ¹)
1930 4736 2090 4791 Alius
2127 4756 2158 4790 a
2188 4736 2552 4806 Fulgentio
2587 4733 2843 4797 Petrell0,
2863 4733 2931 4786 de
2953 4748 3066 4800 quo

448 4811 606 4864 univ.
635 4813 805 4865 franc.
835 4815 936 4867 etc.
1786 4809 1950 4862 infra.

2673 4895 2736 4949 1*
