3625 5193
606 267 733 319 979

1117 254 1484 325 1641—1663.
1514 251 1823 320 Theologia
1850 251 2017 321 posit.
2045 254 2104 304 et
2129 251 2405 320 polemica
2433 251 2489 304 in
2519 250 2721 305 Gallia.

3105 267 3233 321 980

607 433 1039 509 philosophiam
1061 440 1120 492 et
1148 436 1502 511 theologiam
1520 435 1799 511 Lugduni
1832 440 1893 495 et
1948 438 2111 496 tibus
2188 437 2510 496 christiano
2589 437 2873 495 sacrificio
2929 432 3241 517 (Lugduni

608 523 840 592 Romae,
877 542 943 582 ac
961 524 1198 582 demum
1220 528 1354 600 post
1375 526 1537 583 varia
1568 525 1744 583 etiam
1768 529 1888 583 tra·
1955 536 2110 588 1661
2138 527 2202 584 in
2225 522 2327 606 8.).
2344 525 2469 585 VII.
2487 526 2905 602 complectitur
2923 525 3233 593 Mariana,

606 611 735 687 gica
756 612 875 670 fala
895 613 1306 689 octogenarius
1332 614 1540 672 multis
1561 613 1892 673 virtutibus
1946 619 2045 674 ut:
2087 615 2373 692 Diptycha
2390 617 2682 683 mariana,
2700 615 2923 690 quibus
2953 615 3159 673 inanes
3179 616 3234 672 b.

603 700 800 758 clarus
832 700 1084 760 decessit
1101 701 1380 777 Lugduni
1419 713 1517 765 31.
1551 702 1676 764 Oct.
1707 712 1889 764 1663.
1946 704 2206 781 Virginis
2237 703 2684 781 praerogativae
2732 704 3033 778 plerisque
3062 704 3243 761 novis

607 789 730 847 Viri
764 790 943 865 hujus
985 789 1488 865 famigeratissimi
1534 810 1709 868 opera
1741 788 1890 872 (ple-

605 897 858 953 rumque
891 881 1065 937 aucta
1094 886 1154 937 et
1174 875 1507 960 emendata)
1537 881 1892 955 prodierunt

606 986 747 1025 cura
781 968 837 1023 P.
873 969 1093 1037 Bertet‚
1127 968 1405 1045 Lugduni
1433 979 1596 1031 1665
1634 972 1674 1027 t..
1719 979 1791 1030 19
1828 970 1893 1027 in

605 1056 641 1113 f.
676 1052 971 1136 (collectio
1003 1052 1158 1137 rara)
1181 1058 1293 1116 hoc
1310 1058 1545 1118 ordine:
1579 1062 1625 1119 t.
1661 1059 1703 1115 1.
1735 1058 1887 1116 theo-

605 1145 756 1221 loyia
781 1152 1025 1217 patrum
1071 1145 1146 1204 ad
1177 1145 1530 1222 templorum
1566 1150 1626 1205 et
1666 1146 1892 1205 schola-

606 1252 737 1290 rum
771 1252 966 1303 usum,
1012 1233 1281 1293 Christus
1315 1236 1677 1295 Deus-homo
1712 1233 1891 1317 (Ant-

606 1323 857 1398 werpiae
896 1332 1059 1384 1652
1111 1324 1173 1381 in
1220 1319 1317 1405 f.);
1363 1325 1435 1381 11.
1484 1326 1551 1382 de
1595 1319 1892 1383 attributis

606 1410 823 1469 Christi
853 1412 1152 1487 theologia
1199 1416 1450 1488 patrum.
1485 1433 1635 1472 nexa
1665 1413 1890 1472 schola-

606 1498 806 1569 sticae,
858 1501 1204 1577 allegoricae
1251 1505 1313 1559 et
1344 1503 1585 1572 morali3
1634 1504 1735 1560 111.
1770 1521 1888 1561 mo-

604 1588 752 1645 ralis
770 1589 1076 1661 disciplina
1112 1590 1186 1647 ad
1209 1590 1698 1664 praestruendum
1721 1592 1887 1650 theo-

608 1676 801 1753 logiae
822 1678 1110 1752 practicae
1125 1697 1191 1736 ac
1194 1678 1217 1753 j
1230 1679 1627 1754 urisprudenti
1637 1700 1703 1739 ae
1719 1681 1888 1739 viam.

608 1765 773 1839 Opus
806 1785 923 1841 quo
957 1766 1256 1825 subtilitas
1305 1768 1657 1827 scholastica
1688 1769 1887 1827 litera-

609 1873 738 1911 rum
772 1857 1128 1913 amoenitate
1173 1859 1554 1931 temperatur,
1603 1859 1891 1935 principia

597 1941 754 2015 juris
775 1943 1196 2013 stabiliuntur3
1232 1965 1418 2020 penus
1441 1947 1512 2003 ad
1535 1965 1729 2005 sacras
1751 1966 1889 2006 con-

606 2030 800 2089 ciones
864 2032 1222 2102 instruitur,
1288 2054 1356 2092 ex
1407 2036 1779 2095 ethnicorum
1830 2040 1891 2095 ot

606 2120 1070 2179 Christianorum
1122 2123 1456 2198 sapientum
1509 2125 1890 2183 defloratione

604 2210 1017 2268 concinnatum
1045 2206 1350 2292 (Lugduni
1385 2223 1543 2274 1629
1580 2215 1644 2272 in
1664 2210 1755 2293 f.);
1790 2214 1889 2272 IV.

605 2300 673 2355 de
703 2300 1007 2357 virtutibus
1037 2309 1086 2357 et
1131 2303 1282 2359 vitiis
1313 2309 1587 2361 accurata
1618 2307 1678 2360 et
1709 2303 1889 2361 floru-

609 2387 769 2445 lenta
813 2390 1090 2448 tractatio
1138 2388 1439 2472 (Lugduni
1481 2402 1638 2454 1631
1695 2392 1757 2449 in
1789 2387 1888 2473 f.);

610 2476 670 2532 V.
703 2478 977 2552 theoloyia
998 2480 1289 2537 naturalis
1310 2480 1433 2538 sive
1455 2481 1610 2538 emis
1641 2482 1888 2539 increati

606 2568 667 2623 et
686 2566 869 2624 creati
901 2566 1058 2625 intra
1077 2586 1409 2643 supremam
1431 2569 1887 2629 abstractionem

607 2674 674 2710 ex
737 2659 984 2713 naturae
1046 2657 1270 2715 lumine
1338 2657 1722 2735 investigatio
1786 2658 1888 2739 (ib.

616 2752 815 2812 16223
858 2752 1020 2805 1637
1059 2745 1118 2801 'in
1155 2743 1266 2821 4.);
1302 2744 1501 2803 addita
1522 2754 1611 2806 est
1643 2749 1715 2805 ab
1750 2767 1887 2806 auc-

605 2835 735 2888 tore
767 2833 925 2889 scala
956 2852 991 2890 a
1024 2833 1241 2890 visibili
1272 2840 1540 2892 creatura
1577 2838 1649 2895 ad
1682 2839 1887 2905 Deum,

606 2937 758 2992 quae
790 2921 862 2977 ab
894 2919 1023 2994 ipso
1050 2923 1338 2997 qradaria
1369 2926 1657 2998 sapiencia
1688 2927 1887 3001 appel·

607 3007 782 3076 latur,
830 3010 902 3065 ad
954 3011 1285 3085 exemplum
1333 3013 1626 3072 itinerarii
1672 3016 1888 3073 mentis

1947 793 2369 869 scriptionibus
2429 794 2708 869 vulgatae
2759 812 2792 850 a
2841 792 3110 868 probatis
3172 794 3247 850 et

1946 882 2101 941 veris
2133 883 2289 959 apud
2322 886 2520 958 patres
2565 881 2995 957 theologosque
3041 899 3236 939 secer-

1947 975 2177 1030 nuntur
2209 970 2643 1054 (Gratianopoli
2684 980 2846 1033 1643
2882 970 2946 1029 in
2967 978 3040 1038 43
3071 968 3235 1045 Lug-

1948 1062 2092 1119 duni
2123 1070 2286 1123 1654
2323 1061 2384 1118 in
2409 1057 2521 1130 4.);
2556 1059 2876 1135 Scapulam
2894 1058 3246 1117 marianum

1948 1151 2303 1208 illustratum
2350 1157 2400 1208 et
2444 1150 2740 1224 defensum
2784 1146 3068 1206 adversus
3115 1147 3237 1205 La-

1947 1240 2069 1315 noj
2090 1259 2204 1298 um
2240 1236 2441 1321 (opera
2473 1238 2928 1305 carmelitarum,
2978 1256 3233 1312 quorum

1948 1346 2092 1387 cura
2123 1332 2251 1386 erat
2284 1326 2761 1404 imprimendum,
2814 1325 3086 1384 nonnihil
3118 1327 3230 1382 im-

1946 1421 2265 1487 mutatum,
2300 1417 2542 1475 Parisiis
2574 1423 2737 1478 1654
2772 1415 2834 1473 in
2859 1425 2927 1483 83
2961 1415 3237 1472 Coloniae

1957 1516 2119 1569 1658
2169 1508 2229 1563 in
2288 1515 2379 1568 12.
2428 1511 2489 1565 et
2537 1500 2739 1584 alibi);
2793 1504 3119 1562 dissertatio
3165 1504 3241 1560 de

1947 1596 2245 1653 retinendo
2307 1597 2470 1653 titulo
2530 1594 2936 1652 immaculatae
2998 1609 3237 1665 concep·

1945 1687 2119 1742 tionis
2166 1683 2460 1759 Deiparae
2508 1683 2566 1746 V.
2616 1680 2912 1764 (Coloniae
2953 1691 3106 1743 1651
3168 1682 3237 1739 in

1958 1771 2108 1853 12.);
2161 1774 2546 1833 nomenclator
2594 1774 2900 1830 marianus
2949 1789 2980 1828 e
3031 1771 3233 1828 titulis

1948 1864 2380 1931 selectioribu8‚
2425 1862 2646 1937 quibus
2682 1862 2735 1917 b.
2770 1860 2836 1917 V.
2870 1879 2903 1917 a
2936 1878 3012 1917 ss,
3045 1859 3233 1934 patri-

1946 1955 2057 2012 bus
2108 1953 2477 2022 honestatur,
2517 1953 2829 2009 contextus
2863 1968 2997 2006 cum
3031 1948 3237 2006 obser-

1945 2040 2290 2101 vationibus
2313 2044 2371 2099 et
2393 2040 2677 2116 glossario
2699 2035 3003 2121 (Lugduni
3035 2046 3237 2103 1639;

1949 2134 2161 2190 Romae
2194 2140 2354 2192 1649
2392 2131 2453 2187 in
2483 2126 2608 2209 12.)
2629 2131 2735 2186 etc.
2770 2127 2925 2190 vm,
2958 2125 3232 2184 inscribi-

1946 2226 2049 2278 tur
2082 2219 2489 2295 Haqioloqium
2533 2220 2877 2295 luydunense
2929 2211 3232 2297 (Lugduni

1953 2319 2117 2372 1662
2155 2309 2217 2365 in
2248 2308 2330 2386 f.)‚
2366 2308 2429 2366 in
2449 2326 2566 2383 quo
2598 2308 2830 2383 praeter
2856 2303 3233 2363 dissertatio-

1947 2418 2080 2458 nem
2134 2397 2205 2455 de
2255 2398 2502 2456 diversis
2550 2395 2771 2455 sanctis
2822 2397 2915 2452 est
2958 2392 3233 2451 libellus:

1947 2489 2148 2546 Maria
2193 2488 2558 2545 immaculate
2601 2490 2866 2559 concepta
2905 2484 3130 2558 primos
3169 2483 3235 2537 in

1950 2578 2146 2636 Gallia
2178 2577 2420 2635 honores
2456 2575 2728 2653 Luqduni
2758 2578 3070 2646 consecuta,
3127 2570 3237 2643 qui

1944 2668 2245 2744 prodierat
2269 2667 2392 2742 jam
2425 2664 2698 2742 Lugduni
2739 2672 2899 2724 1647
2938 2662 2999 2718 in
3035 2669 3089 2722 4.
3124 2661 3234 2718 hoc

1946 2758 2152 2816 titulo:
2218 2756 2411 2813 Pietas
2460 2753 2829 2831 luqdunensis
2873 2769 3016 2826 erga
3060 2749 3115 2806 b.
3164 2748 3231 2805 V.

1946 2846 2322 2905 immaculate
2355 2846 2712 2918 conceptam.
2755 2840 2850 2901 IX.
2883 2837 3237 2897 inscribitur

1949 2935 2353 3012 Haqioloqium
2376 2934 2654 2992 exoticam
2670 2952 2698 3003 ,·
2731 2929 2792 2991 X.
2812 2929 3134 3002 pontificia,
3168 2927 3235 2984 in

1947 3043 2067 3098 quo
2100 3028 2335 3099 praeter
2367 3023 2513 3081 alia:
2571 3021 2796 3078 Corona
2831 3036 3013 3075 aurea
3043 3032 3232 3089 supra

608 3097 670 3154 in
718 3097 901 3155 Deum
938 3117 980 3155 a.
1014 3099 1461 3160 Bonaventurae
1504 3107 1565 3161 et
1596 3105 1888 3163 ascensio·
1946 3115 2218 3172 mithram
2249 3132 2392 3171 rom.
2420 3110 2710 3187 pontificis
2727 3109 3063 3166 selectorum
3094 3108 3230 3162 ticu-

604 3186 697 3244 nis
730 3186 946 3246 mentis
978 3187 1042 3246 in
1075 3189 1262 3247 Deum
1309 3191 1371 3248 R.
1407 3192 1762 3250 Bellermini.
1809 3195 1890 3250 At
1945 3204 2132 3260 lorum
2166 3198 2367 3284 (495),
2416 3200 2634 3275 quibus
2665 3196 2914 3257 concilia
2943 3199 3005 3252 et
3036 3199 3239 3269 patres

605 3275 913 3351 Theophili
963 3277 1154 3352 opella
1205 3280 1520 3354 uti-iusque
1571 3281 1890 3339 cardinalis
1945 3291 2408 3367 romponffifieis
2442 3294 2501 3346 et
2535 3287 2690 3345 gedig
2724 3283 3080 3362 apostolicae
3100 3302 3228 3340 ma-

605 3364 869 3439 piissima
917 3369 1204 3441 opuscula
1253 3369 1505 3427 seculari
1555 3369 1889 3429 eruditione
1938 3383 2213 3456 jestatem
2234 3371 3230 3446 coronarunt,illustratacolleeiio.

606 3456 904 3528 Praecedit
937 3453 1242 3534 (Lugduni
1287 3467 1448 3520 1624
1481 3459 1545 3516 in
1587 3455 1740 3538 12.);
1791 3458 1887 3516 Vl·
1948 3470 2210 3528 Accessit
2240 3467 2569 3528 confutatio
2602 3465 2741 3524 novi
2772 3461 2988 3522 erroris
3023 3461 3094 3518 de
3119 3460 3233 3518 Eo·

603 3549 837 3601 constat
868 3545 1170 3620 opusculis
1202 3565 1320 3605 non
1354 3548 1604 3606 antehac
1635 3548 1887 3616 excusis,

604 3638 707 3688 aut
757 3633 981 3708 ubique
1030 3634 1104 3691 ab
1155 3639 1397 3693 auctore
1453 3637 1778 3695 emendatis
1828 3642 1891 3694 et

603 3721 811 3788 auctis,
845 3722 968 3779 scil.
990 3723 1424 3796 eucharisticis;
1455 3727 1685 3800 potiora
1714 3730 1888 3784 sunt:

609 3808 1026 3866 Candelabrum
1041 3818 1295 3870 sanctum
1310 3815 1653 3885 septilc'ustre
1663 3815 1891 3873 divinae

604 3913 830 3953 mensae
862 3897 1112 3966 illucens,
1158 3900 1662 3973 praedelineatum
1694 3904 1756 3960 in
1790 3922 1888 3979 sy·
1915 3887 1949 3998 ξ

1946 3559 2124 3617 clesia
2154 3558 2384 3633 bicipiti
2420 3555 2659 3637 (Romae
2684 3563 2844 3615 1647
2885 3552 2945 3610 in
2982 3547 3095 3631 4.);
3132 3549 3229 3606 XI.

1944 3650 2149 3706 critica
2179 3666 2372 3719 saera,
2406 3646 2565 3703 inter
2584 3662 2738 3719 quae
2758 3640 3041 3716 reperies:
3077 3638 3230 3696 Ero·

1945 3744 2153 3795 temata
2170 3733 2214 3816 ¹)
2251 3737 2318 3793 de
2349 3736 2519 3792 malis
2550 3753 2616 3791 ac
2648 3733 2807 3790 bonis
2844 3730 3009 3788 libris
3038 3727 3229 3801 deque

1945 3828 2105 3896 iusta
2136 3828 2241 3883 aut
2272 3825 2498 3898 injusta
2542 3819 2861 3880 eorundem
2906 3816 3233 3876 confixione

605 4001 848 4080 nagoga,
883 4003 1225 4059 expressum
1249 4008 1387 4048 vero
1419 3991 1480 4048 in
1504 3991 1760 4049 Ecclesia
1791 4010 1887 4048 ex·
1915 4001 1919 4090 Ι
2022 4020 2060 4084 ι)
2095 4015 2234 4070 „Das
2262 4012 2437 4066 Werk
2464 4009 2687 4064 enthfflt
2713 4009 2899 4062 „eben
2927 4006 3081 4085 0593?
3107 4021 3229 4057 vor,

605 4070 894 4130 bibitione
928 4075 1183 4148 corporis
1214 4081 1275 4135 et
1313 4079 1621 4156 sanguinis
1656 4079 1885 4137 Domini
1948 4087 2264 4140 trefflichen
2292 4083 2408 4137 und
2454 4082 2746 4150 gelehrteii
2776 4075 3235 4145 Vertheidigung

608 4157 932 4236 (Avenione
977 4172 1135 4225 1645
1185 4166 1248 4223 in
1283 4163 1401 4248 4.);
1449 4170 1684 4226 exuviae
1707 4171 1890 4242 panis

605 4255 653 4303 et
685 4250 803 4307 vini
834 4252 896 4308 in
939 4253 1306 4331 eucharistia,
1361 4257 1716 4327 lucubratiO,
1769 4276 1888 4332 qua

603 4338 940 4398 ostenditur
987 4360 1112 4400 esse
1157 4363 1324 4402 veras
1370 4346 1708 4419 qualitates⁹
1759 4350 1884 4402 tum

607 4445 640 4481 a
681 4428 928 4501 spectris
974 4449 1215 4490 sensum
1263 4433 1708 4492 ludificantibus
1755 4438 1881 4493 tum

603 4535 638 4569 a
686 4516 1032 4576 substantiis
1081 4521 1238 4578 intra
1291 4540 1463 4596 poros
1511 4522 1684 4597 panis
1733 4521 1884 4580 exsi-

607 4605 904 4663 stentibus
948 4608 1189 4667 realiter
1233 4609 1580 4680 distinctas3
1619 4612 1882 4669 christia·

605 4708 744 4747 num
786 4712 1017 4751 sacrum
1049 4699 1431 4772 acathystum3
1475 4699 1770 4774 judicium
1811 4699 1883 4757 de

1944 4159 2041 4212 des
2080 4156 2435 4210 kirehlichen
2462 4151 2941 4206 Biicliervei·botes
2979 4147 3071 4200 die
3110 4146 3225 4199 hef-

1944 4230 2151 4299 tigsten
2198 4226 2522 4280 invectiveii
2567 4239 2749 4293 gegen
2794 4220 2883 4272 die
2928 4218 3229 4296 Indexcon5

1942 4300 2257 4370 gregatim,
2304 4296 2513 4350 welche
2539 4311 2630 4348 aui
2660 4298 2743 4350 18.
2772 4293 2899 4346 Dec.
2932 4294 3068 4347 1646
3107 4287 3226 4341 drei

1941 4374 2124 4426 seiner
2135 4369 2416 4425 Schriften
2434 4367 2492 4419 in
2511 4366 2620 4420 den
2632 4365 2803 4418 Index
2822 4364 3038 4432 geaetzt
3052 4360 3229 4422 hatte,

1942 4444 2056 4496 und
2088 4442 2327 4510 Peignot
2375 4439 2516 4493 Dict.
2558 4437 2654 4491 des
2680 4436 2850 4488 livres
2890 4430 3227 4488 condamnes

1942 4532 2015 4567 au
2045 4514 2160 4575 feu,
2188 4512 2260 4565 ad
2290 4529 2341 4565 v.
2422 4527 2645 4579 aynau
2659 4508 2716 4578 d)
2745 4505 3022 4559 berichtet
3041 4517 3227 4571 sogar,

1942 4583 2194 4638 derselbe
2233 4583 2376 4636 habe
2414 4582 2564 4636 diese
2591 4579 2801 4634 Schrift
2840 4593 2947 4630 nur
2971 4574 3227 4633 verfasst‚

1943 4674 2037 4708 um
2081 4655 2265 4709 aeinei·
2305 4653 2465 4708 Galle
2504 4668 2702 4721 wegen
2743 4647 2924 4702 dieses
2954 4645 3245 4725 Verbotes-

1942 4726 2081 4778 Lusi..
2109 4744 2177 4779 zu
2221 4727 2506 4778 macha-nn·
2559 4719 2852 4785 Katholik‚
2893 4724 3034 4778 1864
3065 4715 3229 4786 April

606 4796 757 4836 novo
787 4798 903 4837 usu
935 4782 1240 4857 ingerendi
1267 4787 1572 4845 cathedras
1604 4790 1880 4846 assisten·
1940 4815 1993 4865 p.
2022 4802 2127 4852 4423
2154 4801 2347 4850 annot.
