3625 5193
603 266 727 318 995
912 249 1283 304 1641—1663.
1310 244 1499 304 Theol,
1528 244 1641 312 pol.
1666 243 1729 296 iu
1757 241 1946 296 Gallia.
1971 246 2165 298 contra
2190 245 2343 298 Jans.
2373 244 2425 298 S.
2457 246 2790 299 Vincentius
2818 250 2921 300 etc.

3098 264 3226 315 996

601 434 948 493 Vincentius
970 433 1040 490 de
1060 432 1106 489 P
1123 452 1158 490 a
1173 432 1297 492 ulo
1314 425 1396 513 (n.
1420 441 1516 495 24.
1538 434 1674 507 Apr.
1696 444 1812 495 157
1827 443 1882 503 6;
1940 431 2058 488 cesi
2092 431 2509 508 rotomagensi,
2544 431 2951 507 philosophiae
2976 433 3038 489 et
3058 433 3235 491 theo-

598 519 634 585 †
689 533 786 586 27.
841 523 998 598 Sept.
1056 516 1268 602 1660).
1340 522 1883 580 Praetermittimus
1941 519 2128 596 logiae
2160 520 2399 578 moralis
2429 519 2728 595 professor
2760 515 2821 602 (†
2853 516 3064 602 1657),
3098 522 3234 598 gal-

599 613 723 670 sata
755 612 1160 670 sanctissimae
1192 610 1457 686 ejusdem
1490 610 1663 680 vitae,
1712 630 1886 687 opera
1939 607 2051 666 lice
2082 609 2247 685 prius
2281 603 2526 690 (1651),
2574 609 2712 667 dein
2756 610 2945 669 latine
2990 611 3239 686 scripsit

598 701 896 776 ,stupenda
940 699 1207 759 caritatis
1250 702 1312 757 et
1352 699 1787 758 misericordiae
1821 700 1885 758 in
1940 699 2224 756 vindicias
2265 716 2310 756 s.
2353 699 2668 776 Auyustini
2709 698 2998 758 adversus
3044 700 3235 758 Pseu·

600 809 803 849 omnes
850 790 1187 866 indigorum
1221 788 1589 848 conditiones
1631 794 1692 848 et
1723 791 1882 848 aeta-
1939 786 2455 863 do-Augustinnm
2501 786 2557 850 C.
2590 787 2630 845 J
2633 788 2864 846 ansenii
2897 838 2908 850 .
2945 832 2957 845 .
2992 833 3005 846 .
3037 793 3112 846 tr.
3165 790 3235 846 in

598 883 709 951 tes,
741 878 1026 937 instituta
1044 877 1144 953 pia
1175 880 1236 935 et
1254 877 1594 948 utilissima,
1629 896 1885 953 quorum
1942 875 2216 953 singulos
2263 877 2323 934 ll.
2373 877 2612 953 singula
2657 877 2718 938 ll.
2758 878 2954 953 capita
2984 882 3026 935 t..
3070 889 3120 940 1.
3157 878 3236 935 de

502 989 513 998 ·
600 968 720 1027 fuit
751 972 957 1027 auctor
987 967 1292 1037 fecundus,
1327 985 1477 1043 quae
1496 966 1693 1025 fusius
1726 966 1885 1043 apud
1941 966 2168 1024 haeresi
2220 966 2555 1042 pelagiana,
2609 965 2853 1024 Parisiis
2911 977 3093 1030 1656.
3141 1002 3236 1012 --

600 1057 864 1133 ejusdem
910 1056 1266 1133 biographos
1313 1057 1510 1133 legere
1556 1055 1710 1115 licet.
1762 1055 1882 1114 Ad·
1941 1055 2173 1130 Moyses
2205 1054 2287 1112 du
2308 1056 2566 1131 Bourg
2598 1055 2653 1113 S.
2674 1054 2728 1112 J.
2763 1051 2824 1135 (†
2857 1050 3052 1137 1662)
3088 1057 3235 1114 scri-

600 1165 805 1205 versus
856 1145 1245 1204 Jansenianos
1307 1145 1597 1204 divinitus
1660 1145 1884 1205 missus
1940 1143 2064 1219 psit
2082 1144 2531 1202 LeJansbnisme
2552 1145 2837 1219 fandi-oye
2852 1164 2961 1221 par
2981 1145 3235 1204 laBulle

601 1235 716 1293 dici
762 1238 967 1293 meret.
1030 1233 1206 1291 Virus
1254 1234 1432 1311 hujus
1479 1238 1671 1293 sectae
1717 1253 1883 1312 saga·
1942 1233 2300 1291 d'Innocent
2329 1233 2415 1302 X„
2463 1237 2524 1292 et
2554 1231 2593 1290 l’
2614 1232 2871 1291 Histoire
2901 1236 2982 1292 du
3014 1234 3234 1293 Janse-

600 1324 834 1383 cissime
867 1322 1127 1400 agnovit,
1180 1322 1745 1397 periculosissimum
1783 1325 1884 1398 jn·
1940 1323 2122 1379 nisme
2154 1325 2480 1381 contenent
2498 1340 2563 1380 sa
2579 1321 2955 1399 conception,
2975 1341 3037 1380 sa
3052 1322 3233 1381 Nais-

601 1413 834 1482 dicavit,
872 1412 1007 1471 hinc
1039 1415 1332 1486 quantum
1364 1413 1566 1487 potuit
1598 1411 1789 1470 eidem
1822 1430 1885 1470 se
1941 1428 2128 1480 sance,
2162 1429 2271 1469 son
2287 1410 2760 1470 Accroissement
2776 1414 2838 1470 et
2857 1429 2967 1470 son
2982 1411 3231 1488 Agonie,

601 1501 897 1578 opposuit,
947 1500 1250 1576 episcopos
1299 1501 1518 1558 Galliae
1564 1502 1768 1568 movit,
1817 1505 1887 1558 ut
1943 1499 2300 1576 Burdigalae
2331 1509 2498 1562 1648
2532 1500 2591 1557 in
2636 1508 2745 1568 12;
2780 1501 3113 1573 Βέῖὶιίαείοη
3145 1501 3235 1558 du

602 1591 867 1665 quinque
942 1589 1417 1665 propositionum
1488 1608 1557 1648 ex
1617 1589 1887 1648 Jansenii
1941 1589 2238 1664 pretendu
2284 1589 2645 1648 Catechisme
2691 1588 2762 1646 de
2804 1589 2858 1646 la
2902 1609 3072 1665 grace
3117 1608 3235 1664 par

601 1698 775 1755 opere
810 1680 1172 1755 Auyustinus
1203 1682 1611 1754 excerptarum
1645 1679 1885 1736 damna·
1943 1677 1999 1734 la
2045 1678 2206 1736 seule
2251 1678 2519 1737 doctrine
2569 1677 2641 1735 de
2692 1696 2736 1735 s.
2770 1679 3090 1755 Angustin,
3146 1679 3230 1736 ib.

602 1769 824 1827 tionem
857 1767 1018 1843 apud
1051 1767 1246 1825 sedem
1300 1767 1678 1843 apostolicam
1708 1787 1885 1844 urge·
1951 1776 2109 1828 1651
2136 1770 2243 1825 etc.
2262 1800 2347 1809 —
2369 1767 2531 1825 Petri
2565 1786 2597 1824 a
2630 1783 2674 1824 s.
2698 1767 2736 1825 J
2753 1786 2787 1825 0
2806 1786 2832 1826 s
2851 1786 2936 1843 ep
2955 1769 2991 1825 h
3024 1768 3233 1826 Coma-

602 1860 766 1926 rent,
833 1857 959 1931 ejus
1024 1855 1313 1914 malitiam
1377 1856 1567 1915 literis
1629 1856 1887 1933 egregiis
1943 1859 2082 1931 gere
2115 1854 2181 1913 Ο.
2203 1855 2342 1914 Cist.
2375 1874 2571 1932 congr.
2605 1855 2881 1914 fuliensis
2914 1876 2944 1915 e
2976 1856 3232 1914 dioecesi

601 1946 854 2021 aperuit,
888 1945 1118 2004 sodales
1151 1945 1491 2004 cautissima
1511 1945 1888 2004 solicitudine
1942 1943 2124 2002 Ausci
2147 1941 2229 2023 (n.
2261 1953 2444 2014 1592,
2480 1942 2516 2009 †
2541 1941 2754 2024 1662),
2789 1945 2964 2020 plura
2993 1951 3233 2003 exstant

601 2034 886 2093 adversus
906 2033 1178 2092 Jansenii
1196 2052 1423 2093 errores
1465 2034 1886 2109 praemunivit:
1944 2050 2120 2108 opera
2135 2029 2213 2113 ¹):
2267 2034 2408 2090 Idea
2448 2034 2846 2109 philosophiae
2899 2036 3232 2104 rationalis,

601 2123 739 2182 hinc
754 2123 1608 2200 Grandintheologusinsignis
1625 2121 1888 2199 (†1691)
1943 2123 2264 2193 naturalis,
2317 2119 2667 2182 universalis
2712 2130 2763 2180 et
2811 2125 3052 2181 moralis
3103 2123 3235 2181 sive

601 2214 665 2270 in
716 2213 861 2271 actis
911 2212 1363 2272 canonizationis
1414 2212 1608 2271 dicere
1653 2213 1883 2288 potuit:
1944 2211 2151 2287 logica,
2188 2211 2453 2287 physica,
2488 2211 2931 2288 methaphysica
2949 2216 3009 2270 et
3038 2213 3237 2271 ethica

605 2302 837 2361 Comme
882 2302 1032 2360 Dieu
1064 2321 1098 2359 a
1135 2302 1352 2360 suscite
1399 2321 1441 2360 s.
1475 2301 1687 2377 Ignace
1731 2305 1792 2359 et
1824 2319 1889 2359 sa
1945 2299 2217 2359 Coloniae
2247 2310 2407 2364 1655
2444 2305 2487 2364 t.
2524 2312 2562 2363 4
2596 2301 2660 2358 in
2699 2311 2723 2361 1
2767 2321 2818 2357 v.
2852 2301 3054 2368 in16;
3086 2301 3237 2359 Idea

605 2391 955 2466 Compagnie
987 2393 1193 2449 contre
1226 2390 1454 2449 Luther
1485 2393 1546 2448 et
1578 2390 1798 2459 Calvim
1843 2389 1888 2449 il
1944 2389 2248 2465 theoloyiae
2297 2391 2708 2464 speculativae,
2763 2388 3231 2464 sacramentalis,

601 2498 636 2537 a
682 2480 897 2538 suscite
945 2479 1197 2537 Vincent
1242 2482 1301 2537 et
1348 2498 1411 2537 sa
1461 2478 1887 2555 congregation
1945 2480 2204 2552 moralis,
2239 2479 2478 2537 Parisiis
2508 2487 2670 2541 1642
2695 2497 2748 2535 V.
2776 2488 2810 2542 3
2845 2479 2910 2537 in
2951 2491 2970 2542 1
3001 2483 3044 2537 t.
3075 2478 3140 2537 in
3159 2480 3235 2548 f.;

601 2570 804 2628 contre
849 2569 904 2627 le
943 2567 1319 2643 jansenisme.
1384 2567 1537 2627 Hinc
1585 2571 1646 2627 et
1675 2568 1713 2627 J
1719 2585 1887 2627 anse-
1953 2576 2116 2630 1643
2154 2563 2265 2649 (ed.
2292 2569 2416 2644 jam
2455 2565 2568 2649 5.);
2614 2567 2907 2646 Theoloyie
2936 2570 3015 2627 du
3048 2576 3239 2643 temps

601 2658 767 2716 niani
787 2676 925 2716 eum
943 2656 1192 2714 maxime
1211 2657 1661 2715 exhorruerunt.
1696 2656 1886 2715 Omis-

602 2747 684 2805 sis
716 2748 845 2820 ejus
865 2745 1332 2814 institutionibus,
1362 2745 1757 2805 collationibus
1776 2750 1885 2805 etc.

600 2853 708 2909 pro
754 2833 1057 2892 sodalibus
1102 2835 1162 2891 et
1207 2834 1508 2894 sororibus
1552 2835 1887 2893 misericor-

600 2922 750 2993 diae,
802 2941 953 2996 quae
987 2923 1257 2997 quamvis
1304 2922 1459 2999 typis
1504 2923 1678 2983 datae
1729 2942 1887 2984 com-

599 3010 769 3069 muni
800 3009 1064 3069 fidelium
1111 3012 1249 3069 usui
1295 3031 1415 3070 non
1446 3016 1669 3086 patent,
1723 3032 1885 3071 men-

601 3099 761 3157 tione
792 3099 1004 3176 dignae
1050 3104 1191 3159 sunt
1235 3102 1364 3176 ejus
1410 3102 1694 3176 epistolae,
1743 3121 1886 3177 qua-

600 3208 734 3247 rum
753 3189 966 3264 ingens
986 3188 1106 3248 fuit
1129 3190 1457 3249 multitudo
1477 3185 1577 3271 (ad
1602 3186 1887 3272 30‚000),

600 3297 632 3336 6
664 3278 883 3353 quibus
930 3279 1086 3338 forte
1132 3279 1202 3336 ad
1258 3289 1423 3343 7000
1471 3279 1886 3338 innotuerunt.

601 3367 808 3426 Plures
855 3368 1210 3442 prodierunt
1255 3368 1495 3426 Parisiis
1551 3377 1712 3431 1882
1751 3372 1790 3426 t.
1830 3377 1886 3437 2,

601 3460 661 3515 et
708 3457 931 3532 passim
979 3458 1040 3515 in
1085 3457 1452 3533 biographiis
1498 3457 1652 3514 infra
1700 3458 1887 3516 citan-

600 3541 771 3627 dis1).
814 3580 892 3589 -—
926 3546 1187 3605 Joannes
1222 3547 1448 3605 Doris
1482 3546 1533 3604 S.
1569 3546 1621 3603 J.
1658 3566 1688 3603 e
1728 3546 1888 3604 dioe-

1945 2657 2243 2716 examinee
2264 2659 2426 2717 selon
2448 2659 2533 2717 les
2552 2658 2745 2734 regles
2772 2657 2919 2716 dela
2938 2658 3234 2717 veritable

1943 2745 2257 2823 theologie,
2307 2747 2550 2805 Parisiis
2590 2756 2752 2809 1647
2789 2766 2842 2803 v.
2882 2756 2937 2815 3,
2984 2747 3048 2804 in
3080 2765 3231 2822 quo·

1947 2853 2079 2892 rum
2119 2847 2170 2897 1.
2204 2840 2413 2894 tuetur
2445 2835 2722 2894 Molinam
2770 2836 3059 2894 adversus
3099 2837 3235 2910 ejus

1943 2923 2391 3000 impugnatores
2412 2928 2640 2984 veteres
2663 2929 2724 2983 61
2746 2928 3028 2994 recente8‚
3063 2944 3235 3001 prae-

1946 3013 2152 3071 sertim
2185 3018 2391 3071 contra
2410 3014 2777 3081 Jansenium,
2811 3030 3052 3072 causam
3084 3033 3233 3088 quo-

1945 3120 2060 3176 que
2094 3101 2220 3178 agit
2239 3102 2486 3160 Haberti
2508 3103 2787 3160 adversus
2809 3103 2849 3161 J
2850 3103 3199 3160 ansenianos
3218 3124 3232 3171 ;

1946 3190 2007 3247 in
2032 3199 2086 3251 2.
2108 3189 2330 3249 refellit
2349 3191 2386 3248 l.
2412 3210 2800 3268 anonymum:
2825 3191 2918 3249 La
2934 3192 3236 3268 yrandeur

1945 3280 2013 3335 de
2044 3278 2294 3355 l'E'qlise
2324 3282 2603 3356 romaine,
2639 3280 2704 3337 in
2736 3298 2855 3354 quo
2888 3279 3231 3338 defenditur

1947 3368 2244 3426 sententia
2293 3370 2587 3429 haeretica
2646 3369 2721 3425 ab
2769 3370 3115 3428 Innocentio
3167 3369 3234 3426 X.

1946 3456 2231 3515 damnata
2263 3458 2334 3515 de
2354 3458 2587 3517 duobus
2606 3457 2901 3516 Ecclesiae
2922 3457 3231 3533 capitibus.

1946 3546 2016 3602 In
2069 3554 2124 3607 3.
2176 3546 2410 3604 disserit
2459 3547 2530 3605 de
2595 3550 2964 3605 sacramento
3028 3546 3229 3622 poeni-

1946 3634 2169 3692 tentiae
2202 3639 2262 3693 et
2306 3635 2608 3711 frequenti
2642 3635 3068 3695 communione.
3116 3636 3231 3693 De-

602 3717 788 3770 colaus
828 3716 1207 3785 Perrault‚
1252 3734 1377 3770 cum
1418 3716 1673 3770 Arnaldo
1707 3732 1741 3768 a
1768 3716 1890 3770 Sor·
1941 3723 2127 3795 samio
2184 3742 2228 3784 3,
2283 3725 2599 3802 Anqugtini
2658 3726 2894 3800 hippon,
2950 3725 3235 3783 adversus

605 3789 753 3841 bona
767 3790 947 3856 (1656)
966 3787 1035 3839 ob
1052 3804 1211 3840 suam
1229 3788 1499 3841 adversus
1516 3786 1741 3842 decreta
1756 3804 1890 3857 pon-

601 3856 777 3909 tificia
802 3858 1240 3911 obstinationem
1261 3858 1519 3911 exclusus
1536 3862 1582 3929 (†
1603 3862 1780 3929 1661).
1807 3859 1888 3912 cf.

602 3925 717 3977 KL.
743 3927 835 3991 IX,
863 3930 1021 3983 1813.

1947 3812 2352 3887 Augustinum
2451 3814 2749 3889 iprensem
2831 3808 3232 3894 (Jansenium)

1947 3900 2143 3975 quoad
2176 3902 2396 3960 auxilia
2440 3904 2668 3978 gratiae
2701 3907 2762 3961 et
2807 3904 3129 3961 humanam
3160 3902 3235 3959 li·

682 3998 718 4065 ¹)
747 3994 829 4055 cf.
857 3996 1061 4065 Abelly
1089 3997 1167 4049 La
1194 3998 1282 4052 vie
1310 3998 1387 4052 du
1418 4016 1467 4053 v.
1496 4016 1633 4053 serv.
1665 4000 1730 4053 de
1745 3999 1891 4054 Dieu
1948 3989 2256 4060 bertatem,
2307 3991 2385 4050 ib.
2426 4002 2584 4053 1651
2615 4013 2629 4061 ;
2676 3993 2886 4050 Suavis
2928 3991 3239 4049 concordia

606 4065 767 4121 Vinc.
808 4065 876 4120 de
904 4065 1047 4121 Paul
1075 4067 1233 4121 Paris
1259 4072 1428 4128 1664;
1472 4070 1653 4124 Collet
1684 4071 1780 4124 Vie
1823 4072 1892 4125 de
1948 4079 2235 4137 humanae
2265 4080 2545 4139 liber-gaug
2589 4100 2716 4139 cum
2747 4080 3025 4139 immobili
3066 4083 3236 4138 certi-

603 4155 643 4190 s.
676 4137 738 4191 V.
768 4137 837 4191 de
865 4137 1024 4204 Paul,
1053 4137 1252 4207 Nancy
1280 4144 1418 4198 1748
1443 4143 1483 4195 t.
1512 4146 1545 4197 2
1562 4162 1574 4212 ;
1615 4142 1891 4211 Maynard

604 4209 683 4269 St,
706 4208 769 4267 V.
797 4209 863 4264 de
883 4209 940 4270 Ρ,
969 4226 1029 4264 sa
1051 4210 1159 4275 vie,
1186 4228 1286 4264 son
1307 4214 1507 4281 temps,
1535 4229 1618 4266 ses
1640 4230 1892 4278 oeuvres‚

1950 4167 2145 4226 tudine
2165 4170 2720 4239 praedestinationis
2740 4176 2790 4227 et
2821 4170 3113 4244 efficaciae
3131 4188 3236 4227 au-

603 4298 705 4336 son
746 4282 1042 4347 influenQ
1085 4281 1240 4336 pal-ig
1282 4285 1422 4339 1350
1448 4288 1487 4339 t·
1514 4289 1580 4343 43
1625 4286 1765 4351 1874
1806 4286 1892 4339 ed·
1948 4257 2224 4314 :ciliorum
2263 4260 2494 4334 qratiae
2532 4259 2707 4333 juxta
2752 4258 3079 4316 sententias
3121 4258 3237 4315 Do-

602 4356 803 4413 aucta;
846 4354 1010 4411 Arth.
1037 4354 1186 4407 Loth
1213 4352 1293 4407 St.
1322 4353 1388 4408 V.
1417 4354 1484 4408 de
1512 4355 1572 4409 P.
1599 4357 1656 4409 et
1677 4372 1737 4408 sa
1765 4356 1893 4409 mis·
1950 4345 2382 4404 minicanorum
2434 4352 2495 4404 et
2545 4351 2783 4423 patrum
2835 4347 2957 4405 Soc.
3008 4345 3049 4403 J
3052 4390 3095 4415 .,
3159 4345 3238 4403 ib.

602 4424 723 4477 sion
744 4426 962 4491 sociale,
981 4423 1138 4479 Paris
1160 4428 1315 4483 1880:
1337 4426 1431 4478 cui
1450 4425 1893 4480 introductionis
1960 4444 2155 4503 16393
2202 4435 2452 4509 defendo
2484 4455 2530 4493 3,
2574 4436 2823 4494 Thomae
2853 4436 3103 4493 doctorig
3134 4454 3240 4492 an-

601 4495 1179 4624 ἰὲἓέἷζὲἓῗὲἰεέξξῆ
1198 4497 1583 4640 Ξῗξῆῗὸἓῗὲ
1612 4497 1893 4640 11}thngss
1950 4524 2112 4599 yelici
2174 4522 2458 4582 adversus
2520 4524 2878 4583 recentiores
2951 4523 3241 4600 quosdam

603 4636 851 4693 Histoire
895 4640 960 4693 de
988 4639 1065 4693 st.
1094 4638 1161 4695 v,
1189 4638 1257 4692 de
1283 4638 1361 4703 P„
1402 4639 1477 4694 ib.
1507 4642 1642 4697 1891
1672 4644 1716 4695 t.
1744 4645 1777 4697 2
1806 4640 1893 4693 ed.
1951 4612 2291 4687 th2010g0⁸2
2375 4613 2479 4688 <11²1
2541 4612 3242 4689 praedeterminationem

604 4712 669 4766 2;
697 4709 816 4762 Em.
858 4710 926 4763 de
952 4710 1061 4765 Bro
1104 4709 1180 4764 lie
1219 4712 1298 4764 St.
1330 4711 1395 4764 V.
1438 4710 1506 4763 de
1536 4710 1595 4764 P.
1637 4711 1711 4766 ib.
1753 4716 1894 4769 1899

606 4778 691 4831 ed.
719 4783 781 4838 ὃς
808 4779 1064 4834 Dautzen
1088 4799 1205 4850 ‘erg
1232 4781 1342 4835 ΚΒ.
1371 4781 1493 4847 ΧΠ,
1520 4786 1787 4859 9897-99.

2033 4785 2068 4853 ¹)
2097 4782 2176 4835 Of.
2213 4780 2400 4847 visch,
2425 4780 2564 4837 bibl.
2592 4781 2785 4853 script.
2812 4799 2853 4836 s,
2882 4781 2946 4837 Ο.
2975 4781 3114 4835 Cist.
