3625 5193
393 234 472 288 93

1167 218 1429 286 Panvini,
1457 221 1865 288 Garimbertus,
1892 220 2233 292 Buchinger.

2921 238 3003 291 94

393 404 698 479 profanam
732 407 1020 481 spectant,
1061 405 1394 465 nominasse
1415 406 1670 465 sufficiat
1726 408 1956 484 Sibyllis
2000 415 2051 466 et
2090 408 2449 467 carminibus
2479 407 2779 483 sibyllinis,
2815 407 3004 466 Vene-

389 494 644 552 Romani
664 496 964 569 pontifices
993 502 1043 552 et
1073 495 1401 554 cardinales
1424 495 1484 553 S.
1505 496 1575 554 R.
1597 497 1666 559 E.
1723 497 1828 555 tiis
1882 506 2080 566 15673
2143 496 2592 573 Heidelbergae'
2640 505 2805 560 1588
2871 516 3006 556 cum

390 584 465 642 ab
496 584 707 642 iisdem
741 605 774 642 a
804 584 996 643 Leone
1027 585 1123 642 IX.
1156 585 1226 643 ad
1273 585 1526 643 Paulum
1570 584 1667 643 IV.

388 692 495 749 per
545 683 670 735 500
742 691 927 732 annos
1004 674 1198 744 creati,
1263 692 1381 748 quo
1447 674 1510 731 in
1576 692 1669 749 op.

389 760 630 821 exhibet
678 764 987 838 gestorum
1019 763 1442 838 electionisque
1463 762 1669 839 singu-

390 850 583 909 lorum
616 851 964 926 pontificum
1010 854 1070 909 et
1108 853 1480 911 conclavium
1512 870 1669 910 com-

386 940 751 1015 pendiariam
823 940 1241 1010 narrationem,
1284 941 1671 999 cardinalium

389 1029 532 1086 item
576 1029 842 1100 nomina,
889 1029 1257 1106 dignitatum
1304 1030 1532 1100 titulos,
1585 1030 1670 1089 le-

387 1118 675 1194 gationeS,
738 1118 1012 1195 insignia,
1076 1119 1346 1194 patriam,
1423 1119 1669 1188 obitum,

391 1206 656 1265 Venetiis
698 1216 880 1275 1557,
915 1227 1066 1283 quae
1098 1207 1280 1268 editio
1312 1208 1498 1268 inscio
1531 1227 1671 1267 auc-

389 1299 517 1355 tore
549 1296 791 1371 prodiit,
826 1297 927 1355 sed
949 1297 1179 1357 mendis
1199 1295 1511 1376 infecta¹);
1545 1316 1671 1357 cor·

394 1384 613 1444 rectior
644 1390 705 1443 et
736 1386 966 1444 auctior
1006 1396 1167 1449 1567
1205 1391 1312 1445 etc.
1345 1386 1671 1445 Historiam

394 1474 545 1532 hanc
590 1493 624 1531 a
671 1475 854 1533 Paulo
884 1474 981 1533 IV.
1014 1473 1088 1533 ad
1120 1476 1479 1535 Clementem
1518 1475 1671 1538 VIII.

392 1563 772 1639 continuavit
843 1564 935 1622 J0.
1002 1566 1139 1623 Ant.
1203 1565 1673 1624 Petramella

389 1652 778 1710 Bononiensis
821 1648 881 1732 (†
916 1661 1014 1713 22.
1048 1653 1194 1712 Nov.
1237 1650 1428 1734 1623)
1475 1655 1669 1714 Bono·

389 1741 523 1798 niae
564 1741 827 1803 1599111
861 1752 916 1803 4.
951 1742 1261 1800 Platina
1290 1744 1670 1819 devitispon-

388 1831 605 1903 tificum
637 1831 959 1889 restitutus
1000 1849 1135 1889 cum
1179 1831 1670 1891 annotationibus

388 1924 451 1976 et
482 1917 789 1977 additione
819 1919 1166 1995 pontificum
1198 1940 1232 1978 a
1263 1921 1424 1979 Sixto
1443 1920 1540 1980 IV.
1569 1939 1671 1979 us-

387 2025 505 2081 que
536 2007 611 2065 ad
663 2008 834 2066 Pium
884 2008 1001 2078 IV„
1052 2008 1131 2067 ib.
1192 2019 1373 2081 1562,
1423 2009 1669 2068 Lovanii

396 2106 556 2158 1571
613 2100 750 2165 etc.;
799 2099 867 2156 de
911 2099 1344 2175 episcopatibus,
1393 2100 1575 2157 titulis
1620 2106 1671 2157 et

386 2186 671 2244 diaconiis
707 2185 1127 2256 Cardinalium,
1170 2186 1431 2246 Venetiis
1474 2197 1669 2256 1567;

397 2274 670 2350 Greqorii
694 2275 950 2334 VH.vita
965 2276 1028 2339 11.
1044 2276 1091 2334 V
1108 2276 1355 2353 digesta,
1372 2276 1450 2334 ib.
1477 2287 1500 2338 1
1518 2287 1639 2341 568
1655 2299 1668 2345 ;

395 2363 719 2422 Chronicon
782 2362 1277 2446 ecclesiasticum2)
1329 2386 1363 2423 a
1413 2366 1470 2428 C.
1520 2366 1558 2424 J
1563 2365 1671 2424 ulii

1727 586 1858 645 aliis
1872 585 2135 661 ejusdem
2152 586 2456 661 operibus3
2475 584 2644 644 Fasti
2657 592 2708 643 et
2724 586 3008 659 triumphi

1726 676 2120 734 Romanorum
2152 694 2187 733 a
2217 674 2464 734 Romulo
2510 692 2698 749 usque
2728 674 2803 732 ad
2834 675 3008 733 Caro-

1725 764 1850 822 lum
1883 763 1948 822 V.
1983 764 2141 839 imp„
2194 763 2454 822 Venetiis
2494 771 2681 832 1557,
2731 782 2881 838 opus
2913 765 3007 823 in-

1728 854 1898 930 signe
1951 852 2022 911 ad
2076 852 2488 911 illustrandam
2539 852 2914 927 antiquitatis
2946 858 3007 912 et

1725 942 1909 1002 medii
1939 942 2069 1001 aevi
2098 941 2425 1001 historiam.
2461 942 2545 1000 De
2553 943 2822 1017 primatu
2849 943 3009 1000 Petri

1727 1035 1788 1089 et
1850 1031 2202 1106 apostolicae
2266 1031 2420 1090 sedis
2471 1033 2764 1106 potestate
2814 1032 2874 1088 11.
2920 1030 3007 1088 111

1727 1124 1933 1181 contra
1982 1120 2387 1179 centuriarum
2433 1123 2701 1178 auctores
2721 1115 2784 1197 ¹),
2830 1120 3006 1179 Vero-

1725 1229 1837 1267 nae
1879 1219 2040 1272 1589
2076 1210 2139 1267 111
2175 1219 2246 1278 4;
2297 1208 2358 1266 111
2389 1207 2659 1268 biblioth.
2694 1208 3008 1268 Rocaberti

1728 1297 1907 1368 XVII,
1935 1307 2312 1368 536—6453
2348 1298 2463 1356 alia
2483 1300 2691 1357 contra
2709 1298 3008 1357 centuria-

1727 1392 1888 1448 tores
1940 1391 2286 1446 manserunt
2332 1381 2652 1469 inedita²);
2717 1389 2786 1444 de
2838 1391 3006 1445 varia

1726 1479 2012 1535 creatione
2052 1496 2248 1551 papae
2297 1476 2421 1534 sive
2466 1494 2610 1533 rom.
2657 1476 3007 1550 pontificum

1728 1566 1788 1623 ll.
1827 1565 1907 1635 V;
1958 1566 2014 1624 ll.
2062 1565 2219 1624 VIII
2261 1566 2331 1622 de
2378 1566 2718 1641 antiquitate
2768 1572 2817 1622 et
2866 1567 3008 1623 viris

1726 1655 2050 1713 illustribus
2089 1655 2357 1729 Veronae,
2392 1652 2621 1712 Patavii
2655 1663 2816 1720 1658
2856 1655 2917 1712 111
2949 1653 3006 1723 f.;

1726 1745 1795 1801 de
1827 1744 2154 1802 bibliotheca
2177 1743 2477 1819 pontificia
2507 1744 2793 1818 vaticana,
2829 1761 3005 1818 quem

1727 1833 1764 1889 1.
1800 1852 1871 1891 ex
1901 1834 2031 1908 ejus
2064 1849 2203 1891 msc.
2238 1830 2424 1890 edidit
2454 1830 2511 1889 J.
2544 1832 2608 1889 B.
2644 1831 3004 1900 Cardena,

1727 1921 2087 1980 'sarraconae
2145 1929 2305 1984 1587
2356 1921 2420 1978 111
2472 1930 2544 1991 4;
2607 1922 3009 1997 auqustiniani

1727 2011 1953 2069 ordinis
1983 2012 2286 2069 chronicon
2336 2028 2441 2084 per
2472 2027 2763 2067 annorum
2797 2010 3007 2067 seriem

1727 2098 2025 2174 digestum
2045 2118 2080 2157 a
2100 2117 2144 2157 s.
2167 2099 2228 2162 P.
2266 2098 2608 2175 Augustino
2645 2097 2719 2155 ad
2741 2116 2790 2155 a.
2821 2108 3005 2166 1510,

1727 2189 1942 2246 Romae
1991 2191 2098 2246 etc.
2150 2222 2237 2230 —
2282 2187 2682 2261 Hieronymus
2729 2186 3007 2244 Garim-

1725 2277 2003 2335 bertus
2064 2275 2398 2334 Parmensis
2461 2275 2776 2333 canonicus
2841 2275 2914 2333 ad
2961 2292 3005 2332 s.

1726 2366 1969 2424 Petrum
2030 2370 2090 2425 et
2159 2365 2466 2440 episcopus
2542 2363 2866 2439 gallesinus
2942 2363 3007 2420 in

388 2451 651 2511 Caesaris
684 2456 945 2529 tempore
976 2473 1168 2530 usque
1208 2455 1281 2512 ad
1313 2455 1453 2530 imp.
1488 2454 1669 2514 Maxi·
1724 2454 1983 2524 Etruria,
2036 2454 2286 2531 insignis
2336 2453 2758 2528 archaeologus
2806 2449 2869 2533 (†
2906 2461 3004 2515 28.

386 2541 697 2601 milianum
728 2541 822 2611 11„
872 2543 1144 2603 Coloniae
1199 2554 1380 2614 1568,
1428 2543 1673 2604 Lovanii

397 2640 597 2702 1573;
643 2633 712 2689 cle
743 2633 1083 2708 baptismate
1113 2631 1391 2708 paschali,
1442 2634 1669 2711 origine

388 2728 451 2778 et
482 2722 610 2778 ritu
642 2723 1024 2781 consecrandi
1046 2741 1229 2799 agnos
1250 2723 1356 2781 Dei
1378 2723 1433 2791 1.,
1456 2723 1670 2780 Romae

397 2819 561 2871 1560
600 2811 661 2867 in
697 2820 766 2879 43
809 2821 1006 2879 16303
1040 2813 1438 2885 interpretatio
1460 2813 1668 2869 multa·

388 2916 522 2954 rum
568 2899 1077 2958 ecclesiasticamm
1124 2917 1340 2971 vocum,
1383 2918 1534 2975 quae
1566 2900 1667 2959 ob·

393 3003 597 3045 scurae
620 2988 715 3045 vel
733 2988 1013 3047 barbarae
1052 2990 1331 3048 videntur
1351 2990 1390 3047 l.
1410 2989 1667 3063 primus;

388 3076 457 3132 de
487 3077 833 3135 stationibus
876 3079 1040 3135 urbis
1071 3079 1288 3136 Romae
1327 3086 1512 3147 1572,
1559 3079 1667 3136 Lo-

389 3165 545 3222 vanii
590 3176 745 3228 1671
801 3166 865 3224 111
901 3176 961 3232 4;
1014 3168 1084 3224 de
1118 3168 1462 3242 praecipuis
1510 3167 1670 3224 urbis

390 3253 609 3311 Romae
657 3255 1151 3332 sanctioribusque
1199 3256 1466 3328 basilicis,
1520 3273 1667 3330 quas

386 3347 611 3418 septem
645 3344 919 3401 ecclesias
968 3345 1148 3420 vulgo
1190 3347 1420 3413 vocant,
1454 3345 1669 3403 Romae

398 3441 565 3493 1570
589 3452 602 3500 ;
636 3433 706 3489 de
736 3434 855 3494 ritu
886 3434 1194 3506 sepeliendi
1225 3441 1481 3491 mortuos
1511 3434 1671 3508 apud

394 3527 597 3578 veteres
627 3522 974 3580 christianos
1003 3529 1054 3579 et
1085 3539 1283 3581 eorum
1303 3523 1668 3595 coemeteriis,

388 3607 656 3668 Coloniae
716 3619 907 3679 15683
971 3611 1219 3670 Lovanii
1280 3620 1460 3680 1572,
1522 3610 1670 3668 liber

388 3698 659 3757 eruditus
707 3703 769 3756 et
814 3699 1030 3776 dignus
1076 3700 1180 3774 qui
1223 3694 1557 3781 legatur³);
1602 3701 1671 3756 cle

467 3996 501 4057 ¹)
530 3992 593 4046 Si
642 3992 871 4048 Baluzio
920 3994 1215 4059 credimus,
1278 3995 1430 4048 vitae
1475 4010 1668 4048 eorum

392 4063 747 4131 pontificum.
788 4065 887 4133 qui
933 4067 1223 4120 Avenione
1251 4068 1672 4120 commoraban-

391 4134 501 4196 tur,
528 4137 746 4192 minore
788 4137 991 4207 dignae
1038 4141 1173 4191 sunt
1197 4137 1324 4203 fide,
1368 4154 1495 4191 cum
1521 4139 1670 4191 Onu·

1727 2544 1873 2603 Nov.
1936 2539 2147 2623 1575),
2201 2542 2437 2618 scripsit
2486 2541 2626 2600 delle
2673 2543 2782 2600 vite
2843 2559 3005 2600 overo

1726 2635 1870 2708 fatti
1883 2634 2237 2692 memorabili
2254 2631 2313 2691 d’
2329 2633 2524 2691 alcuni
2545 2634 2701 2704 papi
2715 2650 2746 2688 e
2762 2630 2822 2689 di
2854 2632 3004 2690 tutti

1726 2723 1743 2778 i
1779 2723 2062 2781 cardinali
2092 2722 2338 2799 passati,
2388 2720 2640 2796 Vinegia
2684 2730 2862 2789 1567,
2916 2719 3007 2778 ed.

1725 2830 1875 2872 rara.
1927 2812 2167 2869 Praeter
2215 2807 2392 2891 alia-¹³)
2443 2809 2691 2884 reliquit
2749 2815 2810 2867 et
2856 2811 3007 2868 della

1726 2900 1991 2958 Fortuna
2022 2901 2080 2963 ll.
2125 2899 2223 2969 VI,
2272 2899 2538 2957 Venetiis
2596 2907 2794 2967 1547;
2859 2898 3005 2956 Con·

1725 2991 1854 3046 cetti
1884 2989 1941 3046 di
1975 2989 2041 3051 G.
2073 2987 2428 3047 Garimberti
2461 3006 2492 3045 e
2525 2984 2578 3045 d’
2599 2987 2739 3044 altri
2789 2987 3003 3057 autori,

1728 3077 1979 3154 Vinegia
2019 3087 2203 3141 1551.

1818 3318 1919 3371 44.
1952 3308 2202 3366 Michael
2223 3309 2269 3366 B
2288 3326 2329 3366 u
2345 3326 2375 3364 c
2391 3307 2523 3364 hin
2539 3326 2624 3383 ge
2642 3326 2671 3363 r
2703 3305 3004 3380 Wimphe-

1727 3398 1924 3474 lingae
1937 3400 2244 3474 cognatm,
2258 3397 2569 3472 presbyter
2580 3394 3003 3461 colmariensiS,

1726 3712 2018 3781 proposito
2046 3712 2192 3765 rivol
2236 3728 2352 3766 esse
2379 3712 2414 3764 1'
2431 3711 2680 3780 ingegno
2717 3711 2826 3765 alle
2866 3709 3007 3765 anti-

1725 3782 1882 3836 chita
1907 3783 2168 3837 cristn'ane
2195 3731 2253 3836 gi
2283 3783 2461 3837 Roma
2487 3786 2548 3835 fu
2576 3783 2816 3836 Onufrio
2844 3782 2932 3835 Pa
2949 3800 3006 3834 n·

1727 3853 1798 3906 vi
1817 3873 1852 3906 11
1869 3854 1956 3918 io,
1983 3854 2022 3907 11
2045 3855 2213 3922 quale
2229 3858 2490 3925 appunto
2510 3855 2583 3908 da
2605 3858 2802 3921 questo
2824 3853 3006 3923 piglio

1728 3925 1780 3978 le
1796 3941 1976 3978 mosee
1994 3925 2052 3978 di
2069 3928 2338 3995 un’opera
2353 3927 2682 3996 gigantesca
2699 3925 2755 3979 di
2773 3925 3006 3978 Archoo·

1728 3995 1884 4066 logia
1901 3997 2236 4059 universale,
2248 3997 2349 4051 che
2362 4014 2503 4050 avea
2517 3998 2574 4050 in
2586 3997 2776 4050 animo
2793 3995 2851 4048 di
2867 4012 3006 4049 com-

1728 4067 1896 4137 piere.
1950 4071 2019 4120 Se
2059 4068 2105 4121 si
2145 4068 2436 4122 considera
2480 4069 2533 4121 la
2561 4067 2888 4121 condizione
2916 4066 3003 4121 dei

1727 4140 1906 4208 tempi
1933 4141 2096 4193 tanto
2122 4139 2417 4194 immaturi
2437 4156 2538 4208 per
2554 4141 2753 4207 questa
2773 4139 3006 4202 scienza,

390 4204 554 4272 phrio
594 4207 852 4262 deessent
884 4208 1225 4263 documenta
1265 4208 1589 4263 authentica
1615 4211 1673 4263 et
1727 4227 1756 4264 e
1783 4210 1959 4263 molto
1987 4210 2088 4279 piu
2114 4211 2171 4265 la
2196 4212 2245 4264 si
2269 4212 2509 4281 giovane
2549 4213 2640 4264 eta
2679 4210 2827 4264 dello
2855 4210 3007 4263 scrit-

393 4278 701 4332 necessaria
728 4279 991 4334 subsidia.

1727 4282 1849 4334 tore
1877 4324 1887 4334 .
1918 4324 1930 4335 .
1959 4285 2126 4350 parra
2165 4283 2425 4353 prodigio
2469 4281 2555 4336 cio
2582 4281 2681 4335 che
2707 4281 2821 4352 egli
2849 4284 3007 4335 tento

465 4353 504 4414 ²)
532 4349 792 4420 Ouvrage
820 4351 974 4420 plein
1002 4351 1070 4405 de
1097 4352 1439 4418 recherches,
1479 4351 1671 4420 inquit
1728 4369 1756 4406 e
1783 4354 1870 4405 cio
1897 4355 1999 4407 che
2028 4355 2160 4407 fece.

390 4416 571 4473 Feller
597 4421 691 4486 Vl,
717 4427 837 4488 384,
865 4426 922 4476 et
946 4423 1077 4476 bien
1102 4440 1308 4493 propre
1347 4428 1380 4477 a
1420 4423 1672 4476 eclaircir

1806 4429 1846 4496 ¹)
1897 4425 2176 4495 Receptus
2235 4425 2347 4479 fuit
2391 4425 2482 4478 1110
2535 4424 2675 4478 liber
2725 4426 2897 4478 etiam
2947 4423 3006 4475 in

389 4487 663 4545 l’histoire
692 4495 818 4547 tant
834 4493 1261 4564 ecclesiastique
1283 4510 1395 4563 que
1416 4496 1669 4564 profane.
1728 4495 2083 4550 Thesaurum
2126 4497 2419 4550 Zachariae
2447 4500 2494 4551 t.
2522 4502 2573 4561 7,
2602 4498 2971 4553 1001—1187.

463 4566 505 4632 ³)
533 4562 598 4615 ln
642 4566 962 4621 recensione
1005 4565 1192 4637 operis
1237 4566 1561 4620 doctissima
1600 4565 1670 4619 de

1799 4573 1842 4638 ¹)
1871 4567 2152 4621 Nonnulla
2182 4587 2247 4622 ex
2272 4569 2396 4638 ejus
2424 4586 2552 4621 mss.
2581 4583 2682 4644 suo
2700 4566 3006 4634 Spicilegio

397 4629 587 4688 Rossi:
628 4634 708 4689 La
748 4636 924 4690 Roma
951 4641 1301 4691 sottetranea
1340 4637 1668 4703 christiana,
1726 4653 1959 4692 romano
1985 4640 2231 4694 inseruit
2257 4639 2416 4694 Card.
2446 4640 2576 4692 Mai.

393 4719 539 4770 quae
568 4711 785 4774 prostat
808 4708 868 4761 in
897 4707 1104 4762 Civilta
1130 4709 1320 4764 cattol.
1348 4711 1509 4779 (1865
1536 4709 1669 4766 fasc.

1801 4715 1842 4776 ³)
1870 4708 1951 4764 cf.
2000 4711 2125 4764 Affo
2171 4710 2438 4765 Memorio
2478 4710 2632 4779 degli
2673 4708 2846 4763 soritt.
2883 4724 3006 4776 par-

394 4777 439 4829 1.
469 4793 523 4844 p.
554 4781 677 4849 109)
703 4778 968 4848 legimus:
1022 4781 1100 4841 ..11
1140 4781 1323 4850 primo
1352 4779 1453 4834 che
1481 4779 1582 4850 piu
1610 4779 1670 4833 di
1726 4780 1978 4850 megiani
2005 4782 2098 4847 IV,
2127 4786 2287 4839 135—
2306 4786 2425 4838 145.
