3625 5193
636 276 754 329 195

1037 263 1406 317 1581-1600.
1434 258 1742 328 Theologia
1766 261 1879 329 pol.
1908 260 1967 312 in
1994 258 2189 329 Belgio
2217 260 2275 313 et
2300 256 2617 312 Germania.
2647 257 2834 325 Bajus,

3128 275 3238 327 196

627 446 913 518 sacrificio
943 450 1176 503 cruento
1208 445 1269 502 ll.
1303 443 1368 503 V.
1403 443 1765 504 Prodierunt
1797 445 1905 503 ali·
1956 443 2184 520 judicio
2235 443 2560 518 apostolico
2606 442 2940 518 subjiceret,
2992 441 3107 501 suit
3151 443 3241 502 in-

627 538 775 609 quot
820 533 1086 608 ejusdem
1114 541 1386 606 poemata
1429 551 1605 592 sacra
1649 535 1907 593 Antver-
1965 533 2179 591 ductus
2212 535 2392 606 atque
2412 552 2523 608 pax
2542 528 3093 612 confectal).Opera
3113 531 3242 607 Baji

627 624 759 699 piae
783 635 800 684 1
821 633 962 685 594.
979 622 1186 681 Plures
1199 625 1602 698 protestantes
1620 623 1692 680 ad
1708 642 1907 682 veram
1964 623 2205 681 collecta
2227 639 2368 680 cura
2399 622 2447 681 G
2464 622 2592 680 erb
2608 640 2732 680 ero
2748 622 2860 680 nii
2891 619 3245 697 prodierunt

627 713 865 771 reduxit
899 712 1234 770 Ecclesiam.
1276 745 1363 755 —
1395 711 1909 771 JoannesPorta
1964 729 2100 771 cum
2150 711 2331 769 bullis
2383 710 2727 786 pontificum
2772 713 2834 769 et
2879 710 3011 768 aliis
3055 710 3244 785 ipsius

627 805 827 877 pastor
857 802 1252 860 wracenensis
1284 800 1347 859 in
1394 800 1610 870 Wasia,
1642 800 1781 860 dein
1812 819 1906 859 ca·
1964 818 2200 859 causam
2216 800 2623 874 spectantibus
2629 801 2755 875 jam
2771 798 2999 875 pridem
3011 799 3082 856 ad
3098 817 3243 857 rom.

626 890 875 949 nonicus
940 889 1565 964 audomaropolitanus
1627 890 1907 949 flandrice
1963 888 2285 948 Ecclesiam
2317 907 2352 947 a
2382 888 2656 948 convitiis
2686 888 3143 963 protestantium
3165 887 3244 946 si-

627 979 914 1054 quaedam
948 979 1165 1054 scripta
1196 978 1458 1053 reliquit.

1964 978 2089 1035 mul
2133 996 2198 1035 ac
2246 977 2321 1036 ab
2365 977 2850 1037 Arminianorum
2900 977 3244 1053 imposturis

1963 1066 2397 1136 vindicandam,
2450 1072 2773 1142 expurgata
2834 1070 2893 1125 et
2946 1066 3241 1140 plurimis,

720 1166 817 1218 89.
851 1157 1059 1231 Neque
1078 1156 1316 1215 omnino
1344 1156 1907 1231 praetermittendus
1963 1174 2114 1231 quae
2174 1155 2463 1214 hactenus
2525 1156 2893 1214 delituerunt
2940 1154 3243 1232 opusculis

626 1246 865 1305 videtur
896 1246 1142 1304 Michael
1173 1246 1408 1320 Bajus
1449 1240 1548 1327 (de
1580 1242 1729 1321 Bay)
1761 1244 1907 1303 Jan-
1964 1248 2151 1313 aucta,
2200 1244 2473 1304 Coloniae
2514 1254 2676 1306 1596
2729 1249 2771 1302 t.
2810 1253 2841 1305 2
2878 1244 2941 1303 in
2976 1253 3050 1311 4.,
3093 1262 3245 1319 quae

628 1336 873 1395 senismi
921 1352 1288 1409 praecursor,
1340 1335 1545 1395 Melini
1594 1336 1655 1392 in
1700 1334 1908 1411 Belgio
1963 1337 2164 1392 tamen
2194 1333 2379 1392 editio
2411 1333 2713 1409 prohibita
2731 1337 2822 1392 est
2853 1337 3099 1410 propter
3118 1333 3241 1391 edi-

626 1445 682 1483 n.
713 1434 897 1487 1513.
919 1423 1228 1483 Absolutis
1246 1424 1493 1484 Lovanii
1524 1424 1737 1482 studiis
1771 1424 1906 1482 doc-

625 1514 784 1571 trina
817 1531 924 1571 sua
955 1513 1284 1587 promeruit
1327 1513 1663 1572 cathedram
1710 1512 1905 1587 philo·

628 1602 927 1678 sophicam
943 1604 1004 1659 et
1017 1601 1154 1660 dum
1169 1602 1507 1661 Leonardus
1524 1601 1763 1661 Hasselt
1777 1602 1905 1659 Tri-

626 1691 792 1749 denti
837 1689 1094 1766 degeret,
1143 1710 1187 1751 s.
1232 1692 1568 1768 Scripturas
1611 1692 1905 1765 interpre-

1961 1422 2111 1481 toris
2144 1421 2561 1481 additamenta.

2057 1611 2155 1664 90.
2211 1600 2519 1658 Gernmnis
2563 1601 2762 1675 potius
2813 1619 2993 1675 quam
3042 1599 3245 1676 Belgis

1964 1688 2360 1748 accensendus
2408 1692 2501 1749 est
2530 1689 2584 1747 b.
2619 1690 2831 1748 Petrus
2879 1689 3244 1748 Canisius

625 1780 841 1838 tandae
871 1798 977 1854 pro
1008 1779 1111 1839 illo
1144 1781 1449 1856 supplevit
1478 1798 1716 1838 munus.
1752 1778 1906 1837 Has·
1967 1774 2027 1857 (d
2045 1776 2146 1860 θ’,Η
2163 1796 2252 1837 on
2268 1778 2305 1835 d
2325 1774 2376 1858 t)
2400 1778 2455 1836 S.
2475 1778 2529 1836 J.
2551 1774 3118 1858 Noviomagensis2),
3141 1796 3243 1836 cu·

627 1870 740 1927 selt
801 1868 1081 1928 defuncto
1144 1869 1208 1929 in
1281 1869 1558 1929 cathedra
1618 1868 1908 1928 successit
1959 1867 2061 1941 jus
2080 1867 2206 1926 fata
2236 1870 2295 1925 et
2328 1868 2539 1926 merita
2557 1867 2641 1925 ita
2674 1867 2879 1942 paucis
2900 1867 3243 1944 complecti-

628 1952 874 2039 (1552),
908 1976 1087 2033 quam
1118 1958 1460 2017 admortem
1480 1977 1672 2033 usque
1693 1957 1903 2016 tenuit.
1962 1959 2065 2014 tur
2095 1950 2526 2035 epitaphiumss)
2571 1956 2628 2014 ei
2659 1957 2724 2015 in
2755 1956 3017 2015 Ecclesia
3050 1956 3102 2014 S.
3138 1956 3244 2014 Ni·

627 2045 912 2105 interfuit
928 2045 1155 2106 ultimis
1172 2066 1327 2107 conc.
1349 2047 1668 2106 tridentini
1688 2047 1903 2106 sessio·
1963 2045 2108 2103 colai
2144 2044 2419 2121 Friburgi
2451 2045 2746 2121 positum:

625 2135 820 2194 nibus.
845 2137 1076 2194 Auctus
1097 2140 1189 2195 est
1207 2137 1504 2213 dignitate
1524 2136 1727 2195 decani
1749 2136 1904 2211 capi-

625 2225 741 2282 tuli
786 2224 860 2282 ad
902 2243 946 2282 s.
992 2225 1236 2283 Petrum
1283 2220 1528 2307 (1575),
1577 2224 1905 2285 cancellarii

624 2313 1032 2372 universitatis
1074 2310 1302 2395 (1578)
1350 2318 1412 2374 et
1453 2315 1601 2390 regii
1646 2313 1902 2389 inquisi-

625 2402 774 2460 toris
821 2400 880 2481 (†
938 2413 1034 2464 16.
1085 2396 1245 2479 Sept.
1304 2400 1514 2483 1589).
1568 2404 1722 2461 Haec
1773 2404 1902 2478 ejus

625 2509 828 2566 opera:
863 2492 932 2548 de
962 2493 1136 2549 libero
1169 2493 1432 2567 arbitrio,
1469 2491 1540 2549 de
1554 2493 1809 2566 justitia,
1834 2491 1904 2548 de

618 2579 1043 2656 justificatione
1076 2584 1137 2639 et
1169 2581 1239 2638 de
1273 2580 1574 2650 sacrificiO,
1616 2591 1781 2643 1563
1802 2603 1816 2652 ;
1837 2582 1907 2638 de

624 2671 843 2726 meritis
872 2686 1124 2740 operum,
1172 2669 1243 2727 de
1275 2671 1465 2745 prima
1509 2670 1762 2727 hominis
1801 2671 1904 2744 ju·

626 2757 807 2825 stitia,
851 2756 923 2814 de
954 2758 1286 2815 virtutibus
1318 2758 1654 2834 impiorum,
1702 2758 1775 2815 de
1809 2777 1901 2816 sa-

623 2845 940 2903 cramentis
975 2845 1038 2903 in
1068 2865 1300 2921 genere,
1343 2856 1542 2915 15643
1582 2847 1650 2904 de
1675 2855 1903 2922 peccato

622 2935 884 3009 orifinis,
939 2933 1010 2991 de
1060 2934 1321 3004 caritate,
1374 2935 1446 2994 de
1487 2935 1899 3011 indulgentiiS,
1946 2961 1953 2966 ·

622 3022 694 3080 de
745 3021 1008 3081 oratione
1054 3042 1161 3098 pro
1206 3023 1499 3083 defunctis
1541 3034 1723 3094 1566,
1768 3043 1900 3083 cum

621 3111 810 3186 prima
841 3112 1262 3186 opusculorum
1296 3112 1477 3181 serie;
1523 3116 1593 3171 de
1627 3121 1904 3187 potestate

614 3217 812 3273 papae
843 3209 914 3261 15
928 3209 957 3260 7
972 3211 1004 3263 5
1025 3223 1038 3271 ;
1069 3219 1136 3259 ea
1156 3220 1295 3260 sane
1315 3202 1577 3277 produnt
1595 3203 1901 3279 ingenium

2176 2187 2389 2246 Petrus
2423 2187 2690 2245 Canisius
2722 2187 3033 2263 theologus

2149 2275 2495 2352 Noviomagi
2530 2279 2710 2334 natus
2744 2270 2819 2355 (a.
2862 2270 3052 2353 1521)

2341 2365 2688 2422 Societatem
2720 2364 2869 2423 Jesu

2038 2453 2235 2511 Tertio
2271 2473 2305 2512 a
2337 2453 2775 2512 confirmatione
2808 2453 2973 2511 illius
3007 2471 3160 2511 anno

3014 2538 3240 2625 (1543)

2446 2631 2755 2708 Ingressus

2206 2721 2291 2778 Ac
2325 2720 2651 2779 sacerdotio
2683 2722 3007 2798 insignitus

1962 2808 2049 2866 Ob
2081 2810 2280 2885 magni
2316 2809 2494 2868 simul
2528 2815 2589 2868 et
2620 2811 2837 2885 placidi
2859 2810 3042 2868 animi
3076 2829 3241 2885 prae-

2936 2896 3239 2980 [stantiam

2036 3178 2074 3245 1)
2116 3175 2286 3230 Plura
2332 3175 2400 3229 de
2445 3192 2510 3230 eo
2555 3177 2626 3229 cf.
2666 3175 2820 3244 apud
2866 3176 3241 3229 Linsemann:

1961 3245 2200 3300 Michael
2232 3246 2405 3316 Bajus
2434 3247 2551 3300 und
2579 3247 2669 3300 die
2697 3247 3116 3317 Grundlegung
3143 3246 3240 3301 des

621 3308 799 3366 sagax
835 3290 1092 3364 Stiloqlffl
1125 3291 1452 3367 conscripta
1497 3295 1642 3350 flunt
1689 3292 1899 3349 nitido·
1957 3317 2366 3380 Jansenismus‚
2406 3317 2708 3388 'tubingen
2734 3323 2885 3384 1867,
2928 3319 3134 3372 collata
3160 3334 3239 3370 re·

621 3378 822 3437 Novae
852 3382 1049 3437 tamen
1081 3380 1346 3455 ejusdem
1379 3381 1685 3455 opiniones
1719 3399 1900 3439 nova·

617 3487 735 3543 que
767 3468 1114 3543 disputandi
1149 3469 1460 3528 methodus
1503 3473 1683 3544 atque
1730 3469 1899 3527 scho-

618 3558 859 3615 lasticae
893 3561 1270 3633 contemptus
1292 3559 1502 3617 merito
1522 3557 1900 3617 offenderunt

617 3645 776 3704 viros
797 3646 1192 3722 gravissimOS,
1215 3648 1372 3704 inter
1390 3666 1538 3723 quos
1561 3647 1900 3705 eminebant

621 3734 895 3791 Ruardus
926 3734 1225 3809 Tapper
1255 3739 1316 3793 et
1361 3734 1622 3794 Jodocus
1669 3736 1816 3794 Rav
1838 3755 1898 3793 e-

619 3826 856 3897 steyn.
891 3822 1158 3881 Primum
1189 3826 1425 3899 rogatae
1457 3824 1620 3882 fuere
1652 3824 1724 3882 de
1764 3824 1896 3899 ejus

620 3912 886 3969 doctrina
909 3912 1106 3969 variae
1152 3914 1384 3970 exterae
1423 3913 1765 3981 academiae,
1801 3932 1893 3970 res

617 3999 856 4058 demum
895 4000 1089 4058 delata
1136 3998 1211 4058 ad
1256 4000 1450 4059 sedem
1495 4002 1893 4076 apostolicam,

618 4106 773 4164 quae
819 4088 1094 4164 diligenti
1139 4090 1404 4147 examine
1449 4091 1769 4165 praemisso
1816 4101 1891 4151 76

618 4177 749 4255 (seu
786 4180 892 4250 79)
924 4195 1086 4251 prop.
1120 4178 1458 4253 reprobavit
1487 4179 1670 4239 tacito
1691 4183 1892 4238 aucto·

617 4266 700 4322 ris
733 4266 987 4324 nomine.
1021 4266 1167 4323 Cum
1198 4285 1336 4324 vero
1369 4268 1549 4340 Bajus
1587 4287 1705 4327 non
1745 4269 1895 4326 satis

1959 3389 2219 3443 censione
2248 3390 2310 3442 in
2326 3388 2601 3442 Katholik
2628 3393 2784 3446 1868.
2812 3407 2863 3444 v.
2892 3394 2942 3446 1.
2964 3407 3019 3458 p.
3035 3393 3135 3446 281
3151 3406 3239 3449 ss.;

1958 3459 2246 3514 Scheeben
2274 3460 2562 3516 Kirchenl.
2588 3461 2639 3514 Ι2
2667 3465 2966 3518 1852-62.

2032 3535 2071 3602 ²)
2100 3531 2264 3585 Alius
2304 3533 2376 3584 ab
2415 3547 2481 3586 eo
2522 3534 2607 3586 est
2646 3532 2795 3586 Heu
2818 3533 3020 3585 ricus
3049 3531 3122 3594 C„
3170 3531 3238 3585 de

1957 3618 2071 3669 quo
2117 3603 2284 3666 infra,
2330 3604 2388 3656 et
2425 3602 2457 3655 J
2476 3620 2507 3655 a
2525 3619 2553 3655 c
2571 3620 2602 3657 o
2619 3604 2655 3656 b
2673 3621 2709 3657 u
2732 3621 2755 3656 s
2797 3603 2854 3657 C.
2897 3603 3020 3656 eius
3045 3618 3237 3672 nepos,

1956 3673 2009 3727 S.
2037 3673 2087 3727 J.
2117 3673 2465 3727 Calcarensis
2508 3677 2556 3744 (τ
2585 3678 2761 3745 1647),
2807 3675 2970 3744 cujus
3015 3676 3240 3744 praeter

1954 3745 2070 3798 alia
2095 3745 2339 3800 ascetica
2367 3746 2453 3797 est
2478 3748 2611 3800 Flos
2636 3755 2943 3800 sanctorum
2980 3762 3079 3799 seu
3110 3744 3242 3798 Vita

1953 3818 2013 3869 et
2036 3831 2123 3868 res
2148 3820 2340 3885 gestae
2369 3816 2462 3870 88.
2491 3833 2555 3871 ex
2583 3816 2839 3885 probatis
2865 3816 3239 3886 scriptoribus

1953 3888 2192 3949 selectae
2220 3887 2362 3940 etin
2391 3888 2631 3941 formam
2659 3888 2997 3941 concionum
3026 3928 3039 3941 .
3071 3930 3084 3942 .
3113 3930 3125 3942 .
3154 3904 3237 3940 ac-

1952 3957 2350 4021 commodatae,
2396 3959 2645 4027 primum
2690 3958 2983 4028 hispanice
3011 3978 3043 4011 a
3070 3958 3132 4011 R.
3177 3957 3237 4012 P.

1954 4028 2117 4082 Petro
2134 4028 2511 4083 Ribadeneira
2534 4070 2545 4082 .
2574 4071 2585 4081 .
2614 4072 2628 4084 .
2655 4046 2808 4083 nunc
2825 4029 3003 4084 latine
3021 4031 3240 4082 traduc-

1952 4104 2044 4154 tae
2072 4100 2284 4154 additis
2313 4100 2635 4154 utilissimis
2686 4100 3156 4155 annotationibus
3182 4102 3243 4154 et

1953 4171 2042 4226 88.
2073 4171 2205 4225 vitis
2222 4172 2649 4237 recentioribus,
2677 4171 2947 4226 Coloniae
2964 4176 3104 4229 1630
3119 4172 3180 4225 in
3199 4172 3239 4224 f.

1953 4245 2084 4302 etc-3
2114 4247 2270 4299 1741.
2322 4244 2403 4296 Cf.
2433 4245 2753 4297 Sommervo
2799 4242 2851 4297 el
2876 4243 2945 4307 11,
2972 4247 3237 4300 614—17.

2027 4318 2069 4385 ⁸)
2098 4312 2229 4367 Alia
2248 4314 2503 4383 ejusdem
2522 4314 2709 4384 elogia
2728 4331 2757 4368 c
2786 4315 2871 4368 .in
2884 4314 3029 4368 Bibl.
3044 4314 3236 4383 script.

619 4372 896 4413 censurae
930 4373 992 4414 se
1025 4354 1360 4430 subjiceret,
1393 4375 1500 4415 nec
1532 4359 1722 4416 omnis
1755 4376 1894 4416 con·
1953 4401 2060 4440 300·
2100 4386 2211 4438 523·
2264 4385 2349 4438 Ita
2390 4403 2472 4439 ex·
2512 4404 2596 4455 gr·
2637 4402 2881 4455 magnus
2926 4385 3134 4438 Hosius
3175 4385 3236 4438 jn

619 4443 984 4502 troversiaea
999 4449 1157 4503 esset
1177 4445 1384 4520 sopita,
1400 4446 1717 4522 Gregorius
1737 4446 1894 4503 XIII.
1952 4473 2040 4525 ep,
2068 4460 2190 4513 150.
2218 4473 2349 4510 eum
2376 4455 2548 4510 dicit:
2605 4456 3065 4519 „Haereticorum
3102 4455 3239 4509 mal-

618 4532 1054 4591 damnationem
1086 4535 1393 4593 renovavit
1424 4537 1603 4609 atque
1624 4534 1895 4593 Toletum
1951 4528 2104 4581 leum
2131 4528 2191 4580 8¹³
2218 4544 2427 4580 novum
2449 4530 2741 4597 Augustae
2760 4528 3096 4596 &POSfiOIUQ
3122 4543 3239 4581 110ss

617 4620 945 4679 Lovanium
994 4622 1157 4680 misit
1201 4622 1274 4681 ad
1324 4623 1750 4682 restituendam
1790 4644 1894 4699 pa-

1952 4598 2211 4652 doctrina
2239 4598 2420 4667 magis
2446 4615 2620 4666 quam
2648 4598 2862 4668 pietate
2880 4599 3163 4669 insignem
3182 4601 3240 4651 et

1953 4670 2000 4723 si
2026 4669 2331 4737 quisquam
2359 4669 2509 4723 alius
2533 4669 2595 4723 in
2616 4669 3012 4724 controversiis
3033 4669 3238 4724 exerci-

617 4726 756 4810 cen-²·
770 4709 964 4786 Hujus
978 4711 1420 4787 prudentiSSimi
1437 4712 1696 4789 tbeOIOSi
1717 4731 1897 4787 Opera
1953 4743 2139 4795 tatum
2161 4753 2206 4799 ;“
2238 4756 2407 4808 quem
2435 4743 2735 4811 propterea
2774 4742 2897 4810 ejus
2922 4740 3234 4794 adversarii

616 4798 799 4874 BaJus
848 4818 983 4858 cum
1029 4801 1303 4859 universa
1353 4800 1651 4870 facultate,
1714 4805 1784 4860 ut
1834 4819 1896 4860 se
1951 4830 2134 4867 canem
2160 4815 2493 4866 austriae-um
2520 4810 2804 4867 dixerunt.
