3625 5193
633 279 760 335 583
984 267 1358 321 1601—1620.
1384 264 1488 318 Jus
1513 263 1852 318 canonicum
1876 263 1940 317 in
1965 262 2128 334 Hisp.
2154 268 2213 318 et
2237 264 2305 318 It.
2332 263 2638 329 Quaranta,
2668 262 2898 326 Tuscus,
3131 277 3259 331 584

631 468 749 508 non
799 449 1261 509 mendicantium
1312 450 1385 508 ab
1418 450 1655 509 Urbano
1688 451 1760 509 11.
1809 467 1915 507 us·
1974 451 2145 526 cujus
2177 456 2351 509 sunt:
2385 452 2459 508 tr.
2496 444 2718 530 (rarus)
2751 450 2822 507 de
2850 447 3087 506 concilio
3116 464 3261 522 pro·

630 557 746 614 que
778 538 851 597 ad
883 538 1242 598 Clementem
1273 537 1430 599 VIII.
1484 556 1911 609 concessorum,
1971 541 2203 598 vinciali
2252 542 2313 597 et
2364 538 2719 597 auctoritate
2751 538 3157 613 episcoporum
3191 535 3258 593 in

627 627 907 703 Lugduni
947 637 1109 692 1609
1144 631 1186 686 t.
1226 638 1289 698 23
1323 629 1728 699 Duaci16133
1761 631 1912 686 Ant·
1974 629 2379 706 suffraganeos
2411 631 2473 686 et
2505 627 2567 685 in
2599 630 2729 685 tota
2747 625 3066 702 provincia,
3101 625 3257 682 Nea-

628 716 861 791 verpiae
903 727 1101 786 16163
1143 727 1307 781 1623
1343 722 1404 775 et
1435 736 1570 776 cum
1600 717 1787 793 priori
1819 735 1910 791 op.
1967 718 2090 793 poli
2132 725 2325 787 15863
2360 718 2430 775 de
2460 717 2648 789 officio
2689 722 2740 773 et
2779 721 3051 790 potestate
3094 714 3257 789 capi-

628 806 810 864 Sama
841 806 910 863 cle
939 823 1100 864 casos
1129 807 1197 864 de
1226 809 1562 876 conciencia,
1616 806 1712 865 cui
1746 805 1910 865 addi·
1967 808 2074 864 tuli
2120 808 2248 865 sede
2298 812 2531 864 vacante
2542 826 2568 881 ;
2616 805 2859 863 Summa
2903 799 3136 884 (ordine
3166 803 3254 860 al-

626 899 729 953 tur
773 895 860 952 On
902 894 998 952 Tr.
1030 896 1120 953 del
1151 896 1329 953 orden
1345 892 1620 972 judicial,
1670 914 1787 970 que
1819 895 1909 954 los
1966 891 2305 976 phabetico)
2339 896 2575 953 bunarii
2593 911 2874 952 earumve
2906 910 2981 950 ss.
3015 891 3257 967 pontifi-

626 983 903 1041 Prelados
944 1004 984 1059 y
1029 984 1412 1059 qualesquier
1454 983 1494 1042 J
1498 1003 1667 1043 uezes
1709 984 1910 1043 Eccle·
1966 1001 2101 1042 cum
2120 983 2638 1052 constitutionum,
2657 1001 2808 1058 quae
2823 982 2896 1040 ad
2914 981 3169 1041 Paulum
3184 979 3251 1039 V.

624 1072 890 1131 siasticos
922 1072 1110 1131 deben
1156 1073 1415 1150 guardar
1450 1092 1525 1131 en
1558 1091 1659 1132 sus
1703 1074 1910 1132 visitas
1964 1073 2036 1131 ad
2068 1091 2441 1132 communem
2462 1071 2757 1130 Ecclesiae
2773 1090 2946 1129 usum
2980 1087 3257 1128 exmana·

624 1165 665 1219 t.
703 1170 756 1222 2.
792 1161 962 1219 Prior
1009 1161 1235 1237 prodiit
1279 1161 1674 1222 Salmanticae
1724 1172 1905 1225 1604.
1962 1166 2125 1232 runt,
2159 1181 2296 1221 cum
2327 1162 2485 1220 notis
2518 1163 2578 1218 et
2608 1159 3031 1228 additionibus,
3065 1158 3249 1216 Vene-

632 1258 796 1313 1607
818 1272 831 1320 ;
866 1249 1194 1309 Barcinone
1217 1261 1381 1314 1616
1403 1272 1415 1321 ;
1449 1252 1743 1327 posterior
1762 1251 1902 1309 Gae—
1961 1251 2064 1309 tiis
2105 1260 2304 1322 16073
2343 1260 2502 1313 1611
2529 1271 2542 1319 ;
2585 1260 2747 1312 1619
2783 1249 2848 1307 in
2870 1257 2924 1310 4.
2955 1247 3157 1306 addito
3175 1246 3257 1305 ad.

626 1343 1018 1414 saraugustae
1046 1349 1224 1402 1607.
1262 1341 1419 1397 Duas
1440 1340 1563 1398 scil.
1586 1341 1907 1416 collegerat
1964 1339 2140 1398 finem
2173 1340 2365 1398 indice
2397 1338 2717 1397 earundem
2752 1336 3249 1397 constitutionum

623 1446 880 1485 summas
898 1446 1139 1486 casuum
1162 1428 1577 1503 alphabeticus,
1600 1446 1748 1504 quas
1769 1428 1908 1487 dein
1952 1430 2127 1504 juxta
2171 1429 2382 1487 seriem
2430 1427 2835 1496 decretalium,
2887 1425 2983 1484 cui
3034 1443 3251 1484 nomen

621 1516 685 1574 in
699 1535 880 1574 unam
897 1518 1193 1592 compegit
1212 1517 1730 1578 Salmanticae161
1750 1528 1905 1580 6.-
1961 1518 2221 1576 inditum
2254 1519 2294 1575 1.
2330 1528 2384 1579 6.
2419 1516 2932 1593 extravagantium
2982 1532 3246 1573 commu-

623 1605 712 1663 De
758 1605 961 1678 policia
1021 1613 1072 1662 et
1131 1607 1493 1663 humanitate
1531 1608 1905 1666 ecclesiastica
1959 1607 2128 1664 nium
2178 1608 2301 1665 sive
2352 1609 2682 1682 postremae
2743 1604 3103 1663 collectionis
3154 1602 3244 1671 ll.;

623 1697 948 1751 tractatum
1009 1693 1081 1751 ad
1143 1695 1395 1753 Paulum
1456 1694 1521 1753 V.
1573 1697 1907 1770 composuit
1963 1696 2229 1770 adjectus
2264 1714 2501 1771 quoque
2551 1696 2645 1752 est
2675 1693 2857 1751 simili
2891 1693 3041 1752 serie
3072 1691 3245 1750 index

620 1782 979 1841 Laurentius
1012 1783 1057 1840 Ο
1076 1784 1226 1841 rtiz
1256 1782 1327 1840 de
1361 1784 1622 1843 Ibarrola
1651 1803 1691 1859 y
1714 1786 1903 1861 Ayala
1960 1785 2331 1844 decretorum
2363 1802 2518 1843 conc.
2540 1782 2874 1842 tridentini.
2908 1781 3043 1840 Alia
3062 1781 3249 1839 editio

624 1871 685 1929 Ο.
752 1871 802 1928 S.
860 1871 1002 1929 Ben.
1062 1872 1546 1931 Salmanticensis
1562 1871 1626 1954 1),
1689 1874 1904 1932 Romae
1959 1873 2250 1950 digestior
2281 1873 2504 1949 prodiit
2534 1871 2897 1946 Antverpiae
2940 1880 3125 1933 1643.
3160 1903 3243 1913 --

629 1970 792 2022 1610
828 1959 892 2017 in
915 1969 971 2021 4.
990 1994 1078 2003 --
1099 1961 1494 2037 Hieronymus
1528 1962 1903 2021 Gonzalez
1959 1963 2299 2021 Dominicus
2361 1962 2504 2019 Tus
2522 1979 2552 2018 c
2573 1980 2614 2019 u
2632 1979 2658 2020 s
2712 1955 2971 2041 (Toschi)
3020 1959 3245 2035 origine

622 2048 910 2107 oriundus
943 2069 1013 2106 ex
1046 2049 1260 2125 oppido
1292 2050 1528 2109 Arnedo
1574 2051 1899 2128 calagurri·
1958 2051 2202 2109 Calaber
2233 2070 2289 2108 n.
2328 2049 2714 2111 castellarani
2746 2050 2804 2107 in
2825 2049 3075 2107 dioecesi
3108 2048 3241 2106 rhe-

617 2141 790 2196 tanae
821 2137 1106 2196 dioecesis
1139 2139 1202 2196 in
1235 2157 1476 2197 romana
1501 2141 1662 2198 curia
1678 2144 1737 2198 et
1757 2159 1899 2214 pon-

618 2226 797 2285 tificio
832 2229 993 2285 rotae
1025 2231 1235 2285 senatu
1267 2245 1578 2287 causarum
1626 2229 1901 2288 defensor

620 2312 679 2395 (†
733 2325 831 2378 30.
885 2316 1008 2374 Oct.
1065 2313 1258 2396 1609)
1312 2317 1553 2393 scripsit
1606 2320 1900 2376 Glossema

621 2404 744 2462 sive
823 2407 1380 2464 commentationem
1460 2403 1778 2486 (copiosam
1842 2412 1902 2465 et

618 2488 957 2574 practicam)
992 2494 1065 2552 ad
1097 2513 1217 2568 reg.
1243 2493 1396 2552 VIII.
1430 2497 1808 2553 cancellariae
1826 2495 1898 2553 de

616 2581 1015 2641 reservatione
1075 2583 1367 2640 mensium
1429 2586 1490 2641 et
1551 2584 1901 2643 alternative

617 2672 1039 2745 episcoporum,
1076 2671 1291 2728 Romae
1336 2681 1530 2741 16043
1590 2683 1773 2735 1611.
1821 2707 1889 2715 --

614 2760 912 2816 Antonius
960 2757 1290 2817 Cardoso
1336 2760 1408 2817 de
1452 2762 1691 2819 Amaral
1722 2762 1895 2820 Lusi-

613 2851 813 2915 tanus,
878 2846 1036 2920 prior
1097 2865 1138 2904 s,
1193 2848 1497 2906 Laurentii
1562 2850 1893 2920 Scalabisci,

608 2935 761 3009 juris
780 2934 1042 2992 canonici
1060 2936 1368 3010 professor,
1384 2940 1719 3013 composuit
1731 2940 1897 2997 Sum·

614 3042 771 3080 mam
808 3041 913 3081 seu
935 3026 1180 3095 praxim
1213 3026 1482 3099 judicum
1513 3036 1564 3084 et
1594 3030 1894 3087 advocato-

611 3130 747 3169 rum
778 3132 814 3169 a
844 3130 915 3174 ss,
948 3114 1272 3173 canonibus
1306 3115 1615 3174 deductam
1638 3123 1699 3176 et
1717 3118 1893 3192 ipsis-

611 3203 734 3258 met
768 3201 1208 3272 conformatam,
1243 3203 1543 3279 Olisipone
1585 3215 1746 3268 1610
1771 3205 1836 3263 in
1855 3206 1893 3264 f.

702 3388 845 3441 250.
896 3381 1035 3437 Itali
1084 3383 1254 3439 sunt:
1327 3382 1660 3456 Stephanus
1711 3382 1892 3451 Qua-

607 3471 838 3525 ranta
887 3470 1199 3528 canonicus
1249 3472 1681 3546 neapolitanuS,
1718 3491 1893 3546 quem

606 3557 878 3615 nonnulli
930 3558 1305 3617 confundunt
1354 3577 1483 3617 cum
1542 3561 1894 3636 cognomine

608 3645 1042 3721 archiepiscopo
1103 3647 1499 3723 amalphitano
1563 3644 1624 3730 (†
1675 3660 1794 3711 167
1806 3646 1890 3731 8),

687 3888 722 3953 ¹)
753 3884 915 3937 Alius
966 3902 998 3937 a
1049 3884 1323 3938 Didaco
1378 3886 1530 3938 Ortiz
1584 3887 1646 3938 Ο.
1692 3887 1889 3943 Praed.

607 3960 654 4025 ᾗ
680 3959 858 4023 1640),
885 3957 974 4023 cuj
986 3972 1046 4007 us
1065 3959 1147 4008 est
1162 3962 1248 4008 sat
1266 3957 1485 4024 prolixa
1500 3962 1889 4013 summularum

605 4030 881 4093 explicatio
907 4044 1031 4078 cum
1070 4027 1424 4095 gravioribus
1461 4028 1891 4095 quaestionibus

606 4113 638 4148 a
685 4097 1059 4149 summulistis
1104 4097 1380 4167 disputari
1425 4097 1625 4163 solitis,
1668 4100 1889 4168 Hispali

1957 2141 2148 2216 giensi
2183 2140 2469 2199 Aemiliae
2514 2150 2603 2201 11.
2626 2139 2765 2197 Jun.
2799 2146 2983 2207 1535,
3006 2137 3245 2213 generis

1958 2230 2377 2288 obscuritatem
2397 2229 2693 2286 virtutum
2713 2226 3023 2303 splendore
3035 2228 3246 2283 eteru-

1957 2319 2197 2376 ditionis
2213 2319 2479 2376 claritate
2509 2317 2927 2392 compensavit.
2960 2315 3099 2373 Suis
3119 2314 3245 2371 vita

1954 2407 2177 2466 functis
2209 2407 2457 2465 militiae
2490 2425 2553 2465 se
2584 2405 2830 2475 addixit,
2884 2403 2988 2462 sed
3021 2422 3091 2461 ex
3123 2402 3240 2461 for-

1953 2496 2112 2554 tuita
2172 2496 2625 2555 institutionum
2679 2494 2942 2552 civilium
2987 2492 3245 2551 lectione

1955 2585 2135 2643 armis
2168 2586 2363 2645 valere
2406 2585 2593 2660 jussis
2643 2583 2907 2642 animum
2940 2581 3013 2640 ad
3052 2580 3240 2657 juris-

1954 2673 2332 2748 prudentiam
2395 2674 2697 2750 applicuit,
2761 2673 2825 2730 in
2875 2690 2993 2746 qua
3038 2672 3241 2729 laurea

1955 2763 2167 2837 adepta
2199 2765 2474 2840 egregius
2517 2762 2986 2838 jurisconsultus
3031 2759 3237 2818 evasit.

1952 2852 2208 2927 Ideoque
2256 2853 2440 2910 variis
2492 2850 2845 2909 muneribus
2895 2848 3243 2907 honorificis

1951 2944 2021 2998 ut
2053 2941 2470 3017 gubernatoris
2486 2939 2866 2998 bononiensis
2886 2936 3238 3013 perfunctus

1952 3031 2013 3087 et
2043 3050 2076 3086 a
2108 3048 2321 3106 magno
2353 3029 2669 3087 Hetruriae
2718 3027 2867 3086 duce
2897 3025 3241 3101 praecipuis

1950 3118 2347 3194 dignitatibus
2394 3122 2605 3177 auctus
2625 3121 2730 3179 est.
2766 3116 3005 3174 Romam
3037 3133 3234 3173 rever-

1952 3225 2054 3265 sus
2088 3226 2121 3264 a
2155 3208 2451 3265 Clemente
2485 3206 2642 3264 VIII.
2690 3205 2998 3280 episcopus
3043 3204 3236 3260 tibur-

1948 3296 2114 3354 tinus
2147 3299 2207 3354 et
2238 3296 2414 3354 Urbis
2465 3296 2829 3372 gubernator
2876 3293 2995 3351 fuit
3041 3292 3233 3350 decla·

1948 3387 2117 3442 ratus
2153 3380 2396 3465 (1595),
2431 3385 2667 3443 demum
2698 3386 2930 3441 creatus
2963 3380 3231 3439 cardina-

1948 3474 2041 3534 lis,
2073 3475 2198 3531 Imo
2233 3474 2306 3531 ad
2340 3493 2636 3531 summum
2682 3471 3063 3547 pontificatus
3108 3469 3230 3545 api-

1948 3580 2073 3619 cem
2104 3563 2524 3637 proculdubio
2574 3560 2958 3636 pervenisset,
3000 3557 3067 3617 ni
3111 3576 3233 3616 ser·

1949 3651 2138 3708 monis
2159 3651 2419 3719 libertas,
2455 3669 2606 3725 quae
2628 3649 2880 3708 Baronio
2903 3648 3233 3723 displicuit,

1947 3739 2170 3798 obicem
2203 3741 2501 3814 posuisset
2516 3740 2577 3815 l).
2644 3738 2905 3796 Decessit
2937 3754 3113 3794 senex
3148 3744 3226 3799 86

1947 3849 1995 3885 a.
2046 3837 2144 3892 26.
2193 3829 2365 3887 Mart.
2426 3837 2587 3889 1620
2641 3825 2864 3884 relictis
2915 3825 3228 3900 repertorii

1946 3917 2135 3975 instar
2165 3918 2369 3975 ordine
2414 3916 2784 3992 alphabetico
2823 3916 3231 3988 practicarum

1944 4007 2363 4064 conclusionum
2417 4007 2580 4081 juris
2626 4005 2690 4062 in
2743 4004 2903 4062 omni
2953 4002 3079 4062 foro
3111 4003 3225 4059 fre-

1946 4094 2325 4168 quentiorum
2343 4100 2386 4151 t.
2413 4104 2465 4157 8.
2490 4128 2574 4138 -
2593 4093 2632 4150 J
2634 4111 2851 4151 oannes
2883 4092 3225 4149 Franciscus

608 4171 746 4257 16]ῧό
797 4201 879 4250 -‚
902 4183 936 4220 θ’
987 4168 1027 4219 F
1042 4185 1071 4219 1·
1087 4186 1120 4221 a
1136 4187 1171 4221 n
1189 4169 1294 4221 01⁸
1311 4186 1339 4221 o
1357 4186 1388 4220 Ο
1427 4169 1579 4256 9152
1620 4172 1782 4224 Ariass
1826 4171 1885 4225 Ο·
1946 4184 1987 4238 L
2003 4202 2034 4239 e
2052 4201 2085 4239 o
2101 4183 2177 4240 ni
2210 4203 2266 4240 n.
2311 4192 2380 4245 15
2395 4192 2469 4244 42
2487 4183 2644 4258 juris
2664 4181 2985 4255 utriusque
3001 4180 3223 4244 doctor,

602 4238 760 4364 ,3133
785 4242 1500 4366 2323350333'1323525‘31‘1}ss
1528 4244 1888 4380 ,Ξῖἶέἶὸἓέζῖ
1943 4272 2381 4344 1³10101¹0f⁸ri118
2413 4270 2765 4346 ³1³0St⁰¹i⁰¹²³
2814 4272 2874 4327 ‘³¹⁵
2915 4269 3227 4343 01252001'08

605 4381 754 4449 pluti
783 4387 947 4443 1578:
991 4384 1092 4435 Del
1118 4384 1358 4435 Remedio
1385 4394 1567 4437 contro
1596 4389 1640 4438 el
1667 4389 1884 4447 PecadO,
2139 4394 2263 4400 ἡ

603 4453 818 4505 Mat-riti
861 4458 999 4509 1603
1045 4486 1110 4493 —-
1152 4471 1184 4505 a
1227 4454 1520 4509 Francisco
1568 4458 1611 4507 O
1629 4457 1771 4509 rtiz
1819 4457 1885 4509 de
2022 4460 2055 4525 ¹)
2086 4456 2166 4511 Cf.
2194 4457 2663 4510 TacoliMemorie
2680 4455 2923 4509 storiche
2936 4453 3220 4525 diReggio

604 4524 637 4575 S
656 4523 722 4575 al
746 4542 770 4574 z
788 4541 817 4577 e
835 4525 869 4576 d
888 4541 918 4575 o
963 4524 1280 4578 Matritensi
1307 4526 1527 4580 notario
1556 4527 1883 4601 apostolic-0,
1910 4502 1916 4555 Ι
1942 4528 1997 4580 di
2030 4529 2161 4581 Lom
2174 4544 2236 4585 υ..
2268 4529 2436 4597 Carpi
2459 4533 2595 4585 1769
2618 4528 2712 4590 ΙΙΙ,
2733 4532 2833 4583 271
2856 4548 2867 4589 ;
2896 4524 3219 4581 Tirabosclii

603 4594 706 4675 qui
729 4594 956 4663 scripsit
981 4598 1144 4649 Curia
1173 4602 1516 4678 ecclesiastica
1545 4616 1680 4666 pam
1700 4603 1884 4678 Serre·
1909 4592 1914 4683 Ι
1941 4599 2206 4658 Biblioth,
2235 4600 2530 4653 Modenese
2559 4599 2798 4679 Modena
2827 4602 2966 4678 1'4'84
2992 4597 3062 4661 V,
3088 4602 3219 4663 2773

602 4670 775 4718 turios
801 4666 870 4719 dc
897 4667 1178 4731 Prela-dOS,
1219 4668 1271 4720 N
1277 4671 1484 4721 otarios
1511 4669 1881 4736 Apostolicos‚
1909 4686 1913 4708 ¹
1940 4670 2088 4740 Eggs
2107 4673 2141 4725 l.
2159 4673 2223 4723 V.
2252 4689 2303 4722 n.
2323 4676 2386 4726 71
2409 4692 2420 4727 ι
2447 4672 2669 4724 Morom
2698 4668 2814 4722 Diz.
2832 4670 2887 4720 dl
2905 4668 3062 4722 erud.
3089 4665 3219 4720 eccl.

603 4736 819 4790 matriti
847 4744 1014 4801 1610:
1065 4744 1201 4795 1615
1243 4773 1309 4780 -
1355 4756 1389 4791 a
1434 4739 1629 4793 smne.
1674 4740 1716 4793 o
1736 4741 1833 4791 rti
1854 4759 1882 4793 z
1908 4718 1912 4799 (
1941 4747 2023 4805 79,
2051 4747 2085 4796 4
2112 4760 2156 4793 s.
2209 4741 2289 4795 cf.
2332 4741 2657 4794 Tirabossshi
2690 4740 2807 4804 vn,
2850 4745 2897 4804 2,
2927 4745 3062 4797 132:
3090 4739 3219 4805 Ery-

602 4807 825 4862 Lucio
855 4812 917 4869 Ο,
947 4810 1078 4863 Min.
1109 4821 1155 4880 ff
1181 4816 1359 4875 1651),
1388 4810 1456 4863 de
1484 4827 1597 4878 quo
1623 4812 1789 4864 infra..
1906 4824 1911 4867 1
1938 4814 2161 4865 thracus
2192 4813 2379 4868 Pinac.
2410 4814 2445 4875 I,
2476 4816 2580 4867 238
