<?xml version="1.0" encoding="UTF-8"?>
<!DOCTYPE html PUBLIC "-//W3C//DTD XHTML 1.0 Transitional//EN"
    "http://www.w3.org/TR/xhtml1/DTD/xhtml1-transitional.dtd">
<html xmlns="http://www.w3.org/1999/xhtml" xml:lang="en" lang="en">
 <head>
  <title>
</title>
<meta http-equiv="Content-Type" content="text/html;charset=utf-8" />
  <meta name='ocr-system' content='tesseract 3.04.00' />
  <meta name='ocr-capabilities' content='ocr_page ocr_carea ocr_par ocr_line ocrx_word'/>
</head>
<body>
  <div class='ocr_page' id='page_1' title='image "./nomenclatorlite11hurtgoog_0349.png"; bbox 0 0 3625 5193; ppageno 0'>
   <div class='ocr_carea' id='block_1_1' title="bbox 1467 253 2164 310">
    <p class='ocr_par' dir='ltr' id='par_1_1' title="bbox 1467 253 2164 310">
     <span class='ocr_line' id='line_1_1' title="bbox 1467 253 2164 310; baseline 0.001 -1"><span class='ocrx_word' id='word_1_1' title='bbox 1467 253 1747 309; x_wconf 85' lang='lat' dir='ltr'><strong>Robertus</strong></span> <span class='ocrx_word' id='word_1_2' title='bbox 1771 254 2164 310; x_wconf 86' lang='lat' dir='ltr'><strong>Bellarminus.</strong></span> 
     </span>
    </p>
   </div>
   <div class='ocr_carea' id='block_1_2' title="bbox 518 272 3131 333">
    <p class='ocr_par' dir='ltr' id='par_1_2' title="bbox 518 272 3131 333">
     <span class='ocr_line' id='line_1_2' title="bbox 518 272 3131 333; baseline 0.004 -11"><span class='ocrx_word' id='word_1_3' title='bbox 518 272 635 326; x_wconf 74' lang='lat'><strong>681</strong></span> <span class='ocrx_word' id='word_1_4' title='bbox 3005 278 3131 333; x_wconf 70' lang='lat'><strong>682</strong></span> 
     </span>
    </p>
   </div>
   <div class='ocr_carea' id='block_1_3' title="bbox 513 431 3133 613">
    <p class='ocr_par' dir='ltr' id='par_1_3' title="bbox 513 431 3133 613">
     <span class='ocr_line' id='line_1_3' title="bbox 514 431 3133 522; baseline 0.002 -23"><span class='ocrx_word' id='word_1_5' title='bbox 514 431 763 519; x_wconf 85' lang='lat' dir='ltr'><strong>rigenda</strong></span> <span class='ocrx_word' id='word_1_6' title='bbox 793 441 1036 517; x_wconf 82' lang='lat' dir='ltr'><strong>vulgata</strong></span> <span class='ocrx_word' id='word_1_7' title='bbox 1051 434 1097 521; x_wconf 89' lang='lat'><strong>¹)</strong></span> <span class='ocrx_word' id='word_1_8' title='bbox 1127 439 1433 512; x_wconf 85' lang='lat' dir='ltr'><strong>utebatur,</strong></span> <span class='ocrx_word' id='word_1_9' title='bbox 1467 459 1602 499; x_wconf 89' lang='lat' dir='ltr'><strong>cum</strong></span> <span class='ocrx_word' id='word_1_10' title='bbox 1633 441 1792 498; x_wconf 90' lang='lat' dir='ltr'><strong>Hen·</strong></span> <span class='ocrx_word' id='word_1_11' title='bbox 1850 439 2075 522; x_wconf 85' lang='lat' dir='ltr'><strong>batur),</strong></span> <span class='ocrx_word' id='word_1_12' title='bbox 2109 448 2180 501; x_wconf 91' lang='lat' dir='ltr'><strong>ut</strong></span> <span class='ocrx_word' id='word_1_13' title='bbox 2212 442 2374 501; x_wconf 89' lang='lat' dir='ltr'><strong>illius</strong></span> <span class='ocrx_word' id='word_1_14' title='bbox 2409 444 2716 520; x_wconf 77' lang='lat' dir='ltr'><strong>suppleret</strong></span> <span class='ocrx_word' id='word_1_15' title='bbox 2743 446 2956 504; x_wconf 90' lang='lat' dir='ltr'><strong>locum.</strong></span> <span class='ocrx_word' id='word_1_16' title='bbox 2992 446 3133 504; x_wconf 87' lang='lat' dir='ltr'><strong>Plu-</strong></span> 
     </span>
     <span class='ocr_line' id='line_1_4' title="bbox 513 525 3133 613; baseline 0.002 -25"><span class='ocrx_word' id='word_1_17' title='bbox 513 530 635 589; x_wconf 88' lang='lat' dir='ltr'><strong>rico</strong></span> <span class='ocrx_word' id='word_1_18' title='bbox 655 530 928 604; x_wconf 89' lang='lat' dir='ltr'><strong>Cajetano</strong></span> <span class='ocrx_word' id='word_1_19' title='bbox 951 530 1144 606; x_wconf 87' lang='lat' dir='ltr'><strong>legato</strong></span> <span class='ocrx_word' id='word_1_20' title='bbox 1166 526 1542 613; x_wconf 85' lang='lat' dir='ltr'><strong>pontificio(l</strong></span> <span class='ocrx_word' id='word_1_21' title='bbox 1561 525 1713 608; x_wconf 88' lang='grc'><strong>590)</strong></span> <span class='ocrx_word' id='word_1_22' title='bbox 1730 532 1795 589; x_wconf 91' lang='lat' dir='ltr'><strong>in</strong></span> <span class='ocrx_word' id='word_1_23' title='bbox 1850 532 2018 590; x_wconf 91' lang='lat' dir='ltr'><strong>ribus</strong></span> <span class='ocrx_word' id='word_1_24' title='bbox 2049 551 2185 590; x_wconf 88' lang='lat' dir='ltr'><strong>eum</strong></span> <span class='ocrx_word' id='word_1_25' title='bbox 2216 532 2383 590; x_wconf 85' lang='lat' dir='ltr'><strong>auxit</strong></span> <span class='ocrx_word' id='word_1_26' title='bbox 2402 550 2672 592; x_wconf 89' lang='lat' dir='ltr'><strong>summus</strong></span> <span class='ocrx_word' id='word_1_27' title='bbox 2704 533 2970 608; x_wconf 79' lang='lat' dir='ltr'><strong>pontifex</strong></span> <span class='ocrx_word' id='word_1_28' title='bbox 3003 555 3133 594; x_wconf 89' lang='lat' dir='ltr'><strong>mu-</strong></span> 
     </span>
    </p>
   </div>
   <div class='ocr_carea' id='block_1_4' title="bbox 511 618 3133 784">
    <p class='ocr_par' dir='ltr' id='par_1_4' title="bbox 511 618 3133 784">
     <span class='ocr_line' id='line_1_5' title="bbox 513 618 3132 697; baseline 0.002 -20"><span class='ocrx_word' id='word_1_29' title='bbox 513 619 763 677; x_wconf 86' lang='lat' dir='ltr'><strong>Galliam</strong></span> <span class='ocrx_word' id='word_1_30' title='bbox 793 618 1145 688; x_wconf 87' lang='lat' dir='ltr'><strong>destinatus,</strong></span> <span class='ocrx_word' id='word_1_31' title='bbox 1180 618 1385 694; x_wconf 81' lang='lat' dir='ltr'>ibique</span> <span class='ocrx_word' id='word_1_32' title='bbox 1438 637 1795 695; x_wconf 88' lang='lat' dir='ltr'><strong>permenses</strong></span> <span class='ocrx_word' id='word_1_33' title='bbox 1850 621 2125 690; x_wconf 87' lang='lat' dir='ltr'><strong>neribus;</strong></span> <span class='ocrx_word' id='word_1_34' title='bbox 2175 638 2310 679; x_wconf 84' lang='lat' dir='ltr'><strong>cum</strong></span> <span class='ocrx_word' id='word_1_35' title='bbox 2358 622 2685 680; x_wconf 81' lang='lat' dir='ltr'><strong>Ferrariam</strong></span> <span class='ocrx_word' id='word_1_36' title='bbox 2731 622 3132 697; x_wconf 87' lang='lat' dir='ltr'><strong>proficiscere-</strong></span> 
     </span>
     <span class='ocr_line' id='line_1_6' title="bbox 511 708 3133 784; baseline 0.002 -17"><span class='ocrx_word' id='word_1_37' title='bbox 511 710 739 784; x_wconf 81' lang='lat' dir='ltr'><strong>septem</strong></span> <span class='ocrx_word' id='word_1_38' title='bbox 770 711 1036 766; x_wconf 87' lang='lat' dir='ltr'><strong>moratus</strong></span> <span class='ocrx_word' id='word_1_39' title='bbox 1070 708 1262 767; x_wconf 88' lang='lat' dir='ltr'><strong>multa</strong></span> <span class='ocrx_word' id='word_1_40' title='bbox 1293 727 1478 784; x_wconf 90' lang='lat' dir='ltr'><strong>eaque</strong></span> <span class='ocrx_word' id='word_1_41' title='bbox 1507 727 1793 784; x_wconf 78' lang='lat' dir='ltr'><strong>perquam</strong></span> <span class='ocrx_word' id='word_1_42' title='bbox 1851 714 1972 778; x_wconf 87' lang='lat' dir='ltr'><strong>tur,</strong></span> <span class='ocrx_word' id='word_1_43' title='bbox 2007 709 2134 767; x_wconf 76' lang='lat' dir='ltr'><strong>viae</strong></span> <span class='ocrx_word' id='word_1_44' title='bbox 2165 709 2438 769; x_wconf 88' lang='lat' dir='ltr'><strong>comitem</strong></span> <span class='ocrx_word' id='word_1_45' title='bbox 2471 711 2645 768; x_wconf 89' lang='lat' dir='ltr'><strong>illum</strong></span> <span class='ocrx_word' id='word_1_46' title='bbox 2692 710 2908 770; x_wconf 87' lang='lat' dir='ltr'><strong>habere</strong></span> <span class='ocrx_word' id='word_1_47' title='bbox 2939 713 3133 771; x_wconf 80' lang='lat' dir='ltr'><strong>voluit</strong></span> 
     </span>
    </p>
   </div>
   <div class='ocr_carea' id='block_1_5' title="bbox 493 795 1794 1938">
    <p class='ocr_par' dir='ltr' id='par_1_5' title="bbox 493 795 1794 1938">
     <span class='ocr_line' id='line_1_7' title="bbox 513 795 1793 873; baseline 0.001 -18"><span class='ocrx_word' id='word_1_48' title='bbox 513 797 763 856; x_wconf 88' lang='lat' dir='ltr'><strong>molesta</strong></span> <span class='ocrx_word' id='word_1_49' title='bbox 794 796 859 853; x_wconf 91' lang='lat' dir='ltr'><strong>in</strong></span> <span class='ocrx_word' id='word_1_50' title='bbox 889 795 1204 870; x_wconf 81' lang='lat' dir='ltr'><strong>parisiensi</strong></span> <span class='ocrx_word' id='word_1_51' title='bbox 1224 798 1531 857; x_wconf 90' lang='lat' dir='ltr'><strong>obsidione</strong></span> <span class='ocrx_word' id='word_1_52' title='bbox 1550 803 1641 858; x_wconf 83' lang='lat' dir='ltr'><strong>est</strong></span> <span class='ocrx_word' id='word_1_53' title='bbox 1662 817 1793 873; x_wconf 88' lang='lat' dir='ltr'><strong>pas-</strong></span> 
     </span>
     <span class='ocr_line' id='line_1_8' title="bbox 510 878 1791 962; baseline 0.002 -19"><span class='ocrx_word' id='word_1_54' title='bbox 510 904 647 944; x_wconf 87' lang='lat' dir='ltr'><strong>sus:</strong></span> <span class='ocrx_word' id='word_1_55' title='bbox 680 904 798 960; x_wconf 89' lang='lat' dir='ltr'><strong>qua</strong></span> <span class='ocrx_word' id='word_1_56' title='bbox 830 878 1131 943; x_wconf 81' lang='lat' dir='ltr'><strong>occasione</strong></span> <span class='ocrx_word' id='word_1_57' title='bbox 1163 885 1461 962; x_wconf 83' lang='lat' dir='ltr'><strong>insignem</strong></span> <span class='ocrx_word' id='word_1_58' title='bbox 1481 887 1791 962; x_wconf 88' lang='lat' dir='ltr'><strong>epistolam</strong></span> 
     </span>
     <span class='ocr_line' id='line_1_9' title="bbox 493 973 1791 1050; baseline 0 -18"><span class='ocrx_word' id='word_1_59' title='bbox 493 973 816 1050; x_wconf 73' lang='lat' dir='ltr'><strong>,apostolici</strong></span> <span class='ocrx_word' id='word_1_60' title='bbox 846 973 1030 1049; x_wconf 90' lang='lat' dir='ltr'><strong>legati</strong></span> <span class='ocrx_word' id='word_1_61' title='bbox 1077 975 1312 1034; x_wconf 91' lang='lat' dir='ltr'><strong>nomine</strong></span> <span class='ocrx_word' id='word_1_62' title='bbox 1363 976 1437 1034; x_wconf 90' lang='lat' dir='ltr'><strong>ad</strong></span> <span class='ocrx_word' id='word_1_63' title='bbox 1482 976 1791 1035; x_wconf 84' lang='lat' dir='ltr'><strong>universos</strong></span> 
     </span>
     <span class='ocr_line' id='line_1_10' title="bbox 511 1062 1791 1142; baseline 0.003 -22"><span class='ocrx_word' id='word_1_64' title='bbox 511 1063 730 1121; x_wconf 83' lang='lat' dir='ltr'><strong>Galliae</strong></span> <span class='ocrx_word' id='word_1_65' title='bbox 763 1062 1061 1139; x_wconf 84' lang='lat' dir='ltr'><strong>praesules</strong></span> <span class='ocrx_word' id='word_1_66' title='bbox 1093 1062 1274 1135; x_wconf 87' lang='lat' dir='ltr'><strong>dedit,</strong></span> <span class='ocrx_word' id='word_1_67' title='bbox 1323 1068 1394 1122; x_wconf 94' lang='lat' dir='ltr'><strong>ut</strong></span> <span class='ocrx_word' id='word_1_68' title='bbox 1438 1082 1539 1124; x_wconf 90' lang='lat' dir='ltr'><strong>eos</strong></span> <span class='ocrx_word' id='word_1_69' title='bbox 1571 1087 1605 1123; x_wconf 85' lang='lat' dir='ltr'><strong>a</strong></span> <span class='ocrx_word' id='word_1_70' title='bbox 1633 1066 1791 1142; x_wconf 91' lang='lat' dir='ltr'><strong>peri-</strong></span> 
     </span>
     <span class='ocr_line' id='line_1_11' title="bbox 509 1151 1794 1213; baseline 0.002 -3"><span class='ocrx_word' id='word_1_71' title='bbox 509 1153 644 1210; x_wconf 91' lang='lat' dir='ltr'><strong>culo</strong></span> <span class='ocrx_word' id='word_1_72' title='bbox 677 1151 1010 1210; x_wconf 77' lang='lat' dir='ltr'><strong>schismatis</strong></span> <span class='ocrx_word' id='word_1_73' title='bbox 1042 1157 1359 1212; x_wconf 80' lang='lat' dir='ltr'><strong>revocaret.</strong></span> <span class='ocrx_word' id='word_1_74' title='bbox 1393 1154 1557 1212; x_wconf 82' lang='lat' dir='ltr'><strong>Sixto</strong></span> <span class='ocrx_word' id='word_1_75' title='bbox 1577 1154 1644 1213; x_wconf 88' lang='lat' dir='ltr'><strong>V.</strong></span> <span class='ocrx_word' id='word_1_76' title='bbox 1667 1155 1794 1213; x_wconf 83' lang='lat' dir='ltr'><strong>vita</strong></span> 
     </span>
     <span class='ocr_line' id='line_1_12' title="bbox 509 1240 1789 1315; baseline 0.002 -16"><span class='ocrx_word' id='word_1_77' title='bbox 509 1242 713 1300; x_wconf 89' lang='lat' dir='ltr'><strong>functo</strong></span> <span class='ocrx_word' id='word_1_78' title='bbox 766 1249 866 1303; x_wconf 87' lang='lat'><strong>26.</strong></span> <span class='ocrx_word' id='word_1_79' title='bbox 921 1240 1082 1315; x_wconf 83' lang='lat' dir='ltr'><strong>Sept.</strong></span> <span class='ocrx_word' id='word_1_80' title='bbox 1142 1251 1326 1312; x_wconf 90' lang='grc'><strong>1590,</strong></span> <span class='ocrx_word' id='word_1_81' title='bbox 1392 1243 1789 1302; x_wconf 87' lang='lat' dir='ltr'><strong>Bellarminus</strong></span> 
     </span>
     <span class='ocr_line' id='line_1_13' title="bbox 511 1329 1790 1405; baseline 0.002 -18"><span class='ocrx_word' id='word_1_82' title='bbox 511 1348 647 1387; x_wconf 90' lang='lat' dir='ltr'><strong>cum</strong></span> <span class='ocrx_word' id='word_1_83' title='bbox 689 1330 886 1405; x_wconf 89' lang='lat' dir='ltr'><strong>legato</strong></span> <span class='ocrx_word' id='word_1_84' title='bbox 928 1329 1172 1388; x_wconf 88' lang='lat' dir='ltr'><strong>Romam</strong></span> <span class='ocrx_word' id='word_1_85' title='bbox 1204 1349 1478 1390; x_wconf 88' lang='lat' dir='ltr'><strong>reversus</strong></span> <span class='ocrx_word' id='word_1_86' title='bbox 1510 1337 1617 1390; x_wconf 84' lang='lat' dir='ltr'><strong>est.</strong></span> <span class='ocrx_word' id='word_1_87' title='bbox 1667 1332 1790 1390; x_wconf 88' lang='lat' dir='ltr'><strong>Sub</strong></span> 
     </span>
     <span class='ocr_line' id='line_1_14' title="bbox 510 1417 1789 1495; baseline 0.002 -19"><span class='ocrx_word' id='word_1_88' title='bbox 510 1419 791 1495; x_wconf 86' lang='lat' dir='ltr'><strong>Gregorio</strong></span> <span class='ocrx_word' id='word_1_89' title='bbox 822 1417 973 1482; x_wconf 83' lang='lat' dir='ltr'><strong>XIV.</strong></span> <span class='ocrx_word' id='word_1_90' title='bbox 1006 1421 1067 1477; x_wconf 87' lang='lat' dir='ltr'><strong>et</strong></span> <span class='ocrx_word' id='word_1_91' title='bbox 1098 1418 1398 1479; x_wconf 74' lang='lat' dir='ltr'><strong>Clemente</strong></span> <span class='ocrx_word' id='word_1_92' title='bbox 1428 1419 1586 1478; x_wconf 91' lang='lat' dir='ltr'><strong>VIII.</strong></span> <span class='ocrx_word' id='word_1_93' title='bbox 1617 1440 1789 1495; x_wconf 91' lang='lat' dir='ltr'><strong>prae-</strong></span> 
     </span>
     <span class='ocr_line' id='line_1_15' title="bbox 507 1504 1788 1590; baseline 0.004 -27"><span class='ocrx_word' id='word_1_94' title='bbox 507 1507 713 1583; x_wconf 88' lang='lat' dir='ltr'><strong>cipuas</strong></span> <span class='ocrx_word' id='word_1_95' title='bbox 762 1508 883 1565; x_wconf 79' lang='lat' dir='ltr'><strong>sere</strong></span> <span class='ocrx_word' id='word_1_96' title='bbox 929 1509 1129 1582; x_wconf 84' lang='lat' dir='ltr'><strong>partes</strong></span> <span class='ocrx_word' id='word_1_97' title='bbox 1175 1504 1445 1590; x_wconf 55' lang='lat' dir='ltr'><strong>habuit‘ss)</strong></span> <span class='ocrx_word' id='word_1_98' title='bbox 1494 1510 1556 1567; x_wconf 91' lang='lat' dir='ltr'><strong>in</strong></span> <span class='ocrx_word' id='word_1_99' title='bbox 1580 1514 1788 1586; x_wconf 87' lang='lat' dir='ltr'><strong>&#39;recog-</strong></span> 
     </span>
     <span class='ocr_line' id='line_1_16' title="bbox 506 1595 1789 1672; baseline 0.003 -19"><span class='ocrx_word' id='word_1_100' title='bbox 506 1596 796 1654; x_wconf 87' lang='lat' dir='ltr'><strong>noscenda</strong></span> <span class='ocrx_word' id='word_1_101' title='bbox 813 1595 1075 1654; x_wconf 79' lang='lat' dir='ltr'><strong>editione</strong></span> <span class='ocrx_word' id='word_1_102' title='bbox 1094 1596 1375 1672; x_wconf 80' lang='lat' dir='ltr'><strong>vulgatae</strong></span> <span class='ocrx_word' id='word_1_103' title='bbox 1392 1598 1540 1657; x_wconf 85' lang='lat' dir='ltr'><strong>Sixti</strong></span> <span class='ocrx_word' id='word_1_104' title='bbox 1556 1598 1625 1662; x_wconf 83' lang='lat' dir='ltr'><strong>V,</strong></span> <span class='ocrx_word' id='word_1_105' title='bbox 1646 1598 1789 1658; x_wconf 81' lang='lat' dir='ltr'><strong>Post</strong></span> 
     </span>
     <span class='ocr_line' id='line_1_17' title="bbox 506 1681 1788 1767; baseline 0.004 -26"><span class='ocrx_word' id='word_1_106' title='bbox 506 1684 694 1744; x_wconf 83' lang='lat' dir='ltr'><strong>Toleti</strong></span> <span class='ocrx_word' id='word_1_107' title='bbox 723 1687 974 1743; x_wconf 85' lang='lat' dir='ltr'><strong>mortem</strong></span> <span class='ocrx_word' id='word_1_108' title='bbox 1010 1681 1237 1767; x_wconf 83' lang='lat'>(1596)</span> <span class='ocrx_word' id='word_1_109' title='bbox 1278 1687 1522 1745; x_wconf 87' lang='lat' dir='ltr'><strong>Romam</strong></span> <span class='ocrx_word' id='word_1_110' title='bbox 1566 1687 1788 1746; x_wconf 89' lang='lat' dir='ltr'><strong>accitus</strong></span> 
     </span>
     <span class='ocr_line' id='line_1_18' title="bbox 505 1772 1785 1855; baseline 0.003 -25"><span class='ocrx_word' id='word_1_111' title='bbox 505 1776 598 1830; x_wconf 88' lang='lat' dir='ltr'><strong>est</strong></span> <span class='ocrx_word' id='word_1_112' title='bbox 656 1793 689 1831; x_wconf 88' lang='lat' dir='ltr'><strong>a</strong></span> <span class='ocrx_word' id='word_1_113' title='bbox 740 1773 1037 1832; x_wconf 83' lang='lat' dir='ltr'><strong>Clemente</strong></span> <span class='ocrx_word' id='word_1_114' title='bbox 1101 1773 1255 1832; x_wconf 88' lang='lat' dir='ltr'><strong>VIII.</strong></span> <span class='ocrx_word' id='word_1_115' title='bbox 1322 1772 1785 1855; x_wconf 87' lang='lat' dir='ltr'><strong>(neapolitanam</strong></span> 
     </span>
     <span class='ocr_line' id='line_1_19' title="bbox 505 1862 1784 1938; baseline 0.003 -19"><span class='ocrx_word' id='word_1_116' title='bbox 505 1863 664 1920; x_wconf 90' lang='lat' dir='ltr'><strong>enim</strong></span> <span class='ocrx_word' id='word_1_117' title='bbox 695 1867 841 1921; x_wconf 89' lang='lat' dir='ltr'><strong>tunc</strong></span> <span class='ocrx_word' id='word_1_118' title='bbox 873 1862 1098 1921; x_wconf 89' lang='lat' dir='ltr'><strong>ordinis</strong></span> <span class='ocrx_word' id='word_1_119' title='bbox 1132 1863 1494 1938; x_wconf 85' lang='lat' dir='ltr'><strong>provinciam</strong></span> <span class='ocrx_word' id='word_1_120' title='bbox 1523 1866 1784 1923; x_wconf 86' lang='lat' dir='ltr'><strong>modera-</strong></span> 
     </span>
    </p>
   </div>
   <div class='ocr_carea' id='block_1_6' title="bbox 504 2039 822 2048">
    <p class='ocr_par' dir='ltr' id='par_1_6' title="bbox 504 2039 822 2048">
     <span class='ocr_line' id='line_1_20' title="bbox 504 2039 822 2048; baseline 0 3145"><span class='ocrx_word' id='word_1_121' title='bbox 504 2039 822 2048; x_wconf 95' lang='lat' dir='ltr'><strong> </strong></span> 
     </span>
    </p>
   </div>
   <div class='ocr_carea' id='block_1_7' title="bbox 500 2157 1785 2368">
    <p class='ocr_par' dir='ltr' id='par_1_7' title="bbox 500 2157 1785 2368">
     <span class='ocr_line' id='line_1_21' title="bbox 502 2157 1785 2227; baseline -0.002 -15"><span class='ocrx_word' id='word_1_122' title='bbox 502 2158 871 2227; x_wconf 85' lang='lat' dir='ltr'><strong>transscripta</strong></span> <span class='ocrx_word' id='word_1_123' title='bbox 885 2172 1152 2225; x_wconf 84' lang='lat' dir='ltr'><strong>vaneque</strong></span> <span class='ocrx_word' id='word_1_124' title='bbox 1174 2157 1514 2223; x_wconf 85' lang='lat' dir='ltr'><strong>transmissa,</strong></span> <span class='ocrx_word' id='word_1_125' title='bbox 1535 2160 1601 2210; x_wconf 89' lang='lat' dir='ltr'><strong>ut</strong></span> <span class='ocrx_word' id='word_1_126' title='bbox 1621 2158 1785 2227; x_wconf 77' lang='lat' dir='ltr'><strong>quasi</strong></span> 
     </span>
     <span class='ocr_line' id='line_1_22' title="bbox 500 2228 1785 2368; baseline 0 -14"><span class='ocrx_word' id='word_1_127' title='bbox 500 2228 1785 2368; x_wconf 42' lang='lat' dir='ltr'><strong>aetas?aureatenses·</strong></span> 
     </span>
    </p>
   </div>
   <div class='ocr_carea' id='block_1_8' title="bbox 1845 796 3132 1852">
    <p class='ocr_par' dir='ltr' id='par_1_8' title="bbox 1845 796 3132 1852">
     <span class='ocr_line' id='line_1_23' title="bbox 1850 796 3132 880; baseline 0.002 -24"><span class='ocrx_word' id='word_1_128' title='bbox 1850 798 2202 873; x_wconf 79' lang='lat' dir='ltr'><strong>statuitque,</strong></span> <span class='ocrx_word' id='word_1_129' title='bbox 2237 801 2309 856; x_wconf 87' lang='lat' dir='ltr'><strong>ut</strong></span> <span class='ocrx_word' id='word_1_130' title='bbox 2338 798 2528 874; x_wconf 90' lang='lat' dir='ltr'><strong>ipsius</strong></span> <span class='ocrx_word' id='word_1_131' title='bbox 2572 796 3018 880; x_wconf 79' lang='lat' dir='ltr'><strong>catechismus1)</strong></span> <span class='ocrx_word' id='word_1_132' title='bbox 3068 801 3132 859; x_wconf 92' lang='lat' dir='ltr'><strong>in</strong></span> 
     </span>
     <span class='ocr_line' id='line_1_24' title="bbox 1851 887 3132 949; baseline 0.002 -3"><span class='ocrx_word' id='word_1_133' title='bbox 1851 887 2124 946; x_wconf 89' lang='lat' dir='ltr'><strong>omnibus</strong></span> <span class='ocrx_word' id='word_1_134' title='bbox 2156 887 2364 945; x_wconf 87' lang='lat' dir='ltr'><strong>Italiae</strong></span> <span class='ocrx_word' id='word_1_135' title='bbox 2395 888 2657 948; x_wconf 85' lang='lat' dir='ltr'><strong>ecclesiis</strong></span> <span class='ocrx_word' id='word_1_136' title='bbox 2687 892 2749 948; x_wconf 93' lang='lat' dir='ltr'><strong>et</strong></span> <span class='ocrx_word' id='word_1_137' title='bbox 2782 889 2994 947; x_wconf 89' lang='lat' dir='ltr'><strong>scholis</strong></span> <span class='ocrx_word' id='word_1_138' title='bbox 3028 889 3132 949; x_wconf 87' lang='lat' dir='ltr'><strong>ad-</strong></span> 
     </span>
     <span class='ocr_line' id='line_1_25' title="bbox 1850 975 3131 1045; baseline 0.002 -11"><span class='ocrx_word' id='word_1_139' title='bbox 1850 975 2172 1045; x_wconf 90' lang='lat' dir='ltr'><strong>hiberetur,</strong></span> <span class='ocrx_word' id='word_1_140' title='bbox 2207 976 2447 1035; x_wconf 86' lang='lat' dir='ltr'><strong>demum</strong></span> <span class='ocrx_word' id='word_1_141' title='bbox 2478 995 2613 1035; x_wconf 88' lang='lat' dir='ltr'><strong>eum</strong></span> <span class='ocrx_word' id='word_1_142' title='bbox 2645 977 3006 1036; x_wconf 83' lang='lat' dir='ltr'><strong>cardinalem</strong></span> <span class='ocrx_word' id='word_1_143' title='bbox 3040 979 3131 1037; x_wconf 91' lang='lat' dir='ltr'><strong>di-</strong></span> 
     </span>
     <span class='ocr_line' id='line_1_26' title="bbox 1848 1065 3132 1143; baseline 0.003 -20"><span class='ocrx_word' id='word_1_144' title='bbox 1848 1065 1936 1123; x_wconf 85' lang='lat' dir='ltr'><strong>xit</strong></span> <span class='ocrx_word' id='word_1_145' title='bbox 1970 1074 2025 1126; x_wconf 84' lang='lat'><strong>3.</strong></span> <span class='ocrx_word' id='word_1_146' title='bbox 2058 1065 2259 1123; x_wconf 82' lang='lat' dir='ltr'><strong>Martii</strong></span> <span class='ocrx_word' id='word_1_147' title='bbox 2300 1075 2463 1128; x_wconf 88' lang='grc'><strong>1599</strong></span> <span class='ocrx_word' id='word_1_148' title='bbox 2500 1067 2608 1125; x_wconf 91' lang='lat' dir='ltr'><strong>hoc</strong></span> <span class='ocrx_word' id='word_1_149' title='bbox 2642 1066 2864 1143; x_wconf 89' lang='lat' dir='ltr'><strong>elogio:</strong></span> <span class='ocrx_word' id='word_1_150' title='bbox 2917 1066 3132 1134; x_wconf 79' lang='lat' dir='ltr'><strong>‚Hunc</strong></span> 
     </span>
     <span class='ocr_line' id='line_1_27' title="bbox 1849 1153 3129 1231; baseline 0.003 -20"><span class='ocrx_word' id='word_1_151' title='bbox 1849 1153 2154 1231; x_wconf 81' lang='lat' dir='ltr'><strong>elegimus,</strong></span> <span class='ocrx_word' id='word_1_152' title='bbox 2188 1153 2330 1229; x_wconf 90' lang='lat' dir='ltr'><strong>quia</strong></span> <span class='ocrx_word' id='word_1_153' title='bbox 2359 1173 2480 1214; x_wconf 91' lang='lat' dir='ltr'><strong>non</strong></span> <span class='ocrx_word' id='word_1_154' title='bbox 2512 1155 2688 1213; x_wconf 90' lang='lat' dir='ltr'><strong>habet</strong></span> <span class='ocrx_word' id='word_1_155' title='bbox 2706 1175 2906 1230; x_wconf 87' lang='lat' dir='ltr'><strong>parem</strong></span> <span class='ocrx_word' id='word_1_156' title='bbox 2929 1157 3129 1216; x_wconf 86' lang='lat' dir='ltr'><strong>Eccle-</strong></span> 
     </span>
     <span class='ocr_line' id='line_1_28' title="bbox 1849 1242 3132 1320; baseline 0.002 -19"><span class='ocrx_word' id='word_1_157' title='bbox 1849 1244 1937 1302; x_wconf 85' lang='lat' dir='ltr'><strong>sia</strong></span> <span class='ocrx_word' id='word_1_158' title='bbox 1971 1242 2072 1301; x_wconf 90' lang='lat' dir='ltr'><strong>Dei</strong></span> <span class='ocrx_word' id='word_1_159' title='bbox 2123 1242 2318 1318; x_wconf 90' lang='lat' dir='ltr'><strong>quoad</strong></span> <span class='ocrx_word' id='word_1_160' title='bbox 2364 1244 2693 1302; x_wconf 84' lang='lat' dir='ltr'><strong>doctrinam</strong></span> <span class='ocrx_word' id='word_1_161' title='bbox 2736 1248 2798 1303; x_wconf 92' lang='lat' dir='ltr'><strong>et</strong></span> <span class='ocrx_word' id='word_1_162' title='bbox 2842 1245 2987 1320; x_wconf 90' lang='lat' dir='ltr'><strong>quia</strong></span> <span class='ocrx_word' id='word_1_163' title='bbox 3040 1248 3132 1305; x_wconf 90' lang='lat' dir='ltr'><strong>est</strong></span> 
     </span>
     <span class='ocr_line' id='line_1_29' title="bbox 1848 1331 3128 1409; baseline 0.002 -19"><span class='ocrx_word' id='word_1_164' title='bbox 1848 1350 2032 1406; x_wconf 89' lang='lat' dir='ltr'><strong>nepos</strong></span> <span class='ocrx_word' id='word_1_165' title='bbox 2066 1331 2276 1407; x_wconf 83' lang='lat' dir='ltr'><strong>optimi</strong></span> <span class='ocrx_word' id='word_1_166' title='bbox 2308 1334 2369 1390; x_wconf 93' lang='lat' dir='ltr'><strong>et</strong></span> <span class='ocrx_word' id='word_1_167' title='bbox 2389 1333 2750 1392; x_wconf 88' lang='lat' dir='ltr'><strong>sanctissimi</strong></span> <span class='ocrx_word' id='word_1_168' title='bbox 2768 1333 3128 1409; x_wconf 51' lang='lat' dir='ltr'><strong>pontificis!</strong></span> 
     </span>
     <span class='ocr_line' id='line_1_30' title="bbox 1848 1421 3127 1493; baseline 0.004 -15"><span class='ocrx_word' id='word_1_169' title='bbox 1848 1421 1990 1478; x_wconf 88' lang='lat' dir='ltr'><strong>Cum</strong></span> <span class='ocrx_word' id='word_1_170' title='bbox 2025 1424 2226 1479; x_wconf 89' lang='lat' dir='ltr'><strong>autem</strong></span> <span class='ocrx_word' id='word_1_171' title='bbox 2278 1439 2341 1479; x_wconf 94' lang='lat' dir='ltr'><strong>se</strong></span> <span class='ocrx_word' id='word_1_172' title='bbox 2392 1422 2741 1480; x_wconf 87' lang='lat' dir='ltr'><strong>subtrahere</strong></span> <span class='ocrx_word' id='word_1_173' title='bbox 2801 1422 3127 1493; x_wconf 88' lang='lat' dir='ltr'><strong>moliretur,</strong></span> 
     </span>
     <span class='ocr_line' id='line_1_31' title="bbox 1847 1509 3129 1586; baseline 0.002 -18"><span class='ocrx_word' id='word_1_174' title='bbox 1847 1510 1960 1568; x_wconf 91' lang='lat' dir='ltr'><strong>sub</strong></span> <span class='ocrx_word' id='word_1_175' title='bbox 1991 1510 2363 1568; x_wconf 87' lang='lat' dir='ltr'><strong>anathemate</strong></span> <span class='ocrx_word' id='word_1_176' title='bbox 2395 1509 2623 1569; x_wconf 82' lang='lat' dir='ltr'><strong>vetitus</strong></span> <span class='ocrx_word' id='word_1_177' title='bbox 2652 1514 2746 1569; x_wconf 89' lang='lat' dir='ltr'><strong>est</strong></span> <span class='ocrx_word' id='word_1_178' title='bbox 2782 1530 3129 1586; x_wconf 86' lang='lat' dir='ltr'><strong>repugnare.</strong></span> 
     </span>
     <span class='ocr_line' id='line_1_32' title="bbox 1848 1598 3131 1673; baseline 0.002 -17"><span class='ocrx_word' id='word_1_179' title='bbox 1848 1599 1999 1656; x_wconf 87' lang='lat' dir='ltr'><strong>Hinc</strong></span> <span class='ocrx_word' id='word_1_180' title='bbox 2047 1598 2287 1667; x_wconf 89' lang='lat' dir='ltr'><strong>factum,</strong></span> <span class='ocrx_word' id='word_1_181' title='bbox 2316 1602 2388 1656; x_wconf 92' lang='lat' dir='ltr'><strong>ut</strong></span> <span class='ocrx_word' id='word_1_182' title='bbox 2438 1599 2710 1673; x_wconf 81' lang='lat' dir='ltr'><strong>quamvis</strong></span> <span class='ocrx_word' id='word_1_183' title='bbox 2760 1602 2914 1659; x_wconf 89' lang='lat' dir='ltr'><strong>esset</strong></span> <span class='ocrx_word' id='word_1_184' title='bbox 2966 1619 3131 1659; x_wconf 87' lang='lat' dir='ltr'><strong>sacra</strong></span> 
     </span>
     <span class='ocr_line' id='line_1_33' title="bbox 1845 1687 3130 1765; baseline 0.002 -20"><span class='ocrx_word' id='word_1_185' title='bbox 1845 1706 2109 1762; x_wconf 89' lang='lat' dir='ltr'><strong>purpura</strong></span> <span class='ocrx_word' id='word_1_186' title='bbox 2141 1687 2411 1757; x_wconf 82' lang='lat' dir='ltr'><strong>donatuS‚</strong></span> <span class='ocrx_word' id='word_1_187' title='bbox 2451 1687 2601 1746; x_wconf 87' lang='lat' dir='ltr'><strong>nihil</strong></span> <span class='ocrx_word' id='word_1_188' title='bbox 2647 1691 2845 1747; x_wconf 78' lang='lat' dir='ltr'><strong>tamen</strong></span> <span class='ocrx_word' id='word_1_189' title='bbox 2889 1689 2962 1747; x_wconf 94' lang='lat' dir='ltr'><strong>de</strong></span> <span class='ocrx_word' id='word_1_190' title='bbox 3007 1690 3130 1765; x_wconf 91' lang='lat' dir='ltr'><strong>pri-</strong></span> 
     </span>
     <span class='ocr_line' id='line_1_34' title="bbox 1846 1775 3129 1852; baseline 0.002 -18"><span class='ocrx_word' id='word_1_191' title='bbox 1846 1775 2000 1834; x_wconf 75' lang='lat' dir='ltr'><strong>stina</strong></span> <span class='ocrx_word' id='word_1_192' title='bbox 2034 1776 2320 1835; x_wconf 86' lang='lat' dir='ltr'><strong>modestia</strong></span> <span class='ocrx_word' id='word_1_193' title='bbox 2351 1777 2696 1848; x_wconf 84' lang='lat' dir='ltr'><strong>mutaverit,</strong></span> <span class='ocrx_word' id='word_1_194' title='bbox 2745 1778 2956 1852; x_wconf 89' lang='lat' dir='ltr'><strong>suique</strong></span> <span class='ocrx_word' id='word_1_195' title='bbox 3002 1796 3129 1836; x_wconf 90' lang='lat' dir='ltr'><strong>om-</strong></span> 
     </span>
    </p>
   </div>
   <div class='ocr_carea' id='block_1_9' title="bbox 1846 1927 2163 1934">
    <p class='ocr_par' dir='ltr' id='par_1_9' title="bbox 1846 1927 2163 1934">
     <span class='ocr_line' id='line_1_35' title="bbox 1846 1927 2163 1934; baseline 0 0"><span class='ocrx_word' id='word_1_196' title='bbox 1846 1927 2163 1934; x_wconf 95' lang='lat' dir='ltr'><strong> </strong></span> 
     </span>
    </p>
   </div>
   <div class='ocr_carea' id='block_1_10' title="bbox 1841 2016 3128 2370">
    <p class='ocr_par' dir='ltr' id='par_1_10' title="bbox 1841 2016 3128 2370">
     <span class='ocr_line' id='line_1_36' title="bbox 1923 2016 3126 2089; baseline 0.002 -20"><span class='ocrx_word' id='word_1_197' title='bbox 1923 2021 1958 2089; x_wconf 87' lang='lat'><strong>¹)</strong></span> <span class='ocrx_word' id='word_1_198' title='bbox 2000 2017 2233 2071; x_wconf 83' lang='lat' dir='ltr'><strong>Necesse</strong></span> <span class='ocrx_word' id='word_1_199' title='bbox 2273 2034 2389 2070; x_wconf 90' lang='lat' dir='ltr'><strong>non</strong></span> <span class='ocrx_word' id='word_1_200' title='bbox 2428 2020 2514 2070; x_wconf 90' lang='lat' dir='ltr'><strong>est</strong></span> <span class='ocrx_word' id='word_1_201' title='bbox 2557 2016 2820 2087; x_wconf 89' lang='lat' dir='ltr'><strong>pluribus</strong></span> <span class='ocrx_word' id='word_1_202' title='bbox 2860 2016 2930 2071; x_wconf 93' lang='lat' dir='ltr'><strong>de</strong></span> <span class='ocrx_word' id='word_1_203' title='bbox 2973 2033 3126 2087; x_wconf 86' lang='lat' dir='ltr'><strong>prae-</strong></span> 
     </span>
     <span class='ocr_line' id='line_1_37' title="bbox 1842 2086 3128 2157; baseline -0.001 -15"><span class='ocrx_word' id='word_1_204' title='bbox 1842 2088 2054 2142; x_wconf 81' lang='lat' dir='ltr'><strong>stantia</strong></span> <span class='ocrx_word' id='word_1_205' title='bbox 2080 2089 2252 2157; x_wconf 87' lang='lat' dir='ltr'><strong>hujus</strong></span> <span class='ocrx_word' id='word_1_206' title='bbox 2272 2088 2613 2153; x_wconf 84' lang='lat' dir='ltr'><strong>catechismi,</strong></span> <span class='ocrx_word' id='word_1_207' title='bbox 2642 2087 2794 2157; x_wconf 85' lang='lat' dir='ltr'><strong>paris</strong></span> <span class='ocrx_word' id='word_1_208' title='bbox 2820 2105 2948 2141; x_wconf 86' lang='lat' dir='ltr'><strong>cum</strong></span> <span class='ocrx_word' id='word_1_209' title='bbox 2966 2086 3128 2141; x_wconf 80' lang='lat' dir='ltr'><strong>Cani-</strong></span> 
     </span>
     <span class='ocr_line' id='line_1_38' title="bbox 1843 2157 3128 2227; baseline -0.001 -13"><span class='ocrx_word' id='word_1_210' title='bbox 1843 2160 1912 2214; x_wconf 90' lang='lat' dir='ltr'><strong>sii</strong></span> <span class='ocrx_word' id='word_1_211' title='bbox 1938 2159 2274 2213; x_wconf 82' lang='lat' dir='ltr'><strong>catechismo</strong></span> <span class='ocrx_word' id='word_1_212' title='bbox 2316 2157 2502 2227; x_wconf 85' lang='lat' dir='ltr'><strong>pretii,</strong></span> <span class='ocrx_word' id='word_1_213' title='bbox 2543 2158 2721 2226; x_wconf 89' lang='lat' dir='ltr'><strong>loqui.</strong></span> <span class='ocrx_word' id='word_1_214' title='bbox 2769 2157 3011 2213; x_wconf 86' lang='lat' dir='ltr'><strong>Abunde</strong></span> <span class='ocrx_word' id='word_1_215' title='bbox 3051 2160 3128 2213; x_wconf 89' lang='lat' dir='ltr'><strong>te-</strong></span> 
     </span>
     <span class='ocr_line' id='line_1_39' title="bbox 1843 2228 3125 2300; baseline -0.002 -16"><span class='ocrx_word' id='word_1_216' title='bbox 1843 2233 2065 2284; x_wconf 87' lang='lat' dir='ltr'><strong>stantur</strong></span> <span class='ocrx_word' id='word_1_217' title='bbox 2080 2230 2138 2283; x_wconf 92' lang='lat' dir='ltr'><strong>id</strong></span> <span class='ocrx_word' id='word_1_218' title='bbox 2157 2233 2272 2283; x_wconf 88' lang='lat' dir='ltr'><strong>tam</strong></span> <span class='ocrx_word' id='word_1_219' title='bbox 2288 2228 2562 2298; x_wconf 85' lang='lat' dir='ltr'><strong>repetitae</strong></span> <span class='ocrx_word' id='word_1_220' title='bbox 2579 2229 2856 2283; x_wconf 86' lang='lat' dir='ltr'><strong>editiones</strong></span> <span class='ocrx_word' id='word_1_221' title='bbox 2872 2230 2962 2300; x_wconf 84' lang='lat' dir='ltr'><strong>(cf.</strong></span> <span class='ocrx_word' id='word_1_222' title='bbox 2974 2231 3045 2283; x_wconf 88' lang='lat' dir='ltr'><strong>So</strong></span> <span class='ocrx_word' id='word_1_223' title='bbox 3053 2247 3125 2282; x_wconf 91' lang='lat' dir='ltr'><strong>m-</strong></span> 
     </span>
     <span class='ocr_line' id='line_1_40' title="bbox 1841 2299 3126 2370; baseline -0.001 -15"><span class='ocrx_word' id='word_1_224' title='bbox 1841 2302 2126 2370; x_wconf 82' lang='lat' dir='ltr'><strong>mervogel</strong></span> <span class='ocrx_word' id='word_1_225' title='bbox 2169 2301 2568 2367; x_wconf 79' lang='lat' dir='ltr'><strong>Bibliotheque</strong></span> <span class='ocrx_word' id='word_1_226' title='bbox 2609 2301 2679 2354; x_wconf 88' lang='lat' dir='ltr'><strong>de</strong></span> <span class='ocrx_word' id='word_1_227' title='bbox 2722 2299 2780 2353; x_wconf 87' lang='lat' dir='ltr'><strong>la</strong></span> <span class='ocrx_word' id='word_1_228' title='bbox 2820 2299 3014 2370; x_wconf 88' lang='lat' dir='ltr'><strong>Comp.</strong></span> <span class='ocrx_word' id='word_1_229' title='bbox 3056 2300 3126 2354; x_wconf 90' lang='lat' dir='ltr'><strong>de</strong></span> 
     </span>
    </p>
   </div>
   <div class='ocr_carea' id='block_1_11' title="bbox 502 2370 3213 2452">
    <p class='ocr_par' dir='ltr' id='par_1_11' title="bbox 502 2370 3213 2452">
     <span class='ocr_line' id='line_1_41' title="bbox 502 2370 3213 2452; baseline -0 -27"><span class='ocrx_word' id='word_1_230' title='bbox 502 2373 616 2426; x_wconf 87' lang='lat' dir='ltr'><strong>leta</strong></span> <span class='ocrx_word' id='word_1_231' title='bbox 639 2371 1041 2426; x_wconf 83' lang='lat' dir='ltr'><strong>invictissimus</strong></span> <span class='ocrx_word' id='word_1_232' title='bbox 1067 2371 1395 2437; x_wconf 90' lang='lat' dir='ltr'><strong>celebratur,</strong></span> <span class='ocrx_word' id='word_1_233' title='bbox 1426 2388 1672 2439; x_wconf 87' lang='lat' dir='ltr'><strong>quocum</strong></span> <span class='ocrx_word' id='word_1_234' title='bbox 1693 2389 1784 2425; x_wconf 89' lang='lat' dir='ltr'><strong>ne·</strong></span> <span class='ocrx_word' id='word_1_235' title='bbox 1839 2374 1999 2426; x_wconf 79' lang='lat' dir='ltr'><strong>Jesus</strong></span> <span class='ocrx_word' id='word_1_236' title='bbox 2040 2373 2082 2434; x_wconf 85' lang='lat'><strong>1,</strong></span> <span class='ocrx_word' id='word_1_237' title='bbox 2125 2375 2513 2452; x_wconf 79' lang='lat'><strong>1182—1204).</strong></span> <span class='ocrx_word' id='word_1_238' title='bbox 2565 2371 2710 2424; x_wconf 86' lang='lat' dir='ltr'><strong>Hinc</strong></span> <span class='ocrx_word' id='word_1_239' title='bbox 2751 2370 2947 2424; x_wconf 88' lang='lat' dir='ltr'><strong>scribit</strong></span> <span class='ocrx_word' id='word_1_240' title='bbox 2980 2371 3125 2426; x_wconf 92' lang='lat' dir='ltr'><strong>Dom</strong></span> <span class='ocrx_word' id='word_1_241' title='bbox 3210 2413 3213 2416; x_wconf 43' lang='grc'><strong>.</strong></span> 
     </span>
    </p>
   </div>
   <div class='ocr_carea' id='block_1_12' title="bbox 497 2442 1785 3297">
    <p class='ocr_par' dir='ltr' id='par_1_12' title="bbox 501 2442 1782 2582">
     <span class='ocr_line' id='line_1_42' title="bbox 501 2442 1782 2513; baseline 0 -18"><span class='ocrx_word' id='word_1_242' title='bbox 501 2461 592 2499; x_wconf 87' lang='lat' dir='ltr'><strong>mo</strong></span> <span class='ocrx_word' id='word_1_243' title='bbox 620 2445 873 2496; x_wconf 86' lang='lat' dir='ltr'><strong>nostrum</strong></span> <span class='ocrx_word' id='word_1_244' title='bbox 896 2442 1162 2513; x_wconf 89' lang='lat' dir='ltr'><strong>congredi</strong></span> <span class='ocrx_word' id='word_1_245' title='bbox 1189 2443 1341 2496; x_wconf 87' lang='lat' dir='ltr'><strong>ausit</strong></span> <span class='ocrx_word' id='word_1_246' title='bbox 1360 2447 1498 2496; x_wconf 84' lang='lat' dir='ltr'><strong>etc.“</strong></span> <span class='ocrx_word' id='word_1_247' title='bbox 1528 2444 1782 2498; x_wconf 88' lang='lat' dir='ltr'><strong>Ceterum</strong></span> 
     </span>
     <span class='ocr_line' id='line_1_43' title="bbox 501 2512 1615 2582; baseline 0.001 -15"><span class='ocrx_word' id='word_1_248' title='bbox 501 2514 570 2567; x_wconf 90' lang='lat' dir='ltr'><strong>de</strong></span> <span class='ocrx_word' id='word_1_249' title='bbox 596 2515 684 2567; x_wconf 83' lang='lat' dir='ltr'><strong>his</strong></span> <span class='ocrx_word' id='word_1_250' title='bbox 710 2513 1102 2568; x_wconf 84' lang='lat' dir='ltr'><strong>controversiis</strong></span> <span class='ocrx_word' id='word_1_251' title='bbox 1127 2512 1279 2566; x_wconf 85' lang='lat' dir='ltr'><strong>infra</strong></span> <span class='ocrx_word' id='word_1_252' title='bbox 1304 2515 1615 2582; x_wconf 88' lang='lat' dir='ltr'><strong>loquemur.</strong></span> 
     </span>
    </p>

    <p class='ocr_par' dir='ltr' id='par_1_13' title="bbox 497 2583 1785 3297">
     <span class='ocr_line' id='line_1_44' title="bbox 580 2583 1784 2658; baseline 0 -19"><span class='ocrx_word' id='word_1_253' title='bbox 580 2589 615 2658; x_wconf 88' lang='lat'><strong>¹)</strong></span> <span class='ocrx_word' id='word_1_254' title='bbox 635 2587 762 2639; x_wconf 62' lang='lat' dir='ltr'><strong>lam</strong></span> <span class='ocrx_word' id='word_1_255' title='bbox 779 2588 948 2640; x_wconf 82' lang='lat' dir='ltr'><strong>antea</strong></span> <span class='ocrx_word' id='word_1_256' title='bbox 965 2586 1070 2639; x_wconf 89' lang='lat' dir='ltr'><strong>sub</strong></span> <span class='ocrx_word' id='word_1_257' title='bbox 1084 2583 1349 2655; x_wconf 88' lang='lat' dir='ltr'><strong>Gregorio</strong></span> <span class='ocrx_word' id='word_1_258' title='bbox 1361 2586 1505 2640; x_wconf 88' lang='lat' dir='ltr'><strong>XIII.</strong></span> <span class='ocrx_word' id='word_1_259' title='bbox 1524 2587 1586 2640; x_wconf 91' lang='lat' dir='ltr'><strong>in</strong></span> <span class='ocrx_word' id='word_1_260' title='bbox 1602 2604 1784 2642; x_wconf 88' lang='lat' dir='ltr'><strong>emen-</strong></span> 
     </span>
     <span class='ocr_line' id='line_1_45' title="bbox 502 2656 1782 2730; baseline 0.001 -20"><span class='ocrx_word' id='word_1_261' title='bbox 502 2657 687 2711; x_wconf 86' lang='lat' dir='ltr'><strong>danda</strong></span> <span class='ocrx_word' id='word_1_262' title='bbox 705 2657 978 2712; x_wconf 84' lang='lat' dir='ltr'><strong>versionis</strong></span> <span class='ocrx_word' id='word_1_263' title='bbox 1004 2656 1408 2711; x_wconf 82' lang='lat' dir='ltr'><strong>alexandrinae</strong></span> <span class='ocrx_word' id='word_1_264' title='bbox 1429 2658 1677 2713; x_wconf 89' lang='lat' dir='ltr'><strong>editione</strong></span> <span class='ocrx_word' id='word_1_265' title='bbox 1691 2660 1782 2730; x_wconf 87' lang='lat' dir='ltr'><strong>(cf.</strong></span> 
     </span>
     <span class='ocr_line' id='line_1_46' title="bbox 500 2730 1780 2799; baseline 0 -17"><span class='ocrx_word' id='word_1_266' title='bbox 500 2746 670 2799; x_wconf 85' lang='lat' dir='ltr'><strong>supra</strong></span> <span class='ocrx_word' id='word_1_267' title='bbox 706 2746 760 2798; x_wconf 90' lang='lat' dir='ltr'><strong>p.</strong></span> <span class='ocrx_word' id='word_1_268' title='bbox 794 2732 900 2787; x_wconf 82' lang='lat'><strong>505</strong></span> <span class='ocrx_word' id='word_1_269' title='bbox 934 2731 1150 2795; x_wconf 65' lang='lat' dir='ltr'><strong>annot.)</strong></span> <span class='ocrx_word' id='word_1_270' title='bbox 1184 2730 1581 2797; x_wconf 79' lang='lat' dir='ltr'><strong>occupabatur,</strong></span> <span class='ocrx_word' id='word_1_271' title='bbox 1642 2730 1780 2784; x_wconf 88' lang='lat' dir='ltr'><strong>Cum</strong></span> 
     </span>
     <span class='ocr_line' id='line_1_47' title="bbox 499 2798 1785 2870; baseline 0.001 -18"><span class='ocrx_word' id='word_1_272' title='bbox 499 2817 627 2854; x_wconf 89' lang='lat' dir='ltr'><strong>vero</strong></span> <span class='ocrx_word' id='word_1_273' title='bbox 645 2799 793 2853; x_wconf 85' lang='lat' dir='ltr'><strong>Sixti</strong></span> <span class='ocrx_word' id='word_1_274' title='bbox 810 2800 874 2853; x_wconf 91' lang='lat' dir='ltr'><strong>V.</strong></span> <span class='ocrx_word' id='word_1_275' title='bbox 904 2798 1078 2853; x_wconf 85' lang='lat' dir='ltr'><strong>editio</strong></span> <span class='ocrx_word' id='word_1_276' title='bbox 1092 2799 1375 2870; x_wconf 83' lang='lat' dir='ltr'><strong>Vulgatae</strong></span> <span class='ocrx_word' id='word_1_277' title='bbox 1397 2816 1510 2853; x_wconf 90' lang='lat' dir='ltr'><strong>non</strong></span> <span class='ocrx_word' id='word_1_278' title='bbox 1531 2802 1621 2854; x_wconf 86' lang='lat' dir='ltr'><strong>sat</strong></span> <span class='ocrx_word' id='word_1_279' title='bbox 1640 2804 1785 2854; x_wconf 70' lang='lat' dir='ltr'><strong>esset</strong></span> 
     </span>
     <span class='ocr_line' id='line_1_48' title="bbox 499 2870 1781 2941; baseline -0.001 -17"><span class='ocrx_word' id='word_1_280' title='bbox 499 2873 765 2933; x_wconf 88' lang='lat' dir='ltr'><strong>correcta,</strong></span> <span class='ocrx_word' id='word_1_281' title='bbox 791 2870 1014 2939; x_wconf 86' lang='lat' dir='ltr'><strong>virique</strong></span> <span class='ocrx_word' id='word_1_282' title='bbox 1035 2888 1237 2940; x_wconf 74' lang='lat' dir='ltr'><strong>graves</strong></span> <span class='ocrx_word' id='word_1_283' title='bbox 1256 2874 1385 2939; x_wconf 86' lang='lat' dir='ltr'><strong>post</strong></span> <span class='ocrx_word' id='word_1_284' title='bbox 1404 2872 1577 2941; x_wconf 88' lang='lat' dir='ltr'><strong>hujus</strong></span> <span class='ocrx_word' id='word_1_285' title='bbox 1598 2871 1781 2941; x_wconf 89' lang='lat' dir='ltr'><strong>ponti-</strong></span> 
     </span>
     <span class='ocr_line' id='line_1_49' title="bbox 499 2941 1781 3011; baseline 0.002 -17"><span class='ocrx_word' id='word_1_286' title='bbox 499 2942 617 2995; x_wconf 86' lang='lat' dir='ltr'><strong>ficis</strong></span> <span class='ocrx_word' id='word_1_287' title='bbox 643 2945 879 2996; x_wconf 89' lang='lat' dir='ltr'><strong>mortem</strong></span> <span class='ocrx_word' id='word_1_288' title='bbox 905 2941 1065 2994; x_wconf 89' lang='lat' dir='ltr'><strong>illam</strong></span> <span class='ocrx_word' id='word_1_289' title='bbox 1092 2942 1502 3011; x_wconf 87' lang='lat' dir='ltr'><strong>prohibendam</strong></span> <span class='ocrx_word' id='word_1_290' title='bbox 1525 2958 1641 2996; x_wconf 86' lang='lat' dir='ltr'><strong>esse</strong></span> <span class='ocrx_word' id='word_1_291' title='bbox 1661 2960 1781 2996; x_wconf 88' lang='lat' dir='ltr'><strong>cen-</strong></span> 
     </span>
     <span class='ocr_line' id='line_1_50' title="bbox 499 3012 1781 3079; baseline 0 -12"><span class='ocrx_word' id='word_1_292' title='bbox 499 3016 702 3077; x_wconf 86' lang='lat' dir='ltr'><strong>serent,</strong></span> <span class='ocrx_word' id='word_1_293' title='bbox 746 3012 1140 3079; x_wconf 87' lang='lat' dir='ltr'><strong>Bellarminus,</strong></span> <span class='ocrx_word' id='word_1_294' title='bbox 1185 3016 1249 3065; x_wconf 90' lang='lat' dir='ltr'><strong>ut</strong></span> <span class='ocrx_word' id='word_1_295' title='bbox 1284 3012 1430 3066; x_wconf 79' lang='lat' dir='ltr'><strong>Sixti</strong></span> <span class='ocrx_word' id='word_1_296' title='bbox 1472 3013 1781 3067; x_wconf 87' lang='lat' dir='ltr'><strong>auctoritas</strong></span> 
     </span>
     <span class='ocr_line' id='line_1_51' title="bbox 498 3083 1780 3153; baseline 0 -16"><span class='ocrx_word' id='word_1_297' title='bbox 498 3087 649 3138; x_wconf 84' lang='lat' dir='ltr'><strong>sarta</strong></span> <span class='ocrx_word' id='word_1_298' title='bbox 672 3087 938 3152; x_wconf 87' lang='lat' dir='ltr'><strong>tectaque</strong></span> <span class='ocrx_word' id='word_1_299' title='bbox 965 3088 1298 3148; x_wconf 85' lang='lat' dir='ltr'><strong>servaretur,</strong></span> <span class='ocrx_word' id='word_1_300' title='bbox 1340 3083 1606 3153; x_wconf 88' lang='lat' dir='ltr'><strong>Gregorio</strong></span> <span class='ocrx_word' id='word_1_301' title='bbox 1633 3084 1780 3138; x_wconf 88' lang='lat' dir='ltr'><strong>XIV.</strong></span> 
     </span>
     <span class='ocr_line' id='line_1_52' title="bbox 497 3154 1780 3219; baseline 0 -11"><span class='ocrx_word' id='word_1_302' title='bbox 497 3156 800 3219; x_wconf 86' lang='lat' dir='ltr'><strong>consuluit,</strong></span> <span class='ocrx_word' id='word_1_303' title='bbox 825 3158 891 3209; x_wconf 90' lang='lat' dir='ltr'><strong>ut</strong></span> <span class='ocrx_word' id='word_1_304' title='bbox 912 3154 1013 3208; x_wconf 87' lang='lat' dir='ltr'><strong>illa</strong></span> <span class='ocrx_word' id='word_1_305' title='bbox 1029 3156 1202 3209; x_wconf 85' lang='lat' dir='ltr'><strong>editio</strong></span> <span class='ocrx_word' id='word_1_306' title='bbox 1222 3156 1477 3209; x_wconf 88' lang='lat' dir='ltr'><strong>secundis</strong></span> <span class='ocrx_word' id='word_1_307' title='bbox 1493 3154 1642 3209; x_wconf 88' lang='lat' dir='ltr'><strong>curis</strong></span> <span class='ocrx_word' id='word_1_308' title='bbox 1667 3172 1780 3209; x_wconf 88' lang='lat' dir='ltr'><strong>cor·</strong></span> 
     </span>
     <span class='ocr_line' id='line_1_53' title="bbox 497 3226 1780 3297; baseline 0.001 -17"><span class='ocrx_word' id='word_1_309' title='bbox 497 3227 798 3297; x_wconf 88' lang='lat' dir='ltr'><strong>rigeretur:</strong></span> <span class='ocrx_word' id='word_1_310' title='bbox 823 3226 927 3290; x_wconf 79' lang='lat' dir='ltr'><strong>„Et</strong></span> <span class='ocrx_word' id='word_1_311' title='bbox 947 3227 1023 3279; x_wconf 88' lang='lat' dir='ltr'><strong>sic</strong></span> <span class='ocrx_word' id='word_1_312' title='bbox 1040 3227 1110 3281; x_wconf 89' lang='lat' dir='ltr'><strong>N.</strong></span> <span class='ocrx_word' id='word_1_313' title='bbox 1127 3227 1537 3297; x_wconf 87' lang='lat' dir='ltr'><strong>(Bellarminus,</strong></span> <span class='ocrx_word' id='word_1_314' title='bbox 1557 3227 1640 3280; x_wconf 85' lang='lat' dir='ltr'><strong>ita</strong></span> <span class='ocrx_word' id='word_1_315' title='bbox 1660 3226 1780 3296; x_wconf 89' lang='lat' dir='ltr'><strong>ipse</strong></span> 
     </span>
    </p>
   </div>
   <div class='ocr_carea' id='block_1_13' title="bbox 1838 2442 3127 3083">
    <p class='ocr_par' dir='ltr' id='par_1_14' title="bbox 1838 2442 3127 3083">
     <span class='ocr_line' id='line_1_54' title="bbox 1842 2442 3125 2514; baseline -0.002 -16"><span class='ocrx_word' id='word_1_316' title='bbox 1842 2445 1888 2498; x_wconf 84' lang='lat' dir='ltr'><strong>G</strong></span> <span class='ocrx_word' id='word_1_317' title='bbox 1902 2463 1938 2498; x_wconf 92' lang='lat' dir='ltr'><strong>u</strong></span> <span class='ocrx_word' id='word_1_318' title='bbox 1954 2446 2244 2511; x_wconf 76' lang='lat' dir='ltr'><strong>eranger</strong></span> <span class='ocrx_word' id='word_1_319' title='bbox 2259 2444 2548 2514; x_wconf 74' lang='lat' dir='ltr'><strong>(Mernmre</strong></span> <span class='ocrx_word' id='word_1_320' title='bbox 2569 2459 2665 2496; x_wconf 89' lang='lat' dir='ltr'><strong>sur</strong></span> <span class='ocrx_word' id='word_1_321' title='bbox 2690 2442 2747 2495; x_wconf 89' lang='lat' dir='ltr'><strong>la</strong></span> <span class='ocrx_word' id='word_1_322' title='bbox 2765 2442 3029 2510; x_wconf 88' lang='lat' dir='ltr'><strong>question</strong></span> <span class='ocrx_word' id='word_1_323' title='bbox 3056 2442 3125 2496; x_wconf 90' lang='lat' dir='ltr'><strong>de</strong></span> 
     </span>
     <span class='ocr_line' id='line_1_55' title="bbox 1839 2513 3124 2584; baseline -0.001 -15"><span class='ocrx_word' id='word_1_324' title='bbox 1839 2515 2226 2569; x_wconf 75' lang='lat' dir='ltr'><strong>l&#39;immaculee</strong></span> <span class='ocrx_word' id='word_1_325' title='bbox 2261 2514 2599 2583; x_wconf 88' lang='lat' dir='ltr'><strong>conception</strong></span> <span class='ocrx_word' id='word_1_326' title='bbox 2624 2532 2678 2583; x_wconf 91' lang='lat' dir='ltr'><strong>p.</strong></span> <span class='ocrx_word' id='word_1_327' title='bbox 2706 2517 2823 2584; x_wconf 81' lang='lat'>52):</span> <span class='ocrx_word' id='word_1_328' title='bbox 2867 2513 3050 2574; x_wconf 76' lang='lat' dir='ltr'><strong>„Tout</strong></span> <span class='ocrx_word' id='word_1_329' title='bbox 3073 2513 3124 2568; x_wconf 91' lang='lat' dir='ltr'><strong>le</strong></span> 
     </span>
     <span class='ocr_line' id='line_1_56' title="bbox 1840 2583 3127 2656; baseline -0.002 -15"><span class='ocrx_word' id='word_1_330' title='bbox 1840 2587 2045 2642; x_wconf 90' lang='lat' dir='ltr'><strong>monde</strong></span> <span class='ocrx_word' id='word_1_331' title='bbox 2071 2587 2198 2652; x_wconf 87' lang='lat' dir='ltr'><strong>sait,</strong></span> <span class='ocrx_word' id='word_1_332' title='bbox 2226 2603 2337 2656; x_wconf 91' lang='lat' dir='ltr'><strong>que</strong></span> <span class='ocrx_word' id='word_1_333' title='bbox 2362 2585 2416 2640; x_wconf 92' lang='lat' dir='ltr'><strong>le</strong></span> <span class='ocrx_word' id='word_1_334' title='bbox 2442 2585 2623 2656; x_wconf 88' lang='lat' dir='ltr'><strong>grand</strong></span> <span class='ocrx_word' id='word_1_335' title='bbox 2643 2583 2967 2650; x_wconf 86' lang='lat' dir='ltr'><strong>Bellarmin,</strong></span> <span class='ocrx_word' id='word_1_336' title='bbox 2995 2587 3127 2639; x_wconf 90' lang='lat' dir='ltr'><strong>tout</strong></span> 
     </span>
     <span class='ocr_line' id='line_1_57' title="bbox 1842 2656 3124 2726; baseline -0.002 -12"><span class='ocrx_word' id='word_1_337' title='bbox 1842 2662 2074 2714; x_wconf 79' lang='lat' dir='ltr'><strong>couvert</strong></span> <span class='ocrx_word' id='word_1_338' title='bbox 2097 2659 2194 2714; x_wconf 90' lang='lat' dir='ltr'><strong>des</strong></span> <span class='ocrx_word' id='word_1_339' title='bbox 2218 2658 2457 2711; x_wconf 88' lang='lat' dir='ltr'><strong>lauriers</strong></span> <span class='ocrx_word' id='word_1_340' title='bbox 2478 2675 2589 2726; x_wconf 89' lang='lat' dir='ltr'><strong>que</strong></span> <span class='ocrx_word' id='word_1_341' title='bbox 2614 2657 2696 2711; x_wconf 91' lang='lat' dir='ltr'><strong>lui</strong></span> <span class='ocrx_word' id='word_1_342' title='bbox 2716 2656 2874 2711; x_wconf 82' lang='lat' dir='ltr'><strong>avait</strong></span> <span class='ocrx_word' id='word_1_343' title='bbox 2895 2656 3124 2711; x_wconf 77' lang='lat' dir='ltr'><strong>merites</strong></span> 
     </span>
     <span class='ocr_line' id='line_1_58' title="bbox 1841 2728 3124 2799; baseline -0.001 -16"><span class='ocrx_word' id='word_1_344' title='bbox 1841 2747 1901 2783; x_wconf 85' lang='lat' dir='ltr'><strong>sa</strong></span> <span class='ocrx_word' id='word_1_345' title='bbox 1926 2731 2266 2799; x_wconf 87' lang='lat' dir='ltr'><strong>magnifique</strong></span> <span class='ocrx_word' id='word_1_346' title='bbox 2287 2729 2513 2783; x_wconf 78' lang='lat' dir='ltr'><strong>defense</strong></span> <span class='ocrx_word' id='word_1_347' title='bbox 2534 2728 2680 2783; x_wconf 89' lang='lat' dir='ltr'><strong>dela</strong></span> <span class='ocrx_word' id='word_1_348' title='bbox 2696 2728 2775 2783; x_wconf 85' lang='lat' dir='ltr'><strong>foi</strong></span> <span class='ocrx_word' id='word_1_349' title='bbox 2796 2728 3124 2797; x_wconf 89' lang='lat' dir='ltr'><strong>catholique</strong></span> 
     </span>
     <span class='ocr_line' id='line_1_59' title="bbox 1839 2798 3125 2864; baseline -0.002 -10"><span class='ocrx_word' id='word_1_350' title='bbox 1839 2802 1978 2855; x_wconf 88' lang='lat' dir='ltr'><strong>dans</strong></span> <span class='ocrx_word' id='word_1_351' title='bbox 2003 2801 2083 2856; x_wconf 87' lang='lat' dir='ltr'><strong>les</strong></span> <span class='ocrx_word' id='word_1_352' title='bbox 2122 2802 2364 2855; x_wconf 76' lang='lat' dir='ltr'><strong>celebres</strong></span> <span class='ocrx_word' id='word_1_353' title='bbox 2398 2803 2799 2864; x_wconf 56' lang='lat' dir='ltr'><strong>controversa,</strong></span> <span class='ocrx_word' id='word_1_354' title='bbox 2840 2816 2911 2853; x_wconf 90' lang='lat' dir='ltr'><strong>ne</strong></span> <span class='ocrx_word' id='word_1_355' title='bbox 2938 2798 3125 2853; x_wconf 76' lang='lat' dir='ltr'><strong>dedai-</strong></span> 
     </span>
     <span class='ocr_line' id='line_1_60' title="bbox 1839 2870 3124 2954; baseline -0.002 -28"><span class='ocrx_word' id='word_1_356' title='bbox 1839 2891 1955 2942; x_wconf 84' lang='lat' dir='ltr'><strong>gna</strong></span> <span class='ocrx_word' id='word_1_357' title='bbox 1983 2890 2101 2942; x_wconf 87' lang='lat' dir='ltr'><strong>pas,</strong></span> <span class='ocrx_word' id='word_1_358' title='bbox 2141 2876 2175 2927; x_wconf 76' lang='lat' dir='ltr'><strong>a</strong></span> <span class='ocrx_word' id='word_1_359' title='bbox 2198 2873 2255 2927; x_wconf 89' lang='lat' dir='ltr'><strong>la</strong></span> <span class='ocrx_word' id='word_1_360' title='bbox 2290 2872 2471 2954; x_wconf 73' lang='lat' dir='ltr'><strong>priere</strong></span> <span class='ocrx_word' id='word_1_361' title='bbox 2506 2872 2572 2925; x_wconf 92' lang='lat' dir='ltr'><strong>de</strong></span> <span class='ocrx_word' id='word_1_362' title='bbox 2600 2872 2856 2952; x_wconf 73' lang='lat' dir='ltr'><strong>Clement</strong></span> <span class='ocrx_word' id='word_1_363' title='bbox 2886 2870 3029 2924; x_wconf 87' lang='lat' dir='ltr'><strong>VIII.</strong></span> <span class='ocrx_word' id='word_1_364' title='bbox 3056 2870 3124 2924; x_wconf 91' lang='lat' dir='ltr'><strong>de</strong></span> 
     </span>
     <span class='ocr_line' id='line_1_61' title="bbox 1838 2941 3125 3083; baseline -0.001 -15"><span class='ocrx_word' id='word_1_365' title='bbox 1838 2959 2243 3083; x_wconf 51' lang='lat' dir='ltr'><strong>{tffiffistss</strong></span> <span class='ocrx_word' id='word_1_366' title='bbox 2258 2943 2468 3069; x_wconf 44' lang='lat'><strong>&amp;¹333</strong></span> <span class='ocrx_word' id='word_1_367' title='bbox 2484 2941 3125 3069; x_wconf 39' lang='lat' dir='ltr'><strong>&amp;affimat-²32⁸.</strong></span> 
     </span>
    </p>
   </div>
   <div class='ocr_carea' id='block_1_14' title="bbox 1839 3085 3126 3215">
    <p class='ocr_par' dir='ltr' id='par_1_15' title="bbox 1839 3085 3126 3215">
     <span class='ocr_line' id='line_1_62' title="bbox 1840 3085 3126 3156; baseline 0 -18"><span class='ocrx_word' id='word_1_368' title='bbox 1840 3086 1913 3139; x_wconf 88' lang='lat' dir='ltr'><strong>Ce</strong></span> <span class='ocrx_word' id='word_1_369' title='bbox 1934 3085 2196 3156; x_wconf 78' lang='lat' dir='ltr'><strong>precieux</strong></span> <span class='ocrx_word' id='word_1_370' title='bbox 2217 3086 2485 3155; x_wconf 86' lang='lat' dir='ltr'><strong>opuscule</strong></span> <span class='ocrx_word' id='word_1_371' title='bbox 2508 3127 2520 3140; x_wconf 92' lang='lat'><strong>.</strong></span> <span class='ocrx_word' id='word_1_372' title='bbox 2543 3128 2555 3140; x_wconf 90' lang='lat'><strong>.</strong></span> <span class='ocrx_word' id='word_1_373' title='bbox 2573 3126 2586 3139; x_wconf 98' lang='lat'><strong>.</strong></span> <span class='ocrx_word' id='word_1_374' title='bbox 2609 3087 2700 3138; x_wconf 85' lang='lat' dir='ltr'><strong>fut</strong></span> <span class='ocrx_word' id='word_1_375' title='bbox 2715 3085 3008 3154; x_wconf 75' lang='lat' dir='ltr'><strong>approuve</strong></span> <span class='ocrx_word' id='word_1_376' title='bbox 3022 3101 3126 3153; x_wconf 84' lang='lat' dir='ltr'><strong>par</strong></span> 
     </span>
     <span class='ocr_line' id='line_1_63' title="bbox 1839 3154 3122 3215; baseline 0.002 -6"><span class='ocrx_word' id='word_1_377' title='bbox 1839 3174 1919 3209; x_wconf 89' lang='lat' dir='ltr'><strong>un</strong></span> <span class='ocrx_word' id='word_1_378' title='bbox 1938 3157 2068 3211; x_wconf 86' lang='lat' dir='ltr'><strong>bref</strong></span> <span class='ocrx_word' id='word_1_379' title='bbox 2082 3157 2152 3210; x_wconf 91' lang='lat' dir='ltr'><strong>de</strong></span> <span class='ocrx_word' id='word_1_380' title='bbox 2167 3156 2424 3211; x_wconf 80' lang='lat' dir='ltr'><strong>Clement</strong></span> <span class='ocrx_word' id='word_1_381' title='bbox 2440 3156 2587 3209; x_wconf 84' lang='lat' dir='ltr'><strong>VIII.</strong></span> <span class='ocrx_word' id='word_1_382' title='bbox 2615 3156 2693 3210; x_wconf 89' lang='lat' dir='ltr'><strong>du</strong></span> <span class='ocrx_word' id='word_1_383' title='bbox 2720 3160 2804 3215; x_wconf 82' lang='lat'><strong>15.</strong></span> <span class='ocrx_word' id='word_1_384' title='bbox 2822 3154 2959 3208; x_wconf 80' lang='lat' dir='ltr'><strong>Juil.</strong></span> <span class='ocrx_word' id='word_1_385' title='bbox 2981 3158 3122 3212; x_wconf 82' lang='lat'>1598</span> 
     </span>
    </p>
   </div>
   <div class='ocr_carea' id='block_1_15' title="bbox 1840 3225 3247 3283">
    <p class='ocr_par' dir='ltr' id='par_1_16' title="bbox 1840 3225 3247 3283">
     <span class='ocr_line' id='line_1_64' title="bbox 1840 3225 3247 3283; baseline -0.002 -1"><span class='ocrx_word' id='word_1_386' title='bbox 1840 3270 1851 3282; x_wconf 90' lang='lat'><strong>.</strong></span> <span class='ocrx_word' id='word_1_387' title='bbox 1874 3267 1887 3280; x_wconf 99' lang='lat'><strong>.</strong></span> <span class='ocrx_word' id='word_1_388' title='bbox 1912 3270 1924 3283; x_wconf 94' lang='lat'><strong>.</strong></span> <span class='ocrx_word' id='word_1_389' title='bbox 1949 3228 2002 3283; x_wconf 93' lang='lat' dir='ltr'><strong>le</strong></span> <span class='ocrx_word' id='word_1_390' title='bbox 2028 3231 2209 3282; x_wconf 67' lang='lat' dir='ltr'><strong>meme</strong></span> <span class='ocrx_word' id='word_1_391' title='bbox 2237 3228 2573 3281; x_wconf 73' lang='lat' dir='ltr'><strong>catechisme</strong></span> <span class='ocrx_word' id='word_1_392' title='bbox 2612 3225 3006 3281; x_wconf 80' lang='lat' dir='ltr'><strong>recommande</strong></span> <span class='ocrx_word' id='word_1_393' title='bbox 3032 3243 3124 3279; x_wconf 90' lang='lat' dir='ltr'><strong>en·</strong></span> <span class='ocrx_word' id='word_1_394' title='bbox 3238 3274 3247 3283; x_wconf 85' lang='lat'><strong>,</strong></span> 
     </span>
    </p>
   </div>
   <div class='ocr_carea' id='block_1_16' title="bbox 494 3295 3123 4079">
    <p class='ocr_par' dir='ltr' id='par_1_17' title="bbox 494 3295 3123 4079">
     <span class='ocr_line' id='line_1_65' title="bbox 498 3295 3121 3368; baseline -0 -17"><span class='ocrx_word' id='word_1_395' title='bbox 498 3298 558 3351; x_wconf 90' lang='lat' dir='ltr'><strong>in</strong></span> <span class='ocrx_word' id='word_1_396' title='bbox 585 3315 687 3352; x_wconf 88' lang='lat' dir='ltr'><strong>sua</strong></span> <span class='ocrx_word' id='word_1_397' title='bbox 721 3297 1213 3368; x_wconf 83' lang='lat' dir='ltr'><strong>autobiographia)</strong></span> <span class='ocrx_word' id='word_1_398' title='bbox 1250 3298 1498 3352; x_wconf 87' lang='lat' dir='ltr'><strong>reddidit</strong></span> <span class='ocrx_word' id='word_1_399' title='bbox 1537 3298 1694 3353; x_wconf 82' lang='lat' dir='ltr'><strong>Sixto</strong></span> <span class='ocrx_word' id='word_1_400' title='bbox 1720 3299 1778 3353; x_wconf 91' lang='lat' dir='ltr'><strong>P.</strong></span> <span class='ocrx_word' id='word_1_401' title='bbox 1838 3316 1964 3354; x_wconf 90' lang='lat' dir='ltr'><strong>core</strong></span> <span class='ocrx_word' id='word_1_402' title='bbox 2005 3300 2145 3353; x_wconf 88' lang='lat' dir='ltr'><strong>daus</strong></span> <span class='ocrx_word' id='word_1_403' title='bbox 2194 3317 2271 3352; x_wconf 89' lang='lat' dir='ltr'><strong>un</strong></span> <span class='ocrx_word' id='word_1_404' title='bbox 2314 3299 2440 3352; x_wconf 84' lang='lat' dir='ltr'><strong>bref</strong></span> <span class='ocrx_word' id='word_1_405' title='bbox 2482 3299 2549 3353; x_wconf 93' lang='lat' dir='ltr'><strong>de</strong></span> <span class='ocrx_word' id='word_1_406' title='bbox 2589 3296 2804 3352; x_wconf 84' lang='lat' dir='ltr'><strong>Urbain</strong></span> <span class='ocrx_word' id='word_1_407' title='bbox 2846 3296 2991 3349; x_wconf 90' lang='lat' dir='ltr'><strong>VIII.</strong></span> <span class='ocrx_word' id='word_1_408' title='bbox 3044 3295 3121 3350; x_wconf 93' lang='lat' dir='ltr'><strong>du</strong></span> 
     </span>
     <span class='ocr_line' id='line_1_66' title="bbox 497 3367 3123 3439; baseline 0 -18"><span class='ocrx_word' id='word_1_409' title='bbox 497 3369 643 3423; x_wconf 88' lang='lat' dir='ltr'><strong>bona</strong></span> <span class='ocrx_word' id='word_1_410' title='bbox 663 3386 765 3439; x_wconf 90' lang='lat' dir='ltr'><strong>pro</strong></span> <span class='ocrx_word' id='word_1_411' title='bbox 783 3368 964 3423; x_wconf 86' lang='lat' dir='ltr'><strong>malis.</strong></span> <span class='ocrx_word' id='word_1_412' title='bbox 992 3368 1182 3423; x_wconf 83' lang='lat' dir='ltr'><strong>Six&#39;tus</strong></span> <span class='ocrx_word' id='word_1_413' title='bbox 1203 3369 1355 3422; x_wconf 89' lang='lat' dir='ltr'><strong>enim</strong></span> <span class='ocrx_word' id='word_1_414' title='bbox 1371 3372 1605 3439; x_wconf 89' lang='lat' dir='ltr'><strong>propter</strong></span> <span class='ocrx_word' id='word_1_415' title='bbox 1623 3369 1780 3425; x_wconf 87' lang='lat' dir='ltr'><strong>illam</strong></span> <span class='ocrx_word' id='word_1_416' title='bbox 1837 3376 1922 3426; x_wconf 92' lang='grc'><strong>22.</strong></span> <span class='ocrx_word' id='word_1_417' title='bbox 1949 3372 2105 3424; x_wconf 75' lang='lat' dir='ltr'><strong>Fevr.</strong></span> <span class='ocrx_word' id='word_1_418' title='bbox 2133 3374 2273 3427; x_wconf 81' lang='lat'><strong>1633</strong></span> <span class='ocrx_word' id='word_1_419' title='bbox 2300 3387 2333 3422; x_wconf 81' lang='lat' dir='ltr'><strong>a</strong></span> <span class='ocrx_word' id='word_1_420' title='bbox 2360 3370 2448 3423; x_wconf 73' lang='lat' dir='ltr'><strong>ete</strong></span> <span class='ocrx_word' id='word_1_421' title='bbox 2486 3368 2683 3438; x_wconf 83' lang='lat' dir='ltr'><strong>l&#39;objet</strong></span> <span class='ocrx_word' id='word_1_422' title='bbox 2707 3368 2877 3420; x_wconf 91' lang='lat' dir='ltr'><strong>d&#39;une</strong></span> <span class='ocrx_word' id='word_1_423' title='bbox 2905 3367 3123 3421; x_wconf 87' lang='lat' dir='ltr'><strong>Consti-</strong></span> 
     </span>
     <span class='ocr_line' id='line_1_67' title="bbox 495 3437 3121 3511; baseline 0 -19"><span class='ocrx_word' id='word_1_424' title='bbox 495 3440 935 3510; x_wconf 88' lang='lat' dir='ltr'><strong>propositionem</strong></span> <span class='ocrx_word' id='word_1_425' title='bbox 955 3440 1021 3495; x_wconf 89' lang='lat' dir='ltr'><strong>de</strong></span> <span class='ocrx_word' id='word_1_426' title='bbox 1039 3440 1484 3510; x_wconf 88' lang='lat' dir='ltr'><strong>dominioPapae</strong></span> <span class='ocrx_word' id='word_1_427' title='bbox 1501 3440 1780 3494; x_wconf 88' lang='lat' dir='ltr'><strong>indirecto</strong></span> <span class='ocrx_word' id='word_1_428' title='bbox 1837 3442 2027 3495; x_wconf 87' lang='lat' dir='ltr'><strong>tution</strong></span> <span class='ocrx_word' id='word_1_429' title='bbox 2066 3441 2311 3511; x_wconf 78' lang='lat' dir='ltr'><strong>speciale</strong></span> <span class='ocrx_word' id='word_1_430' title='bbox 2345 3441 2412 3494; x_wconf 92' lang='lat' dir='ltr'><strong>de</strong></span> <span class='ocrx_word' id='word_1_431' title='bbox 2446 3439 2656 3494; x_wconf 76' lang='lat' dir='ltr'><strong>Benoit</strong></span> <span class='ocrx_word' id='word_1_432' title='bbox 2681 3439 2826 3494; x_wconf 89' lang='lat' dir='ltr'><strong>XIV.</strong></span> <span class='ocrx_word' id='word_1_433' title='bbox 2868 3437 3121 3493; x_wconf 70' lang='lat' dir='ltr'><strong>adressee</strong></span> 
     </span>
     <span class='ocr_line' id='line_1_68' title="bbox 498 3509 3121 3581; baseline -0.001 -16"><span class='ocrx_word' id='word_1_434' title='bbox 498 3512 556 3565; x_wconf 90' lang='lat' dir='ltr'><strong>in</strong></span> <span class='ocrx_word' id='word_1_435' title='bbox 586 3516 768 3566; x_wconf 81' lang='lat' dir='ltr'><strong>totum</strong></span> <span class='ocrx_word' id='word_1_436' title='bbox 796 3510 983 3565; x_wconf 87' lang='lat' dir='ltr'><strong>orbem</strong></span> <span class='ocrx_word' id='word_1_437' title='bbox 1006 3512 1197 3581; x_wconf 85' lang='lat' dir='ltr'><strong>posuit</strong></span> <span class='ocrx_word' id='word_1_438' title='bbox 1221 3512 1631 3566; x_wconf 83' lang='lat' dir='ltr'><strong>controversias</strong></span> <span class='ocrx_word' id='word_1_439' title='bbox 1658 3514 1779 3581; x_wconf 87' lang='lat' dir='ltr'><strong>ejus</strong></span> <span class='ocrx_word' id='word_1_440' title='bbox 1836 3516 1870 3566; x_wconf 74' lang='lat' dir='ltr'><strong>a</strong></span> <span class='ocrx_word' id='word_1_441' title='bbox 1898 3516 2025 3566; x_wconf 89' lang='lat' dir='ltr'><strong>tous</strong></span> <span class='ocrx_word' id='word_1_442' title='bbox 2050 3512 2131 3565; x_wconf 91' lang='lat' dir='ltr'><strong>les</strong></span> <span class='ocrx_word' id='word_1_443' title='bbox 2160 3511 2524 3575; x_wconf 77' lang='lat' dir='ltr'><strong>patriarches,</strong></span> <span class='ocrx_word' id='word_1_444' title='bbox 2552 3509 2813 3572; x_wconf 84' lang='lat' dir='ltr'><strong>Primats,</strong></span> <span class='ocrx_word' id='word_1_445' title='bbox 2848 3509 3121 3563; x_wconf 68' lang='lat' dir='ltr'><strong>Archeve-</strong></span> 
     </span>
     <span class='ocr_line' id='line_1_69' title="bbox 496 3580 3122 3653; baseline -0.001 -18"><span class='ocrx_word' id='word_1_446' title='bbox 496 3583 555 3636; x_wconf 92' lang='lat' dir='ltr'><strong>in</strong></span> <span class='ocrx_word' id='word_1_447' title='bbox 581 3583 764 3637; x_wconf 88' lang='lat' dir='ltr'><strong>indice</strong></span> <span class='ocrx_word' id='word_1_448' title='bbox 799 3582 1092 3646; x_wconf 88' lang='lat' dir='ltr'><strong>librorum,</strong></span> <span class='ocrx_word' id='word_1_449' title='bbox 1132 3583 1310 3636; x_wconf 90' lang='lat' dir='ltr'><strong>donec</strong></span> <span class='ocrx_word' id='word_1_450' title='bbox 1348 3582 1779 3653; x_wconf 84' lang='lat' dir='ltr'><strong>corrigerentur,</strong></span> <span class='ocrx_word' id='word_1_451' title='bbox 1837 3600 1974 3651; x_wconf 87' lang='lat' dir='ltr'><strong>ques</strong></span> <span class='ocrx_word' id='word_1_452' title='bbox 2001 3600 2073 3636; x_wconf 91' lang='lat' dir='ltr'><strong>ou</strong></span> <span class='ocrx_word' id='word_1_453' title='bbox 2099 3582 2359 3649; x_wconf 78' lang='lat' dir='ltr'><strong>Eveques</strong></span> <span class='ocrx_word' id='word_1_454' title='bbox 2385 3598 2515 3635; x_wconf 87' lang='lat' dir='ltr'><strong>sous</strong></span> <span class='ocrx_word' id='word_1_455' title='bbox 2548 3581 2603 3634; x_wconf 90' lang='lat' dir='ltr'><strong>la</strong></span> <span class='ocrx_word' id='word_1_456' title='bbox 2629 3581 2757 3634; x_wconf 86' lang='lat' dir='ltr'><strong>date</strong></span> <span class='ocrx_word' id='word_1_457' title='bbox 2785 3581 2859 3633; x_wconf 89' lang='lat' dir='ltr'><strong>du</strong></span> <span class='ocrx_word' id='word_1_458' title='bbox 2885 3584 2933 3636; x_wconf 82' lang='lat'><strong>7.</strong></span> <span class='ocrx_word' id='word_1_459' title='bbox 2961 3580 3122 3633; x_wconf 77' lang='lat' dir='ltr'><strong>Fevr.</strong></span> 
     </span>
     <span class='ocr_line' id='line_1_70' title="bbox 496 3650 3123 3724; baseline -0.001 -17"><span class='ocrx_word' id='word_1_460' title='bbox 496 3654 593 3708; x_wconf 88' lang='lat' dir='ltr'><strong>sed</strong></span> <span class='ocrx_word' id='word_1_461' title='bbox 610 3655 735 3724; x_wconf 89' lang='lat' dir='ltr'><strong>ipso</strong></span> <span class='ocrx_word' id='word_1_462' title='bbox 752 3656 977 3707; x_wconf 88' lang='lat' dir='ltr'><strong>mortuo</strong></span> <span class='ocrx_word' id='word_1_463' title='bbox 997 3671 1039 3706; x_wconf 81' lang='lat' dir='ltr'><strong>s,</strong></span> <span class='ocrx_word' id='word_1_464' title='bbox 1055 3656 1268 3707; x_wconf 87' lang='lat' dir='ltr'><strong>rituum</strong></span> <span class='ocrx_word' id='word_1_465' title='bbox 1289 3655 1652 3724; x_wconf 83' lang='lat' dir='ltr'><strong>congregatio</strong></span> <span class='ocrx_word' id='word_1_466' title='bbox 1660 3655 1778 3723; x_wconf 83' lang='lat' dir='ltr'><strong>jus·</strong></span> <span class='ocrx_word' id='word_1_467' title='bbox 1836 3658 1974 3710; x_wconf 80' lang='lat'>1742</span> <span class='ocrx_word' id='word_1_468' title='bbox 1996 3658 2053 3708; x_wconf 90' lang='lat' dir='ltr'><strong>et</strong></span> <span class='ocrx_word' id='word_1_469' title='bbox 2071 3654 2212 3707; x_wconf 85' lang='lat' dir='ltr'><strong>dans</strong></span> <span class='ocrx_word' id='word_1_470' title='bbox 2238 3652 2483 3722; x_wconf 86' lang='lat' dir='ltr'><strong>laquelle</strong></span> <span class='ocrx_word' id='word_1_471' title='bbox 2506 3653 2556 3706; x_wconf 89' lang='lat' dir='ltr'><strong>le</strong></span> <span class='ocrx_word' id='word_1_472' title='bbox 2573 3651 2797 3706; x_wconf 87' lang='lat' dir='ltr'><strong>Pontife</strong></span> <span class='ocrx_word' id='word_1_473' title='bbox 2816 3650 3123 3721; x_wconf 85' lang='lat' dir='ltr'><strong>rappelant</strong></span> 
     </span>
     <span class='ocr_line' id='line_1_71' title="bbox 497 3723 3121 3794; baseline -0.001 -14"><span class='ocrx_word' id='word_1_474' title='bbox 497 3725 570 3779; x_wconf 83' lang='lat' dir='ltr'><strong>sit</strong></span> <span class='ocrx_word' id='word_1_475' title='bbox 610 3726 782 3780; x_wconf 87' lang='lat' dir='ltr'><strong>deleri</strong></span> <span class='ocrx_word' id='word_1_476' title='bbox 822 3741 890 3779; x_wconf 80' lang='lat' dir='ltr'><strong>ex</strong></span> <span class='ocrx_word' id='word_1_477' title='bbox 929 3724 1075 3779; x_wconf 88' lang='lat' dir='ltr'><strong>libro</strong></span> <span class='ocrx_word' id='word_1_478' title='bbox 1116 3724 1316 3778; x_wconf 88' lang='lat' dir='ltr'><strong>indicis</strong></span> <span class='ocrx_word' id='word_1_479' title='bbox 1357 3742 1563 3780; x_wconf 90' lang='lat' dir='ltr'><strong>nomen</strong></span> <span class='ocrx_word' id='word_1_480' title='bbox 1601 3724 1777 3779; x_wconf 89' lang='lat' dir='ltr'><strong>illius.</strong></span> <span class='ocrx_word' id='word_1_481' title='bbox 1835 3725 1914 3779; x_wconf 88' lang='lat' dir='ltr'><strong>les</strong></span> <span class='ocrx_word' id='word_1_482' title='bbox 1940 3724 2162 3794; x_wconf 87' lang='lat' dir='ltr'><strong>paroles</strong></span> <span class='ocrx_word' id='word_1_483' title='bbox 2182 3724 2251 3779; x_wconf 90' lang='lat' dir='ltr'><strong>de</strong></span> <span class='ocrx_word' id='word_1_484' title='bbox 2278 3724 2531 3778; x_wconf 77' lang='lat' dir='ltr'><strong>Clement</strong></span> <span class='ocrx_word' id='word_1_485' title='bbox 2556 3723 2703 3777; x_wconf 80' lang='lat' dir='ltr'><strong>VIII.</strong></span> <span class='ocrx_word' id='word_1_486' title='bbox 2732 3723 2959 3777; x_wconf 85' lang='lat' dir='ltr'><strong>exhorte</strong></span> <span class='ocrx_word' id='word_1_487' title='bbox 2986 3738 3121 3777; x_wconf 85' lang='lat' dir='ltr'><strong>avec</strong></span> 
     </span>
     <span class='ocr_line' id='line_1_72' title="bbox 497 3793 3121 3866; baseline -0 -17"><span class='ocrx_word' id='word_1_488' title='bbox 497 3796 720 3851; x_wconf 86' lang='lat' dir='ltr'><strong>Placuit</strong></span> <span class='ocrx_word' id='word_1_489' title='bbox 761 3795 1061 3851; x_wconf 87' lang='lat' dir='ltr'><strong>consilium</strong></span> <span class='ocrx_word' id='word_1_490' title='bbox 1100 3796 1170 3851; x_wconf 91' lang='lat' dir='ltr'><strong>N.</strong></span> <span class='ocrx_word' id='word_1_491' title='bbox 1208 3795 1477 3864; x_wconf 78' lang='lat' dir='ltr'><strong>Gregorio</strong></span> <span class='ocrx_word' id='word_1_492' title='bbox 1519 3796 1779 3850; x_wconf 89' lang='lat' dir='ltr'><strong>Pontifici</strong></span> <span class='ocrx_word' id='word_1_493' title='bbox 1833 3795 1914 3849; x_wconf 91' lang='lat' dir='ltr'><strong>les</strong></span> <span class='ocrx_word' id='word_1_494' title='bbox 1953 3796 2085 3866; x_wconf 90' lang='lat' dir='ltr'><strong>plus</strong></span> <span class='ocrx_word' id='word_1_495' title='bbox 2123 3797 2279 3850; x_wconf 78' lang='lat' dir='ltr'><strong>vives</strong></span> <span class='ocrx_word' id='word_1_496' title='bbox 2317 3796 2598 3849; x_wconf 84' lang='lat' dir='ltr'><strong>instances</strong></span> <span class='ocrx_word' id='word_1_497' title='bbox 2637 3810 2722 3847; x_wconf 88' lang='lat' dir='ltr'><strong>ses</strong></span> <span class='ocrx_word' id='word_1_498' title='bbox 2748 3794 2941 3849; x_wconf 79' lang='lat' dir='ltr'><strong>Freres</strong></span> <span class='ocrx_word' id='word_1_499' title='bbox 2979 3793 3121 3848; x_wconf 90' lang='lat' dir='ltr'><strong>dans</strong></span> 
     </span>
     <span class='ocr_line' id='line_1_73' title="bbox 494 3864 3119 3937; baseline -0.001 -15"><span class='ocrx_word' id='word_1_500' title='bbox 494 3871 630 3923; x_wconf 83' lang='lat' dir='ltr'><strong>etc.··</strong></span> <span class='ocrx_word' id='word_1_501' title='bbox 673 3867 934 3922; x_wconf 87' lang='lat' dir='ltr'><strong>Ceterum</strong></span> <span class='ocrx_word' id='word_1_502' title='bbox 961 3884 1106 3935; x_wconf 84' lang='lat' dir='ltr'><strong>quae</strong></span> <span class='ocrx_word' id='word_1_503' title='bbox 1131 3866 1225 3921; x_wconf 90' lang='lat' dir='ltr'><strong>hic</strong></span> <span class='ocrx_word' id='word_1_504' title='bbox 1250 3866 1629 3921; x_wconf 82' lang='lat' dir='ltr'><strong>Bellarminus</strong></span> <span class='ocrx_word' id='word_1_505' title='bbox 1655 3884 1777 3920; x_wconf 87' lang='lat' dir='ltr'><strong>nar·</strong></span> <span class='ocrx_word' id='word_1_506' title='bbox 1834 3866 2196 3937; x_wconf 84' lang='lat' dir='ltr'><strong>l&#39;Episcopat</strong></span> <span class='ocrx_word' id='word_1_507' title='bbox 2218 3870 2253 3921; x_wconf 76' lang='lat' dir='ltr'><strong>a</strong></span> <span class='ocrx_word' id='word_1_508' title='bbox 2277 3867 2315 3921; x_wconf 86' lang='lat' dir='ltr'><strong>l‘</strong></span> <span class='ocrx_word' id='word_1_509' title='bbox 2331 3868 2586 3936; x_wconf 75' lang='lat' dir='ltr'><strong>acceptet</strong></span> <span class='ocrx_word' id='word_1_510' title='bbox 2612 3883 2760 3935; x_wconf 91' lang='lat' dir='ltr'><strong>pour</strong></span> <span class='ocrx_word' id='word_1_511' title='bbox 2782 3864 2987 3918; x_wconf 90' lang='lat' dir='ltr'><strong>l&#39;ensei</strong></span> <span class='ocrx_word' id='word_1_512' title='bbox 3069 3881 3119 3919; x_wconf 91' lang='lat' dir='ltr'><strong>e-</strong></span> 
     </span>
     <span class='ocr_line' id='line_1_74' title="bbox 495 3935 3121 4008; baseline -0 -16"><span class='ocrx_word' id='word_1_513' title='bbox 495 3942 600 4003; x_wconf 88' lang='lat' dir='ltr'><strong>rat,</strong></span> <span class='ocrx_word' id='word_1_514' title='bbox 621 3941 810 3993; x_wconf 83' lang='lat' dir='ltr'><strong>locum</strong></span> <span class='ocrx_word' id='word_1_515' title='bbox 827 3939 1137 4007; x_wconf 88' lang='lat' dir='ltr'><strong>praebuere</strong></span> <span class='ocrx_word' id='word_1_516' title='bbox 1175 3938 1493 4008; x_wconf 82' lang='lat' dir='ltr'><strong>exceptioni</strong></span> <span class='ocrx_word' id='word_1_517' title='bbox 1509 3939 1577 3992; x_wconf 91' lang='lat' dir='ltr'><strong>ad</strong></span> <span class='ocrx_word' id='word_1_518' title='bbox 1588 3955 1778 3992; x_wconf 82' lang='lat' dir='ltr'><strong>versus</strong></span> <span class='ocrx_word' id='word_1_519' title='bbox 1836 3941 1995 3993; x_wconf 90' lang='lat' dir='ltr'><strong>ment</strong></span> <span class='ocrx_word' id='word_1_520' title='bbox 2012 3939 2081 3993; x_wconf 89' lang='lat' dir='ltr'><strong>de</strong></span> <span class='ocrx_word' id='word_1_521' title='bbox 2101 3938 2253 3992; x_wconf 87' lang='lat' dir='ltr'><strong>leurs</strong></span> <span class='ocrx_word' id='word_1_522' title='bbox 2269 3937 2516 4008; x_wconf 72' lang='lat' dir='ltr'><strong>peupleS.</strong></span> <span class='ocrx_word' id='word_1_523' title='bbox 2546 3935 2633 3991; x_wconf 92' lang='lat' dir='ltr'><strong>On</strong></span> <span class='ocrx_word' id='word_1_524' title='bbox 2654 3954 2723 3991; x_wconf 85' lang='lat' dir='ltr'><strong>ne</strong></span> <span class='ocrx_word' id='word_1_525' title='bbox 2740 3936 2955 3991; x_wconf 87' lang='lat' dir='ltr'><strong>saurait</strong></span> <span class='ocrx_word' id='word_1_526' title='bbox 3015 3953 3121 3992; x_wconf 90' lang='lat' dir='ltr'><strong>onc</strong></span> 
     </span>
     <span class='ocr_line' id='line_1_75' title="bbox 494 4006 3119 4079; baseline -0 -15"><span class='ocrx_word' id='word_1_527' title='bbox 494 4011 617 4079; x_wconf 86' lang='lat' dir='ltr'><strong>ejus</strong></span> <span class='ocrx_word' id='word_1_528' title='bbox 654 4009 1157 4076; x_wconf 84' lang='lat' dir='ltr'><strong>beatificationem,</strong></span> <span class='ocrx_word' id='word_1_529' title='bbox 1204 4013 1271 4062; x_wconf 89' lang='lat' dir='ltr'><strong>ut</strong></span> <span class='ocrx_word' id='word_1_530' title='bbox 1309 4010 1495 4077; x_wconf 89' lang='lat' dir='ltr'><strong>liquet</strong></span> <span class='ocrx_word' id='word_1_531' title='bbox 1536 4026 1602 4063; x_wconf 87' lang='lat' dir='ltr'><strong>ex</strong></span> <span class='ocrx_word' id='word_1_532' title='bbox 1644 4012 1776 4064; x_wconf 85' lang='lat' dir='ltr'><strong>voto</strong></span> <span class='ocrx_word' id='word_1_533' title='bbox 1834 4010 2049 4064; x_wconf 89' lang='lat' dir='ltr'><strong>refuser</strong></span> <span class='ocrx_word' id='word_1_534' title='bbox 2073 4013 2105 4064; x_wconf 73' lang='lat' dir='ltr'><strong>a</strong></span> <span class='ocrx_word' id='word_1_535' title='bbox 2131 4027 2191 4064; x_wconf 92' lang='lat' dir='ltr'><strong>ce</strong></span> <span class='ocrx_word' id='word_1_536' title='bbox 2218 4008 2584 4074; x_wconf 72' lang='lat' dir='ltr'><strong>catechistae,</strong></span> <span class='ocrx_word' id='word_1_537' title='bbox 2613 4009 2809 4079; x_wconf 75' lang='lat' dir='ltr'><strong>publie</strong></span> <span class='ocrx_word' id='word_1_538' title='bbox 2834 4006 3119 4063; x_wconf 81' lang='lat' dir='ltr'><strong>officielle·</strong></span> 
     </span>
    </p>
   </div>
   <div class='ocr_carea' id='block_1_17' title="bbox 495 4081 1225 4139">
    <p class='ocr_par' dir='ltr' id='par_1_18' title="bbox 495 4081 1225 4139">
     <span class='ocr_line' id='line_1_76' title="bbox 495 4081 1225 4139; baseline 0.007 -5"><span class='ocrx_word' id='word_1_539' title='bbox 495 4082 645 4136; x_wconf 89' lang='lat' dir='ltr'><strong>card.</strong></span> <span class='ocrx_word' id='word_1_540' title='bbox 677 4081 960 4135; x_wconf 87' lang='lat' dir='ltr'><strong>Passionei</strong></span> <span class='ocrx_word' id='word_1_541' title='bbox 986 4099 1041 4134; x_wconf 90' lang='lat' dir='ltr'><strong>n.</strong></span> <span class='ocrx_word' id='word_1_542' title='bbox 1068 4086 1137 4138; x_wconf 83' lang='lat'><strong>26</strong></span> <span class='ocrx_word' id='word_1_543' title='bbox 1157 4100 1225 4139; x_wconf 88' lang='lat' dir='ltr'><strong>ss.</strong></span> 
     </span>
    </p>
   </div>
   <div class='ocr_carea' id='block_1_18' title="bbox 1838 4079 3119 4150">
    <p class='ocr_par' dir='ltr' id='par_1_19' title="bbox 1838 4079 3119 4150">
     <span class='ocr_line' id='line_1_77' title="bbox 1838 4079 3119 4150; baseline -0.002 -15"><span class='ocrx_word' id='word_1_544' title='bbox 1838 4086 1993 4137; x_wconf 88' lang='lat' dir='ltr'><strong>ment</strong></span> <span class='ocrx_word' id='word_1_545' title='bbox 2017 4081 2155 4134; x_wconf 89' lang='lat' dir='ltr'><strong>dans</strong></span> <span class='ocrx_word' id='word_1_546' title='bbox 2182 4084 2340 4135; x_wconf 88' lang='lat' dir='ltr'><strong>toute</strong></span> <span class='ocrx_word' id='word_1_547' title='bbox 2370 4080 2406 4133; x_wconf 91' lang='lat' dir='ltr'><strong>l&#39;</strong></span> <span class='ocrx_word' id='word_1_548' title='bbox 2422 4079 2613 4150; x_wconf 88' lang='lat' dir='ltr'><strong>Eglise</strong></span> <span class='ocrx_word' id='word_1_549' title='bbox 2639 4083 2698 4134; x_wconf 91' lang='lat' dir='ltr'><strong>et</strong></span> <span class='ocrx_word' id='word_1_550' title='bbox 2720 4079 2980 4150; x_wconf 79' lang='lat' dir='ltr'><strong>repandu</strong></span> <span class='ocrx_word' id='word_1_551' title='bbox 3007 4096 3119 4133; x_wconf 87' lang='lat' dir='ltr'><strong>mo·</strong></span> 
     </span>
    </p>
   </div>
   <div class='ocr_carea' id='block_1_19' title="bbox 494 4150 3119 4292">
    <p class='ocr_par' dir='ltr' id='par_1_20' title="bbox 494 4150 3119 4292">
     <span class='ocr_line' id='line_1_78' title="bbox 569 4150 3119 4224; baseline -0.001 -18"><span class='ocrx_word' id='word_1_552' title='bbox 569 4157 609 4224; x_wconf 72' lang='grc'><strong>2)</strong></span> <span class='ocrx_word' id='word_1_553' title='bbox 636 4152 717 4207; x_wconf 91' lang='lat' dir='ltr'><strong>De</strong></span> <span class='ocrx_word' id='word_1_554' title='bbox 752 4152 1028 4221; x_wconf 88' lang='lat' dir='ltr'><strong>partibus,</strong></span> <span class='ocrx_word' id='word_1_555' title='bbox 1070 4170 1210 4221; x_wconf 86' lang='lat' dir='ltr'><strong>quas</strong></span> <span class='ocrx_word' id='word_1_556' title='bbox 1245 4153 1306 4205; x_wconf 91' lang='lat' dir='ltr'><strong>in</strong></span> <span class='ocrx_word' id='word_1_557' title='bbox 1330 4152 1436 4205; x_wconf 92' lang='lat' dir='ltr'><strong>hoc</strong></span> <span class='ocrx_word' id='word_1_558' title='bbox 1469 4151 1657 4206; x_wconf 89' lang='lat' dir='ltr'><strong>labore</strong></span> <span class='ocrx_word' id='word_1_559' title='bbox 1684 4151 1778 4205; x_wconf 88' lang='lat' dir='ltr'><strong>ha·</strong></span> <span class='ocrx_word' id='word_1_560' title='bbox 1834 4152 2108 4206; x_wconf 88' lang='lat' dir='ltr'><strong>ralement</strong></span> <span class='ocrx_word' id='word_1_561' title='bbox 2134 4153 2364 4221; x_wconf 87' lang='lat' dir='ltr'><strong>parlant</strong></span> <span class='ocrx_word' id='word_1_562' title='bbox 2388 4151 2530 4205; x_wconf 87' lang='lat' dir='ltr'><strong>dans</strong></span> <span class='ocrx_word' id='word_1_563' title='bbox 2568 4151 2621 4205; x_wconf 90' lang='lat' dir='ltr'><strong>le</strong></span> <span class='ocrx_word' id='word_1_564' title='bbox 2649 4152 2852 4205; x_wconf 85' lang='lat' dir='ltr'><strong>monde</strong></span> <span class='ocrx_word' id='word_1_565' title='bbox 2889 4150 3119 4206; x_wconf 87' lang='lat' dir='ltr'><strong>catholi-</strong></span> 
     </span>
     <span class='ocr_line' id='line_1_79' title="bbox 494 4222 3118 4292; baseline 0 -17"><span class='ocrx_word' id='word_1_566' title='bbox 494 4223 623 4278; x_wconf 88' lang='lat' dir='ltr'><strong>buit</strong></span> <span class='ocrx_word' id='word_1_567' title='bbox 643 4222 1019 4279; x_wconf 83' lang='lat' dir='ltr'><strong>Bellarminus</strong></span> <span class='ocrx_word' id='word_1_568' title='bbox 1059 4224 1128 4278; x_wconf 85' lang='lat' dir='ltr'><strong>cf.</strong></span> <span class='ocrx_word' id='word_1_569' title='bbox 1155 4223 1522 4278; x_wconf 85' lang='lat' dir='ltr'><strong>Petrasancta</strong></span> <span class='ocrx_word' id='word_1_570' title='bbox 1558 4222 1618 4275; x_wconf 90' lang='lat' dir='ltr'><strong>in</strong></span> <span class='ocrx_word' id='word_1_571' title='bbox 1656 4222 1779 4276; x_wconf 80' lang='lat' dir='ltr'><strong>vita</strong></span> <span class='ocrx_word' id='word_1_572' title='bbox 1836 4240 1947 4291; x_wconf 88' lang='lat' dir='ltr'><strong>que</strong></span> <span class='ocrx_word' id='word_1_573' title='bbox 1972 4225 2100 4277; x_wconf 90' lang='lat' dir='ltr'><strong>tout</strong></span> <span class='ocrx_word' id='word_1_574' title='bbox 2137 4223 2333 4289; x_wconf 89' lang='lat' dir='ltr'><strong>entier,</strong></span> <span class='ocrx_word' id='word_1_575' title='bbox 2373 4238 2587 4277; x_wconf 90' lang='lat' dir='ltr'><strong>comme</strong></span> <span class='ocrx_word' id='word_1_576' title='bbox 2614 4222 2667 4276; x_wconf 92' lang='lat' dir='ltr'><strong>le</strong></span> <span class='ocrx_word' id='word_1_577' title='bbox 2707 4225 2994 4292; x_wconf 81' lang='lat' dir='ltr'><strong>prouvent</strong></span> <span class='ocrx_word' id='word_1_578' title='bbox 3032 4238 3118 4275; x_wconf 88' lang='lat' dir='ltr'><strong>ses</strong></span> 
     </span>
    </p>
   </div>
   <div class='ocr_carea' id='block_1_20' title="bbox 492 4293 1777 4862">
    <p class='ocr_par' dir='ltr' id='par_1_21' title="bbox 495 4293 1777 4363">
     <span class='ocr_line' id='line_1_80' title="bbox 495 4293 1777 4363; baseline -0.003 -12"><span class='ocrx_word' id='word_1_579' title='bbox 495 4300 544 4351; x_wconf 92' lang='lat'><strong>1.</strong></span> <span class='ocrx_word' id='word_1_580' title='bbox 571 4300 622 4352; x_wconf 91' lang='grc'><strong>2.</strong></span> <span class='ocrx_word' id='word_1_581' title='bbox 648 4313 691 4350; x_wconf 93' lang='lat' dir='ltr'><strong>c.</strong></span> <span class='ocrx_word' id='word_1_582' title='bbox 720 4300 780 4356; x_wconf 77' lang='lat'><strong>9:</strong></span> <span class='ocrx_word' id='word_1_583' title='bbox 826 4293 1116 4363; x_wconf 89' lang='lat' dir='ltr'><strong>Ungarelli</strong></span> <span class='ocrx_word' id='word_1_584' title='bbox 1142 4295 1209 4349; x_wconf 90' lang='lat' dir='ltr'><strong>de</strong></span> <span class='ocrx_word' id='word_1_585' title='bbox 1250 4293 1620 4362; x_wconf 86' lang='lat' dir='ltr'><strong>castigatione</strong></span> <span class='ocrx_word' id='word_1_586' title='bbox 1657 4294 1777 4347; x_wconf 88' lang='lat' dir='ltr'><strong>vul-</strong></span> 
     </span>
    </p>

    <p class='ocr_par' dir='ltr' id='par_1_22' title="bbox 492 4365 1777 4862">
     <span class='ocr_line' id='line_1_81' title="bbox 535 4365 1777 4434; baseline -0.002 -15"><span class='ocrx_word' id='word_1_587' title='bbox 535 4368 660 4421; x_wconf 87' lang='lat' dir='ltr'><strong>atae</strong></span> <span class='ocrx_word' id='word_1_588' title='bbox 701 4365 1005 4420; x_wconf 87' lang='lat' dir='ltr'><strong>bibliorum</strong></span> <span class='ocrx_word' id='word_1_589' title='bbox 1047 4365 1313 4420; x_wconf 83' lang='lat' dir='ltr'><strong>editionis</strong></span> <span class='ocrx_word' id='word_1_590' title='bbox 1353 4366 1580 4434; x_wconf 90' lang='lat' dir='ltr'><strong>peracta</strong></span> <span class='ocrx_word' id='word_1_591' title='bbox 1617 4366 1777 4434; x_wconf 83' lang='lat' dir='ltr'><strong>jussu</strong></span> 
     </span>
     <span class='ocr_line' id='line_1_82' title="bbox 493 4385 1774 4507; baseline -0.002 -17"><span class='ocrx_word' id='word_1_592' title='bbox 493 4385 657 4492; x_wconf 54' lang='lat' dir='ltr'><strong>gone.</strong></span> <span class='ocrx_word' id='word_1_593' title='bbox 685 4437 817 4491; x_wconf 87' lang='lat' dir='ltr'><strong>trid.</strong></span> <span class='ocrx_word' id='word_1_594' title='bbox 845 4445 872 4503; x_wconf 68' lang='lat' dir='ltr'><strong>s</strong></span> <span class='ocrx_word' id='word_1_595' title='bbox 898 4441 968 4492; x_wconf 89' lang='grc'><strong>10</strong></span> <span class='ocrx_word' id='word_1_596' title='bbox 993 4454 1092 4507; x_wconf 88' lang='lat' dir='ltr'><strong>ss.;</strong></span> <span class='ocrx_word' id='word_1_597' title='bbox 1120 4436 1195 4490; x_wconf 93' lang='lat' dir='ltr'><strong>Le</strong></span> <span class='ocrx_word' id='word_1_598' title='bbox 1221 4437 1380 4506; x_wconf 90' lang='lat' dir='ltr'><strong>Long</strong></span> <span class='ocrx_word' id='word_1_599' title='bbox 1404 4435 1548 4490; x_wconf 92' lang='lat' dir='ltr'><strong>Bibl.</strong></span> <span class='ocrx_word' id='word_1_600' title='bbox 1575 4454 1616 4488; x_wconf 88' lang='lat' dir='ltr'><strong>s.</strong></span> <span class='ocrx_word' id='word_1_601' title='bbox 1644 4453 1699 4504; x_wconf 87' lang='lat' dir='ltr'><strong>p.</strong></span> <span class='ocrx_word' id='word_1_602' title='bbox 1727 4440 1774 4492; x_wconf 85' lang='lat'><strong>1.</strong></span> 
     </span>
     <span class='ocr_line' id='line_1_83' title="bbox 495 4507 1776 4579; baseline -0.002 -18"><span class='ocrx_word' id='word_1_603' title='bbox 495 4525 538 4561; x_wconf 92' lang='lat' dir='ltr'><strong>c.</strong></span> <span class='ocrx_word' id='word_1_604' title='bbox 563 4513 614 4566; x_wconf 84' lang='lat'><strong>4.</strong></span> <span class='ocrx_word' id='word_1_605' title='bbox 644 4526 772 4579; x_wconf 85' lang='lat' dir='ltr'><strong>pag.</strong></span> <span class='ocrx_word' id='word_1_606' title='bbox 793 4513 916 4566; x_wconf 83' lang='grc'><strong>248.</strong></span> <span class='ocrx_word' id='word_1_607' title='bbox 945 4507 1225 4561; x_wconf 85' lang='lat' dir='ltr'><strong>Praefatio</strong></span> <span class='ocrx_word' id='word_1_608' title='bbox 1246 4507 1513 4561; x_wconf 81' lang='lat' dir='ltr'><strong>editionis</strong></span> <span class='ocrx_word' id='word_1_609' title='bbox 1539 4507 1776 4560; x_wconf 90' lang='lat' dir='ltr'><strong>clemen-</strong></span> 
     </span>
     <span class='ocr_line' id='line_1_84' title="bbox 495 4578 1776 4648; baseline 0 -16"><span class='ocrx_word' id='word_1_610' title='bbox 495 4580 651 4634; x_wconf 85' lang='lat' dir='ltr'><strong>tinae</strong></span> <span class='ocrx_word' id='word_1_611' title='bbox 679 4582 765 4635; x_wconf 88' lang='lat' dir='ltr'><strong>eet</strong></span> <span class='ocrx_word' id='word_1_612' title='bbox 790 4578 1120 4633; x_wconf 81' lang='lat' dir='ltr'><strong>Bellarmini</strong></span> <span class='ocrx_word' id='word_1_613' title='bbox 1145 4579 1268 4648; x_wconf 91' lang='lat' dir='ltr'><strong>ipso</strong></span> <span class='ocrx_word' id='word_1_614' title='bbox 1295 4581 1438 4632; x_wconf 85' lang='lat' dir='ltr'><strong>teste</strong></span> <span class='ocrx_word' id='word_1_615' title='bbox 1463 4578 1526 4630; x_wconf 89' lang='lat' dir='ltr'><strong>in</strong></span> <span class='ocrx_word' id='word_1_616' title='bbox 1551 4594 1655 4631; x_wconf 85' lang='lat' dir='ltr'><strong>sua</strong></span> <span class='ocrx_word' id='word_1_617' title='bbox 1681 4596 1776 4632; x_wconf 90' lang='lat' dir='ltr'><strong>au·</strong></span> 
     </span>
     <span class='ocr_line' id='line_1_85' title="bbox 493 4648 1777 4721; baseline -0.002 -15"><span class='ocrx_word' id='word_1_618' title='bbox 493 4651 917 4721; x_wconf 81' lang='lat' dir='ltr'><strong>tobiographia:</strong></span> <span class='ocrx_word' id='word_1_619' title='bbox 944 4650 992 4703; x_wconf 91' lang='lat' dir='ltr'><strong>G</strong></span> <span class='ocrx_word' id='word_1_620' title='bbox 1010 4650 1047 4702; x_wconf 93' lang='lat' dir='ltr'><strong>h</strong></span> <span class='ocrx_word' id='word_1_621' title='bbox 1065 4649 1085 4702; x_wconf 92' lang='lat' dir='ltr'><strong>i</strong></span> <span class='ocrx_word' id='word_1_622' title='bbox 1100 4650 1159 4702; x_wconf 92' lang='lat' dir='ltr'><strong>sl</strong></span> <span class='ocrx_word' id='word_1_623' title='bbox 1175 4649 1279 4704; x_wconf 89' lang='lat' dir='ltr'><strong>eri</strong></span> <span class='ocrx_word' id='word_1_624' title='bbox 1305 4666 1437 4704; x_wconf 82' lang='lat' dir='ltr'><strong>vero</strong></span> <span class='ocrx_word' id='word_1_625' title='bbox 1457 4648 1646 4714; x_wconf 86' lang='lat' dir='ltr'><strong>refert,</strong></span> <span class='ocrx_word' id='word_1_626' title='bbox 1666 4649 1777 4703; x_wconf 84' lang='lat' dir='ltr'><strong>&#39;ro-</strong></span> 
     </span>
     <span class='ocr_line' id='line_1_86' title="bbox 492 4720 1776 4791; baseline -0.001 -17"><span class='ocrx_word' id='word_1_627' title='bbox 492 4720 728 4777; x_wconf 90' lang='lat' dir='ltr'><strong>letum</strong></span> <span class='ocrx_word' id='word_1_628' title='bbox 768 4738 995 4791; x_wconf 89' lang='lat' dir='ltr'><strong>quoque</strong></span> <span class='ocrx_word' id='word_1_629' title='bbox 1035 4721 1095 4774; x_wconf 89' lang='lat' dir='ltr'><strong>in</strong></span> <span class='ocrx_word' id='word_1_630' title='bbox 1137 4738 1203 4776; x_wconf 89' lang='lat' dir='ltr'><strong>ea</strong></span> <span class='ocrx_word' id='word_1_631' title='bbox 1242 4720 1644 4775; x_wconf 86' lang='lat' dir='ltr'><strong>conscribenda</strong></span> <span class='ocrx_word' id='word_1_632' title='bbox 1681 4721 1776 4773; x_wconf 90' lang='lat' dir='ltr'><strong>ha-</strong></span> 
     </span>
     <span class='ocr_line' id='line_1_87' title="bbox 496 4792 946 4862; baseline 0.007 -16"><span class='ocrx_word' id='word_1_633' title='bbox 496 4792 679 4847; x_wconf 86' lang='lat' dir='ltr'><strong>buisse</strong></span> <span class='ocrx_word' id='word_1_634' title='bbox 708 4795 946 4862; x_wconf 85' lang='lat' dir='ltr'><strong>partem.</strong></span> 
     </span>
    </p>
   </div>
   <div class='ocr_carea' id='block_1_21' title="bbox 1833 4293 3118 4789">
    <p class='ocr_par' dir='ltr' id='par_1_23' title="bbox 1833 4293 3118 4789">
     <span class='ocr_line' id='line_1_88' title="bbox 1836 4293 3117 4363; baseline -0.002 -16"><span class='ocrx_word' id='word_1_635' title='bbox 1836 4294 2076 4349; x_wconf 78' lang='lat' dir='ltr'><strong>editions</strong></span> <span class='ocrx_word' id='word_1_636' title='bbox 2109 4293 2429 4359; x_wconf 87' lang='lat' dir='ltr'><strong>italiennes,</strong></span> <span class='ocrx_word' id='word_1_637' title='bbox 2465 4293 2770 4363; x_wconf 73' lang='lat' dir='ltr'><strong>francaises</strong></span> <span class='ocrx_word' id='word_1_638' title='bbox 2796 4296 2919 4358; x_wconf 87' lang='lat' dir='ltr'><strong>etc.,</strong></span> <span class='ocrx_word' id='word_1_639' title='bbox 2946 4309 3021 4347; x_wconf 90' lang='lat' dir='ltr'><strong>on</strong></span> <span class='ocrx_word' id='word_1_640' title='bbox 3047 4308 3117 4345; x_wconf 90' lang='lat' dir='ltr'><strong>ne</strong></span> 
     </span>
     <span class='ocr_line' id='line_1_89' title="bbox 1835 4362 3118 4430; baseline -0.003 -11"><span class='ocrx_word' id='word_1_641' title='bbox 1835 4366 2052 4419; x_wconf 87' lang='lat' dir='ltr'><strong>saurait</strong></span> <span class='ocrx_word' id='word_1_642' title='bbox 2073 4365 2158 4418; x_wconf 90' lang='lat' dir='ltr'><strong>lui</strong></span> <span class='ocrx_word' id='word_1_643' title='bbox 2185 4365 2416 4430; x_wconf 86' lang='lat' dir='ltr'><strong>refuser,</strong></span> <span class='ocrx_word' id='word_1_644' title='bbox 2442 4363 2812 4428; x_wconf 68' lang='lat' dir='ltr'><strong>dinone-nous,</strong></span> <span class='ocrx_word' id='word_1_645' title='bbox 2840 4363 2899 4416; x_wconf 90' lang='lat' dir='ltr'><strong>la</strong></span> <span class='ocrx_word' id='word_1_646' title='bbox 2925 4362 3118 4417; x_wconf 86' lang='lat' dir='ltr'><strong>valeur</strong></span> 
     </span>
     <span class='ocr_line' id='line_1_90' title="bbox 1834 4432 3116 4501; baseline -0.002 -11"><span class='ocrx_word' id='word_1_647' title='bbox 1834 4437 1889 4490; x_wconf 91' lang='lat' dir='ltr'><strong>d&#39;</strong></span> <span class='ocrx_word' id='word_1_648' title='bbox 1906 4454 1984 4490; x_wconf 91' lang='lat' dir='ltr'><strong>un</strong></span> <span class='ocrx_word' id='word_1_649' title='bbox 2011 4436 2317 4490; x_wconf 89' lang='lat' dir='ltr'><strong>document</strong></span> <span class='ocrx_word' id='word_1_650' title='bbox 2352 4433 2760 4490; x_wconf 85' lang='lat' dir='ltr'><strong>incontestable</strong></span> <span class='ocrx_word' id='word_1_651' title='bbox 2787 4434 2854 4488; x_wconf 90' lang='lat' dir='ltr'><strong>de</strong></span> <span class='ocrx_word' id='word_1_652' title='bbox 2880 4432 2939 4487; x_wconf 85' lang='lat' dir='ltr'><strong>la</strong></span> <span class='ocrx_word' id='word_1_653' title='bbox 2962 4450 3116 4501; x_wconf 79' lang='lat' dir='ltr'><strong>croy-</strong></span> 
     </span>
     <span class='ocr_line' id='line_1_91' title="bbox 1833 4504 3116 4575; baseline -0.003 -14"><span class='ocrx_word' id='word_1_654' title='bbox 1833 4523 1971 4561; x_wconf 88' lang='lat' dir='ltr'><strong>ance</strong></span> <span class='ocrx_word' id='word_1_655' title='bbox 1992 4508 2061 4560; x_wconf 89' lang='lat' dir='ltr'><strong>de</strong></span> <span class='ocrx_word' id='word_1_656' title='bbox 2077 4506 2355 4575; x_wconf 79' lang='lat' dir='ltr'><strong>l&#39;Eglise.“</strong></span> <span class='ocrx_word' id='word_1_657' title='bbox 2386 4507 2451 4559; x_wconf 90' lang='lat' dir='ltr'><strong>In</strong></span> <span class='ocrx_word' id='word_1_658' title='bbox 2470 4506 2629 4561; x_wconf 88' lang='lat' dir='ltr'><strong>illius</strong></span> <span class='ocrx_word' id='word_1_659' title='bbox 2649 4505 2877 4558; x_wconf 87' lang='lat' dir='ltr'><strong>laudem</strong></span> <span class='ocrx_word' id='word_1_660' title='bbox 2897 4507 2955 4558; x_wconf 87' lang='lat' dir='ltr'><strong>et</strong></span> <span class='ocrx_word' id='word_1_661' title='bbox 2970 4504 3116 4558; x_wconf 86' lang='lat' dir='ltr'><strong>illud</strong></span> 
     </span>
     <span class='ocr_line' id='line_1_92' title="bbox 1834 4575 3116 4647; baseline -0.002 -15"><span class='ocrx_word' id='word_1_662' title='bbox 1834 4579 1995 4641; x_wconf 87' lang='lat' dir='ltr'><strong>cedit,</strong></span> <span class='ocrx_word' id='word_1_663' title='bbox 2022 4597 2152 4632; x_wconf 90' lang='lat' dir='ltr'><strong>eum</strong></span> <span class='ocrx_word' id='word_1_664' title='bbox 2173 4578 2468 4647; x_wconf 78' lang='lat' dir='ltr'><strong>archetypi</strong></span> <span class='ocrx_word' id='word_1_665' title='bbox 2482 4578 2662 4631; x_wconf 83' lang='lat' dir='ltr'><strong>instar</strong></span> <span class='ocrx_word' id='word_1_666' title='bbox 2688 4575 3116 4646; x_wconf 82' lang='lat' dir='ltr'><strong>praeluxisseiis</strong></span> 
     </span>
     <span class='ocr_line' id='line_1_93' title="bbox 1834 4646 3114 4719; baseline -0.002 -17"><span class='ocrx_word' id='word_1_667' title='bbox 1834 4649 2133 4719; x_wconf 84' lang='lat' dir='ltr'><strong>theologis,</strong></span> <span class='ocrx_word' id='word_1_668' title='bbox 2176 4649 2277 4717; x_wconf 93' lang='lat' dir='ltr'><strong>qui</strong></span> <span class='ocrx_word' id='word_1_669' title='bbox 2303 4649 2529 4702; x_wconf 86' lang='lat' dir='ltr'><strong>schema</strong></span> <span class='ocrx_word' id='word_1_670' title='bbox 2555 4647 2690 4703; x_wconf 80' lang='lat' dir='ltr'><strong>novi</strong></span> <span class='ocrx_word' id='word_1_671' title='bbox 2714 4646 3055 4701; x_wconf 85' lang='lat' dir='ltr'><strong>Catechismi</strong></span> <span class='ocrx_word' id='word_1_672' title='bbox 3080 4663 3114 4699; x_wconf 88' lang='lat' dir='ltr'><strong>a</strong></span> 
     </span>
     <span class='ocr_line' id='line_1_94' title="bbox 1833 4718 3112 4789; baseline -0.003 -14"><span class='ocrx_word' id='word_1_673' title='bbox 1833 4737 1987 4776; x_wconf 87' lang='lat' dir='ltr'><strong>conc.</strong></span> <span class='ocrx_word' id='word_1_674' title='bbox 2026 4720 2289 4774; x_wconf 80' lang='lat' dir='ltr'><strong>vaticano</strong></span> <span class='ocrx_word' id='word_1_675' title='bbox 2332 4718 2687 4789; x_wconf 87' lang='lat' dir='ltr'><strong>approbandi</strong></span> <span class='ocrx_word' id='word_1_676' title='bbox 2730 4718 3112 4772; x_wconf 88' lang='lat' dir='ltr'><strong>elaborarunt.</strong></span> 
     </span>
    </p>
   </div>
   <div class='ocr_carea' id='block_1_22' title="bbox 1834 4790 2868 4857">
    <p class='ocr_par' dir='ltr' id='par_1_24' title="bbox 1834 4790 2868 4857">
     <span class='ocr_line' id='line_1_95' title="bbox 1834 4790 2868 4857; baseline -0.003 -12"><span class='ocrx_word' id='word_1_677' title='bbox 1834 4790 1916 4845; x_wconf 82' lang='lat' dir='ltr'><strong>cf.</strong></span> <span class='ocrx_word' id='word_1_678' title='bbox 1945 4791 2083 4845; x_wconf 86' lang='lat' dir='ltr'><strong>Coll.</strong></span> <span class='ocrx_word' id='word_1_679' title='bbox 2110 4807 2264 4846; x_wconf 87' lang='lat' dir='ltr'><strong>conc.</strong></span> <span class='ocrx_word' id='word_1_680' title='bbox 2290 4790 2394 4844; x_wconf 87' lang='lat' dir='ltr'><strong>lac.</strong></span> <span class='ocrx_word' id='word_1_681' title='bbox 2421 4790 2543 4857; x_wconf 86' lang='lat' dir='ltr'><strong>VII,</strong></span> <span class='ocrx_word' id='word_1_682' title='bbox 2570 4794 2868 4847; x_wconf 87' lang='lat'><strong>663—666.</strong></span> 
     </span>
    </p>
   </div>
  </div>
 </body>
</html>
