3625 5193
609 205 727 259 755
913 192 1284 245 1621—1640.
1311 186 1616 257 Theologia
1641 185 1756 256 pol.
1779 186 1840 239 in
1870 185 2104 240 Polonia
2129 187 2187 239 et
2212 184 2521 256 Hungaria.
2548 186 2601 241 S.
2626 186 2922 256 Josaphat,
3093 207 3217 260 756

601 375 800 433 nitatis
830 375 886 431 h.
907 394 954 435 e.
987 373 1253 432 duellum
1286 392 1393 432 seu
1421 374 1780 433 concertatio
1812 391 1881 432 ex
1940 372 2158 448 scripta
2213 389 2319 447 pro
2380 372 2606 431 tuenda
2665 374 2885 432 unione
2942 374 3225 434 adversus

602 463 816 522 divinis
850 462 1190 538 ScripturiS,
1224 481 1298 521 ss.
1321 466 1558 538 patrum
1586 467 1649 523 et
1678 463 1881 521 docto·
1940 461 2357 531 schismaticos,
2405 480 2555 536 quae
2601 466 2799 523 tamen
2832 460 3221 543 perierunt1).

602 572 726 611 rum
761 551 1133 621 testimoniis,
1169 569 1244 610 ss.
1277 551 1658 611 conciliorum
1678 551 1882 610 decre-

599 643 694 710 tis,
747 660 890 700 rom.
936 639 1287 716 pontificum
1335 639 1880 716 approbationibuS‚

601 730 1052 790 christianorum
1104 730 1530 804 imperatorum
1587 729 1798 788 edictis
1850 749 1885 787 a
1939 728 2044 803 qui
2075 746 2234 787 unus
2279 729 2469 786 instar
2498 728 2826 788 multorum
2856 734 2963 799 est,
3011 731 3224 790 Petrus

598 819 968 896 temporibus
1000 836 1076 877 ss.
1110 818 1509 894 apostolorum
1553 819 1618 877 in
1652 829 1689 880 4
1723 822 1882 876 aeta-
1940 814 2286 892 Pazmany
2307 817 2431 876 S.J.
2447 817 2867 888 waradiensis,
2884 820 3036 878 alter
3050 819 3219 878 Hun-

598 910 761 968 tibus
793 908 1059 967 centenis
1109 907 1361 966 deducta
1407 908 1774 967 successione
1807 905 1883 965 ad
1938 907 2136 982 gariae
2151 906 2451 981 apostolus
2470 903 2551 987 (n.
2571 903 3000 989 4.Oct.1570).
3023 908 3223 983 Usque

597 1020 646 1057 a.
679 998 808 1057 Chr.
844 1008 997 1067 400,
1046 999 1170 1054 tres
1215 1015 1494 1072 personas
1542 998 1776 1054 Patrem
1822 1000 1883 1054 et
1938 996 2082 1057 ada.
2108 1004 2197 1057 13.
2218 994 2281 1053 in
2294 994 2519 1054 Calvini
2549 998 2710 1054 secta
2726 997 3003 1067 adolevit,
3027 997 3224 1056 sedad

599 1087 816 1145 Filium
848 1089 909 1143 et
942 1085 1228 1160 Spiritum
1250 1104 1295 1144 s.
1329 1104 1456 1144 esse
1490 1104 1678 1144 unum
1693 1085 1883 1144 Deum
1938 1085 2113 1144 fidem
2145 1102 2465 1143 conversus
2505 1093 2669 1147 1582
2717 1088 2853 1161 post
2884 1105 2931 1144 a.
2965 1090 3225 1161 quatuor

600 1177 663 1234 in
697 1174 981 1234 uniformi
1012 1193 1078 1233 ac
1098 1178 1385 1250 perpetuo
1418 1192 1706 1234 consensu
1728 1175 1880 1233 veri·
1940 1175 2279 1232 societatem
2310 1172 2460 1232 Jesu
2489 1176 2580 1232 est
2610 1174 2936 1252 ingressus.
2982 1175 3224 1233 Romam

600 1265 745 1324 tatis
776 1267 1017 1322 strenue
1035 1263 1355 1323 defendens
1373 1264 1659 1322 adversus
1679 1281 1883 1322 omnes
1939 1263 2152 1322 missus
2200 1261 2263 1319 in
2309 1262 2605 1339 theologia
2648 1264 2965 1340 magistros
3015 1264 3225 1322 habuit

597 1353 1026 1412 haereticorum
1064 1371 1355 1412 novorum
1386 1352 1743 1411 Arianorum
1775 1352 1882 1410 ob·
1938 1351 2367 1410 Bellarminum
2387 1356 2569 1425 atque
2590 1352 2867 1426 Vasquez,
2899 1355 3226 1427 tantosque

589 1442 898 1519 jectiones,
933 1460 1081 1517 quas
1111 1442 1185 1499 ab
1204 1442 1348 1500 Ario
1379 1445 1439 1500 et
1458 1441 1724 1516 antiquis
1746 1441 1879 1498 Ari·
1938 1440 2077 1499 fecit
2122 1440 2184 1498 in
2230 1440 2421 1498 lite-:is
2466 1459 2835 1517 progressus,
2883 1443 2954 1499 ut
2986 1442 3049 1500 in
3093 1459 3223 1500 aca-

598 1531 723 1589 anis
774 1529 965 1589 solum
1015 1531 1247 1588 Patrem
1301 1531 1486 1589 Deum
1545 1531 1881 1588 naturalem
1938 1528 2130 1588 demin
2175 1530 2481 1605 graecensi
2532 1548 2765 1588 summa
2819 1549 2954 1589 cum
3008 1550 3224 1606 appro-

597 1619 745 1677 falso
776 1620 1194 1688 asserentibuS‚
1236 1619 1455 1678 Filium
1487 1619 1879 1677 consubstan-
1937 1619 2178 1677 batione
2239 1618 2678 1693 philosophiam
2739 1637 2803 1676 ac
2865 1619 3223 1695 theologiam

597 1707 933 1776 tialitateet
959 1708 1249 1783 Spiritum
1269 1726 1313 1765 a.
1333 1708 1566 1767 Deitate
1593 1707 1881 1783 privando
1937 1707 2219 1767 docuerit.
2267 1707 2400 1765 Zelo
2433 1711 2635 1766 tamen
2668 1708 2999 1766 animarum
3029 1715 3091 1767 et
3122 1728 3223 1783 pa·

597 1798 936 1873 depromere
985 1798 1202 1867 solent,
1257 1797 1553 1873 simulque
1598 1797 1881 1856 adversus
1935 1797 2085 1855 triae
2109 1796 2409 1871 juvandae
2441 1796 2739 1871 impulsus
2780 1796 2866 1854 ita
2895 1815 2957 1855 se
2989 1796 3222 1855 missio·

597 1886 1101 1944 schismaticorum
1128 1886 1535 1945 Ruthenorum
1563 1905 1879 1962 argumen·
1937 1885 2115 1943 nibus
2146 1885 2460 1961 impendit,
2506 1888 2578 1943 ut
2609 1885 2886 1944 eximiam
2930 1904 3070 1944 suae
3103 1887 3223 1945 vir-

595 1979 673 2046 ta,
708 1993 861 2048 quae
893 1994 926 2032 a
956 1975 1342 2033 schismaticis
1387 1993 1622 2051 quoque
1653 1973 1879 2052 graecis
1936 1975 2088 2033 tutis
2149 1977 2210 2032 et
2282 1973 2585 2033 doctrinae
2657 1974 3223 2033 commendationem

2032 647 2176 702 317.
2210 639 2479 714 Denique
2502 639 2742 698 refulsit
2772 641 2833 698 in
2854 641 3226 718 Hungaria

598 2063 989 2134 desumenteS,
1041 2063 1330 2140 Spiritum
1373 2083 1418 2122 s.
1464 2083 1531 2122 ex
1578 2065 1708 2139 ipso
1755 2065 1881 2122 solo
1937 2062 2095 2140 apud
2140 2081 2344 2122 omnes
2391 2063 2648 2137 quidem,
2700 2065 2764 2121 in
2812 2063 3016 2140 primis
3063 2065 3220 2138 apud

597 2154 769 2211 Patre
789 2152 1102 2228 procedere
1120 2153 1336 2211 Filium
1357 2152 1720 2211 excludendo
1745 2172 1875 2228 per·
1938 2152 2138 2213 Franc.
2189 2151 2545 2224 cardinalem
2594 2152 2974 2229 Forgaczium
3031 2153 3221 2211 archi-

596 2242 873 2300 tinaciter
914 2241 1231 2311 affirmant,
1279 2243 1584 2301 cracoviae
1628 2252 1788 2305 1616
1824 2261 1877 2299 v.

598 2340 634 2394 3
670 2331 734 2388 in
764 2331 802 2389 f.
852 2365 937 2374 —
981 2331 1261 2389 Memoria
1307 2332 1487 2389 etiam
1532 2331 1750 2408 dignus
1786 2336 1879 2390 est

596 2438 640 2482 s,
674 2419 712 2478 J
727 2439 760 2477 o
780 2420 1057 2495 saphat
1087 2420 1501 2479 Kunzewitsch
1535 2420 1599 2479 Ο.
1634 2420 1687 2477 S.
1721 2422 1875 2490 Bas,

594 2527 727 2567 cum
761 2507 935 2566 fidem
975 2509 1322 2567 catholicam
1355 2528 1474 2567 non
1516 2510 1710 2568 solum
1740 2528 1876 2584 pro-

593 2598 947 2675 pugnaverit
991 2599 1262 2673 scriptiS,
1316 2598 1419 2656 sed
1469 2603 1531 2657 et
1583 2599 1879 2674 sanguine

594 2687 981 2746 confirmavit.
1030 2687 1222 2746 Natus
1269 2690 1360 2744 est
1396 2686 1772 2747 Vladimiriae
1812 2689 1875 2746 in

593 2774 869 2835 Volhinia
907 2785 1091 2838 1580.
1125 2776 1347 2834 Relicta
1378 2781 1725 2847 mercatura,
1780 2776 1876 2835 cui

591 2886 625 2920 a
659 2863 1005 2938 parentibus
1036 2863 1229 2922 fuerat
1258 2863 1611 2936 destinatus,
1647 2865 1873 2942 ingres-

593 2970 693 3011 sus
726 2956 816 3010 est
857 2961 1018 3015 1604
1050 2952 1316 3012 ordinem
1349 2971 1391 3011 s.
1419 2954 1639 3023 Basilii,
1671 2955 1875 3030 inquo

590 3040 1018 3118 rigidissimam
1048 3041 1222 3100 duxit
1240 3042 1423 3101 vitam
1455 3044 1733 3118 omnique
1754 3044 1873 3102 vir-

590 3130 711 3188 tuti
742 3130 1018 3189 deditam.
1068 3130 1197 3189 Etsi
1222 3131 1429 3207 junior
1460 3132 1699 3209 Bytenii
1746 3151 1872 3191 mo·

589 3220 850 3278 nasterio
871 3220 1199 3295 praefectus
1232 3223 1341 3290 est,
1378 3240 1509 3280 mox
1536 3221 1730 3281 factus
1761 3221 1872 3279 vil-

588 3309 786 3367 nensis
821 3309 1296 3377 archimandrita,
1334 3329 1400 3368 ac
1422 3310 1660 3369 demum
1680 3311 1872 3369 archi-

588 3398 899 3474 episcopus
948 3398 1277 3472 polocensis
1330 3399 1559 3459 invitus
1610 3398 1869 3474 quidem,

588 3487 691 3546 sed
721 3487 1027 3546 catholicis
1059 3487 1459 3563 gestientibus
1504 3488 1621 3547 fuit
1650 3507 1870 3546 renun-

587 3577 778 3635 ciatus
828 3570 1071 3658 (1618).
1136 3577 1460 3636 Catholicae
1505 3578 1756 3636 unitatis
1805 3595 1873 3635 ac

586 3666 855 3724 veritatis
906 3668 1189 3723 strenuus
1250 3671 1662 3743 propugnator
1725 3666 1870 3724 totis

587 3754 816 3812 viribus
880 3753 1258 3823 allaboravit,
1336 3756 1405 3813 ut
1467 3755 1869 3815 schismaticos

586 3842 1030 3915 haereticosque
1075 3841 1149 3899 ad
1205 3844 1678 3902 communionem
1734 3862 1867 3902 cum

584 3929 641 3989 b.
657 3929 817 3987 Petri
835 3928 970 3987 sede
986 3929 1294 3991 reduceret
1311 3932 1631 3992 laetissimo
1649 3932 1867 3991 fructu.

585 4017 967 4076 Esusissimae
998 4023 1125 4076 erat
1156 4020 1596 4079 beneficientiae
1623 4022 1684 4078 in
1717 4041 1865 4097 pau·

584 4124 754 4181 peres
773 4110 835 4164 et
861 4106 1142 4178 infirmos,
1177 4108 1240 4167 in
1261 4109 1667 4168 restaurandis
1688 4110 1867 4168 eccle-

585 4194 704 4266 siis,
740 4195 1175 4256 solicitissimus
1207 4199 1268 4256 in
1290 4198 1658 4256 reformando
1677 4200 1862 4258 clero:

585 4284 714 4342 hinc
745 4285 1251 4345 schismaticorum
1296 4285 1438 4344 adeo
1472 4286 1536 4344 in
1569 4306 1629 4345 se
1671 4290 1864 4346 conci·

584 4374 737 4432 tavit
766 4374 916 4445 odia,
965 4378 1037 4433 ut
1080 4374 1146 4432 in
1189 4375 1360 4433 illum
1395 4375 1653 4451 Vitepsci
1700 4394 1865 4435 occa-

585 4464 745 4522 sione
797 4463 1156 4521 visitationis
1208 4464 1519 4539 pastoralis
1568 4465 1868 4523 irruerent

583 4553 830 4626 necique
861 4551 1220 4610 tradiderint
1249 4561 1339 4613 12.
1362 4553 1506 4612 Nov.
1541 4562 1719 4616 1623.
1758 4554 1863 4612 Ur·

582 4640 770 4698 banus
795 4639 947 4697 Vm.
970 4658 1105 4697 eum
1137 4650 1298 4702 1643
1319 4642 1520 4700 Beatis
1545 4644 1862 4714 accensuit,

1936 2241 2273 2316 episcopum
2339 2242 2795 2317 strigoniensem
2872 2240 3219 2310 obtinuerit,

1935 2329 2040 2405 qui
2073 2332 2334 2388 multum
2374 2331 2502 2405 ejus
2544 2331 2825 2399 consiliis,
2872 2331 3018 2388 dum
3050 2331 3217 2401 vixit,

1933 2438 2080 2478 usus
2111 2423 2217 2477 est.
2271 2421 2414 2477 Post
2445 2420 2624 2495 hujus
2654 2423 2906 2478 mortem
2942 2420 3219 2478 Matthias

1934 2508 2259 2584 imperator
2308 2526 2443 2566 eum
2493 2508 2753 2567 invitum
2798 2509 3218 2567 reluctantem·

1934 2617 2049 2673 que
2095 2598 2169 2656 ab
2215 2598 2535 2673 apostolica
2585 2598 2721 2656 sede
2771 2599 3098 2673 postulavit
3146 2598 3220 2656 ad

1933 2687 2153 2745 infulas
2205 2687 2658 2764 strigonienses,
2720 2692 2793 2745 ut
2842 2687 3066 2745 labanti
3115 2706 3221 2762 per

1933 2776 2302 2852 Hungariam
2322 2777 2679 2835 orthodoxae
2707 2776 2983 2852 religioni
3010 2776 3218 2834 hume-

1931 2883 2029 2923 ros
2062 2868 2452 2940 supponeret:
2487 2865 2831 2923 tristissima
2860 2866 3018 2923 enim
3053 2870 3113 2923 et
3145 2865 3217 2923 ad

1933 2953 2166 3012 ruinam
2215 2973 2463 3030 vergens
2509 2956 2637 3012 erat
2677 2954 2973 3013 Ecclesiae
3018 2955 3217 3012 catho-

1931 3042 2076 3100 licae
2108 3043 2387 3101 conditio.
2435 3043 2719 3102 Haereses
2751 3043 2911 3117 quod
2943 3048 3079 3101 ante
3113 3043 3218 3101 diu

1931 3134 2215 3206 coeperat,
2268 3135 2329 3190 et
2360 3134 2585 3190 terrere
2614 3132 2875 3207 perrexit
2922 3135 2983 3189 et
3014 3131 3214 3208 profli-

1929 3239 2070 3296 gare
2102 3224 2230 3278 tum
2253 3240 2358 3296 pro
2392 3225 2676 3298 suggesto
2698 3220 2936 3296 publico
2969 3220 3032 3277 in
3062 3224 3212 3278 tem·

1928 3309 2064 3383 plis,
2117 3311 2245 3367 tum
2298 3310 2549 3384 privatis
2602 3309 3030 3385 congressibuS,
3080 3312 3211 3366 tum

1929 3398 2165 3474 scriptis
2227 3399 2763 3460 lucubrationibus,
2827 3398 3214 3457 Nobilitatem

1927 3488 2292 3561 potissimam
2327 3488 2679 3563 tempestiva
2708 3488 2984 3546 comitate
3028 3490 3090 3545 et
3121 3488 3214 3544 sui

1929 3576 2302 3652 indulgentia
2334 3596 2399 3635 ac
2422 3596 2650 3635 morum
2684 3577 2977 3635 suavitate
3007 3574 3081 3633 ad
3114 3594 3211 3633 01·-

1926 3664 2217 3723 thodoxos
2265 3665 2514 3724 reduxit.
2563 3666 2799 3725 Clerum
2832 3664 2906 3723 ad
2951 3668 3213 3723 exactam

1925 3753 2274 3828 disciplinae
2307 3755 2738 3813 ecclesiasticae
2776 3754 3215 3813 observantiam

1927 3842 2198 3901 instituit
2216 3842 2465 3920 legibus,
2491 3843 2771 3912 censuris,
2787 3842 3029 3919 synodis
3050 3842 3213 3901 dioe-

2005 4033 2041 4101 ι)
2069 4030 2151 4084 Cf.
2180 4031 2405 4101 Guepin
2431 4030 2484 4085 S.
2503 4031 2779 4101 Josaphat
2798 4030 2869 4088 M.
2899 4031 2956 4082 et
2980 4029 3066 4082 l'e
3107 4028 3212 4083 lise

1923 4119 2164 4171 grecque
2187 4103 2319 4157 unie
2340 4118 2410 4155 en
2432 4101 2695 4172 Pologne,
2722 4100 2957 4154 Poitiers
2977 4101 3037 4153 et
3097 4099 3211 4153 aria

1926 4177 2094 4241 1874;
2144 4174 2294 4227 idem
2344 4173 2432 4227 Un
2478 4176 2671 4243 apotre
2715 4172 2784 4226 de
2827 4169 3063 4225 l’union
3114 4171 3212 4225 des

1925 4244 2097 4314 eglise
2124 4261 2196 4298 au
2223 4245 2403 4298 xvne
2430 4244 2616 4309 siecle,
2644 4244 2696 4298 S.
2723 4242 3000 4314 Joaaphat
3024 4245 3084 4297 et
3106 4243 3211 4298 l'e·

1922 4316 2062 4383 glise
2088 4316 2411 4385 greco-slav.
2440 4333 2508 4370 en
2535 4315 2788 4387 Pologne
2816 4317 2876 4368 et
2899 4331 2970 4368 en
2997 4313 3210 4379 Russie,

1922 4387 1994 4440 ib.
2027 4389 2254 4459 1897198
2281 4390 2321 4441 t.
2347 4394 2411 4447 2;
2451 4388 2570 4443 Jac.
2609 4388 2783 4441 Susza
2818 4390 3021 4439 Cursus
3060 4386 3211 4440 vitae

1923 4462 1981 4512 et
2005 4462 2287 4513 certamen
2306 4458 2565 4527 martyrii
2588 4459 2642 4512 b.
2660 4460 2693 4513 J
2696 4458 2939 4529 osaphat
2959 4459 3081 4521 etc..
3107 4457 3211 4511 Ro-

1921 4546 2046 4584 mae
2065 4533 2235 4591 1665;
2268 4529 2453 4585 Pelesz
2475 4528 2699 4595 KL.V1‚
2729 4533 2900 4588 1832:
2926 4527 3209 4581 Likowski

1922 4600 2014 4655 die
2063 4600 2395 4655 ruth-rom.
2449 4598 3069 4670 Kirchenvereinigung
3117 4614 3210 4668 ge·

1923 4675 2104 4727 nannt
2136 4674 2309 4728 Um'on
2350 4692 2446 4728 von
2482 4678 2639 4727 Brest
2677 4674 2831 4737 1896,
2873 4672 3209 4737 ilbertragen

584 4728 727 4786 Pius
745 4727 845 4785 IX.
866 4727 1094 4788 Sanctis
1120 4737 1302 4793 1867.
1340 4731 1516 4789 Plura
1535 4733 1867 4809 composuit
1921 4760 2032 4796 von
2061 4743 2203 4797 Paul
2229 4743 2489 4809 Jedzink,
2516 4743 2789 4812 Freiburg
2815 4745 2970 4800 1904.
