3625 5193
611 255 644 309 τ
844 240 1210 295 1564—1580.
1238 235 1427 291 Theol.
1453 235 1624 291 schol.
1648 240 1707 292 et
1731 235 1933 307 philos.
1959 234 2319 301 Florimonte,
2345 234 2618 301 Nizolius,
2643 234 2827 290 Natta
2851 239 2956 291 etc„
3180 257 3216 311 8

602 424 785 482 etiam
818 423 931 481 sub
951 423 1122 481 Pauli
1140 423 1577 482 successoribus
1598 427 1689 482 est
1706 424 1877 484 func·
1933 423 2010 481 ob
2042 423 2412 500 singularem
2432 423 2827 482 eruditionem
2847 424 3215 498 spectatissi-

599 516 718 576 tus.
752 513 964 589 Magna
1012 515 1142 571 erat
1190 513 1320 587 ejus
1366 513 1428 571 in
1479 513 1704 589 synodo
1736 533 1876 572 auc·
1932 530 2066 570 mus
2080 507 2148 594 ¹),
2182 512 2493 588 episcopus
2522 513 2779 588 primum
2803 513 2922 571 fuit
2939 513 3218 588 Aquinus

600 603 826 672 toritaS,
860 601 1076 660 ultima
1092 601 1445 676 praesertim
1477 601 1741 676 ejusdem
1772 622 1876 678 pe-
1933 596 2178 684 (1543),
2228 601 2366 659 dein
2408 601 2475 659 in
2519 602 2715 678 patria
2761 620 2869 661 sua
2904 598 3151 683 (1552),
3185 623 3219 661 a

601 690 782 761 riod0,
816 693 1062 766 propter
1104 690 1330 766 ingenii
1375 709 1638 761 acumen,
1687 691 1876 768 insig-
1932 692 2117 750 Paulo
2149 688 2255 748 ΙΙΙ.
2308 690 2467 748 inter
2511 693 2772 766 quatuor
2817 692 3073 750 selectus
3124 695 3220 750 est

599 798 738 838 nem
768 780 1307 856 solidissimumque
1340 780 1666 851 scientiam,
1702 780 1875 856 cujus
1921 780 2154 856 judices
2185 779 2419 838 concilii
2464 779 2796 851 tridentini,
2844 800 2878 838 a
2908 779 2949 838 J
2952 780 3074 839 ulio
3105 781 3212 840 111.

599 869 787 927 edidit
802 868 1126 944 specimina
1139 870 1451 942 praeclara,
1466 872 1715 944 propter
1728 888 1873 945 pru—
1929 869 2122 927 factus
2153 868 2500 927 secretarius
2517 869 2815 931 Brevium.
2851 869 3015 928 Obiit
3035 888 3213 928 vene-

599 958 860 1016 dentiam
921 957 1408 1033 intrepidumque
1468 958 1603 1017 fidei
1665 959 1872 1017 zelum.
1927 958 2150 1017 randus
2172 976 2350 1016 senex
2374 965 2453 1020 89
2478 977 2771 1017 annorum
2798 968 2823 1019 1
2842 968 2984 1021 567.
3019 959 3215 1017 Inter-

599 1047 862 1105 Subinde
907 1046 1192 1104 disseruit
1235 1064 1434 1105 coram
1465 1047 1737 1122 patribus
1767 1066 1877 1124 per
1929 1050 2205 1124 pretatur
2235 1047 2443 1124 lingua
2470 1047 2666 1122 patria
2703 1047 2771 1104 ll.
2791 1047 2842 1104 X
2873 1047 3212 1106 Ethicorum

595 1140 720 1212 tres
782 1136 1092 1194 continuas
1162 1136 1362 1195 horas:
1439 1155 1870 1213 nonnunquam
1927 1136 2430 1195 Aristotelis.
2464 1136 2692 1194 Prodiit
2721 1135 2819 1195 hic
2851 1140 3210 1194 commenta·

595 1224 820 1283 factum
851 1228 942 1283 est
970 1226 1042 1282 ut
1074 1225 1257 1301 legati
1276 1225 1562 1300 pontificii
1583 1226 1657 1284 ob
1676 1226 1871 1285 Lainii
1927 1226 2052 1284 rius
2085 1225 2352 1284 Venetiis
2382 1234 2568 1296 1554,
2602 1225 2705 1283 sed
2723 1225 2955 1283 mendis
2975 1226 3211 1300 plenus,
3324 1282 3333 1289 ,

594 1313 744 1372 febri
793 1313 1119 1372 laborantis
1168 1313 1577 1372 infirmitatem
1626 1333 1870 1392 congre-
1928 1334 1964 1373 a
1994 1314 2218 1390 quibus
2253 1317 2543 1390 purgatus
2592 1313 2709 1372 fuit
2739 1315 2803 1373 in
2834 1313 2922 1372 ed.
2957 1331 3211 1389 sequen·-

593 1403 862 1479 gationes
892 1403 1304 1478 theologorum
1349 1403 1414 1462 in
1455 1404 1639 1462 alium
1671 1409 1871 1463 trans·
1925 1402 2884 1463 tibuS.-—GabrielBuratelli
2918 1401 3209 1480 O.S.Aug.

594 1491 820 1550 ferrent
867 1491 1040 1561 diem,
1085 1510 1162 1550 ne
1212 1492 1422 1568 synodi
1472 1494 1734 1552 membra
1763 1494 1870 1552 illo
1925 1492 2351 1561 Anconitanus,
2402 1491 2506 1566 qui
2552 1491 2829 1551 interfuit
2861 1492 3036 1549 etiam
3070 1510 3210 1550 con-

591 1580 973 1655 privarentur
1003 1580 1422 1651 emolumentO,
1457 1582 1613 1657 quod
1646 1601 1715 1641 ex
1747 1582 1870 1641 dis·
1926 1582 2065 1641 cilio
2126 1581 2456 1640 tridentino
2521 1577 2581 1662 (†
2634 1589 2728 1644 15.
2783 1581 2929 1639 Nov.
2991 1577 3206 1661 15⁷1),

590 1670 900 1745 putatione
950 1670 1078 1745 ejus
1126 1670 1190 1728 in
1222 1670 1427 1729 limine
1478 1671 1729 1730 acticnis
1762 1691 1868 1730 au·
1925 1671 2236 1746 proposuit
2283 1671 2745 1745 Praecipuarum
2797 1672 3209 1729 controversia-

594 1758 718 1817 dita
749 1758 971 1834 percipi
1023 1776 1192 1833 posse
1239 1760 1631 1819 confidebant.
1683 1760 1736 1818 S.
1769 1761 1869 1837 Ig-
1922 1779 2058 1818 rum
2090 1761 2414 1818 Aristotelis
2457 1766 2509 1817 et
2553 1757 2816 1818 Platonis
2860 1760 3210 1818 conciliatio-

589 1848 753 1905 natio
786 1867 816 1905 e
847 1847 998 1906 vivis
1030 1851 1234 1922 erepto
1281 1849 1343 1907 in
1376 1866 1773 1909 successorem
1805 1850 1868 1907 in
1923 1868 2067 1926 nem,
2141 1848 2408 1907 Venetiis
2498 1857 2683 1912 1573.
2779 1848 3208 1907 Commentaria

592 1937 885 1995 societatis
934 1935 1194 1995 comitiis
1251 1947 1435 2001 1558.
1483 1939 1706 1998 electus
1743 1942 1866 2010 est3
1921 1938 2264 1997 inPsalmos
2279 1937 2758 2013 poenitentiales,
2777 1938 2840 1996 in
2859 1938 2951 1995 Ps.
2970 1936 3204 1995 CXVIII

588 2024 706 2083 imo
748 2026 932 2084 Paulo
963 2025 1059 2084 IV.
1107 2026 1232 2084 vita
1275 2026 1481 2087 functo
1532 2028 1688 2086 ultra
1719 2028 1865 2087 duo·
1921 2031 1983 2086 et
2012 2027 2078 2086 in
2108 2027 2360 2097 Cantica,
2395 2026 2660 2086 Venetiis
2686 2036 2868 2090 1574.
2899 2026 3204 2085 —Philo-

589 2114 778 2173 decim
809 2113 1198 2173 cardinalium
1229 2115 1302 2174 de
1334 2135 1402 2176 eo
1433 2117 1496 2176 in
1527 2116 1866 2192 pontificem
1922 2117 2162 2192 sophiae
2207 2116 2589 2175 scholasticae
2633 2134 2766 2175 acer
2825 2115 3202 2174 adversarius

587 2203 857 2279 eligendo
889 2205 1178 2280 cogitasse
1207 2205 1565 2266 referuntur.
1619 2207 1800 2282 Saepe
1833 2227 1867 2265 a
1921 2201 2735 2284 eratMariusNizolius2)‚
2755 2203 3205 2263 OccamiNomi-

587 2292 968 2367 pontificibus
1000 2292 1064 2351 in
1079 2293 1446 2369 gravissimis
1477 2295 1869 2355 adhibebatur
1921 2295 2155 2354 nalismi
2169 2294 2406 2363 assecla,
2421 2291 3007 2351 Brescellaeditionis
3022 2291 3206 2349 muti-

591 2383 848 2457 negotiis
868 2384 929 2441 et
949 2383 1362 2459 legationibus
1395 2383 1644 2443 Interim
1674 2403 1864 2459 quan·
1920 2384 2193 2442 nensisn.
2222 2390 2387 2444 1498
2414 2377 2477 2463 (†
2505 2379 2713 2456 1576),
2748 2380 2813 2439 in
2831 2399 2923 2455 op.
2951 2380 3037 2437 De
3054 2382 3206 2439 veris

589 2470 899 2547 docunque
929 2491 1036 2547 per
1066 2474 1305 2549 negotia
1335 2474 1520 2541 licuit,
1566 2474 1865 2532 concioni·
1912 2473 2229 2546 principiis
2259 2477 2310 2528 et
2342 2488 2474 2527 vera
2492 2472 2718 2528 ratione
2735 2469 3199 2544 philosophandi,

587 2560 699 2619 bus
759 2561 1122 2620 ferventibus
1183 2580 1415 2622 morum
1465 2562 1865 2621 emendationi
1922 2561 2163 2619 Parmae
2202 2568 2388 2628 1553,
2424 2559 2487 2617 in
2510 2577 2628 2634 quo
2646 2557 3025 2635 philosophos
3046 2559 3202 2633 peri-

587 2650 865 2713 instabat.
928 2651 1206 2709 Ordinem
1262 2650 1729 2726 prudentissime
1773 2669 1867 2709 re·
1920 2650 2206 2727 pateticos
2269 2651 2331 2707 et
2391 2649 2771 2708 scholasticos
2830 2648 3204 2724 improperiis

587 2739 692 2807 xit,
727 2741 831 2814 qui
864 2744 925 2797 et
955 2739 1068 2797 sub
1086 2740 1214 2814 ejus
1232 2740 1630 2799 moderamine
1663 2740 1863 2798 laetis-
1920 2739 2264 2808 insectatur,
2283 2755 2499 2813 eosque
2515 2737 3129 2813 pseudophilosophos
3145 2740 3207 2795 et

589 2828 768 2886 simos
798 2828 940 2886 fecit
968 2847 1335 2905 progressus.
1369 2828 1694 2888 Laboribus
1728 2848 1867 2888 vere
1921 2827 2432 2903 philosophastros
2505 2830 2692 2886 vocat.
2789 2860 2876 2870 —-
2972 2827 3206 2897 Marcus

588 2920 974 2992 consumptus
1004 2917 1156 2976 obiit
1185 2916 1221 2984 †
1261 2928 1355 2980 19.
1387 2917 1521 2979 Jan.
1562 2928 1743 2981 1565.
1778 2951 1864 2961 -
1921 2917 2219 2976 Antonius
2279 2917 2510 2974 Natta
2571 2917 2859 2988 Astensis‚
2927 2915 3030 2991 qui
3092 2916 3205 2974 etsi

593 3006 767 3064 Plura
782 3006 1030 3081 reliquit
1044 3007 1464 3082 manuscripta,
1498 3026 1649 3082 quae
1663 3011 1866 3066 tamen
1913 3006 2040 3082 juri
2070 3025 2212 3081 prae
2243 3005 2453 3080 primis
2500 3005 2657 3064 civili
2706 3002 2945 3064 deditus
2978 3011 3039 3062 et
3071 3024 3202 3063 mu-

587 3100 831 3171 propter
881 3095 1247 3154 excursiones
1297 3096 1643 3171 apostolicas
1690 3097 1863 3155 alios-
1920 3096 2163 3154 neribus
2225 3093 2483 3171 publicis
2545 3094 2782 3153 Genuae
2859 3095 2937 3151 im
2946 3093 3200 3167 plicituS,

586 3203 703 3258 que
754 3185 983 3243 labores
1034 3183 1240 3242 limare
1289 3204 1406 3243 non
1455 3186 1672 3260 potuit,
1724 3186 1866 3244 hinc
1921 3185 2204 3243 disseruit
2235 3185 2305 3241 de
2332 3186 2574 3258 pulchro
2620 3188 2681 3242 et
2711 3184 2782 3242 de
2814 3180 3080 3240 universi
3112 3181 3197 3236 fa·

585 3272 706 3331 fere
738 3273 891 3331 nihil
919 3272 1081 3348 typis
1113 3273 1236 3332 fuit
1283 3291 1582 3335 excusum.
1644 3275 1865 3333 Nostra
1920 3274 2081 3333 brica
2099 3273 2309 3331 mundi
2328 3272 2384 3330 ll.
2408 3274 2507 3348 VI,
2540 3273 2804 3332 Venetiis
2835 3280 3017 3337 1567,
3041 3268 3201 3343 quod

586 3362 822 3420 demum
854 3366 1046 3420 aetate
1091 3362 1288 3438 aliqua
1328 3363 1516 3422 edidit
1546 3364 1864 3422 Hartman·
1921 3382 2068 3439 opus
2100 3384 2133 3419 a
2163 3362 2429 3438 puritate
2462 3363 2700 3438 linguae
2732 3364 2793 3418 et
2811 3358 3032 3434 ingenii
3058 3358 3199 3415 sub-

584 3470 698 3509 nus
762 3451 959 3510 Grisar
1024 3451 1195 3509 Kath.
1270 3452 1491 3511 Ztschr.
1557 3452 1624 3520 V,
1697 3460 1852 3516 1881
1920 3452 2135 3510 tilitate
2153 3451 2364 3510 laudat
2378 3451 2598 3509 Paulus
2620 3447 2900 3507 Manucci.
2932 3446 3200 3521 Reliquit

584 3560 638 3615 p.
660 3549 1028 3611 672—7203
1050 3540 1145 3609 VI,
1166 3550 1490 3609 39—112‚
1511 3541 1747 3616 plenius
1768 3542 1861 3598 in·
1920 3561 2097 3616 quam
2128 3541 2388 3616 plurima
2437 3540 2552 3598 alia
2584 3557 2774 3613 opera.
2837 3537 3081 3594 Praeter
3113 3554 3199 3605 ea,

586 3630 804 3704 scripta
837 3626 1270 3703 Disputationes
1303 3631 1652 3689 tridentinae
1686 3630 1862 3689 Oeni—
1920 3648 2071 3705 quae
2123 3630 2197 3688 ad
2238 3630 2339 3705 jus
2389 3631 2657 3703 spectant
2708 3630 2777 3684 ut
2814 3626 3203 3683 Consiliorum

586 3723 763 3793 ponte
802 3726 963 3782 1886
999 3723 1043 3778 t.
1081 3728 1114 3780 2
1148 3720 1213 3776 in
1247 3728 1320 3789 8.,
1352 3718 1511 3777 inter
1543 3736 1688 3795 quas
1720 3721 1863 3778 emi·
1919 3737 2022 3778 seu
2054 3736 2473 3793 responsorum
2504 3721 2549 3775 t.
2582 3715 2679 3784 IV,
2715 3714 2987 3774 Venetiis
3020 3724 3202 3787 1572,

582 3812 685 3864 net
716 3808 942 3883 prolixa
972 3807 1299 3883 disputatio
1331 3810 1399 3866 de
1429 3811 1649 3884 oriyine
1666 3810 1861 3882 juris-
1918 3809 2034 3867 huc
2065 3808 2271 3866 referri
2301 3807 2552 3881 possunt
2583 3806 2652 3862 de
2684 3805 2802 3863 Deo
2833 3805 2896 3867 11.
2930 3804 3049 3871 XV,
3084 3805 3197 3863 Ve-

583 3898 848 3953 dictionis
879 3899 1274 3972 episcoporum
1306 3901 1366 3955 et
1380 3897 1859 3973 deromanipon-
1917 3897 2098 3956 netiis
2152 3906 2337 3964 1560,
2390 3913 2539 3969 opus
2571 3913 2808 3965 rarum3
2859 3896 2925 3952 de
2972 3895 3200 3950 animae

583 3985 760 4042 tificis
792 3985 1070 4060 primatu,
1103 3991 1166 4045 et
1195 3986 1554 4045 consultatio
1593 3988 1661 4044 de
1692 3988 1864 4045 calice
1917 3981 2347 4045 immortalitate
2397 3983 2457 4040 ll.
2511 3983 2578 4055 V,
2628 3983 2741 4053 ib.;
2819 3986 2887 4042 de
2937 3982 3197 4039 doctrina

581 4074 746 4131 laicis
768 4072 1143 4150 porriyemlo,
1177 4075 1335 4149 quod
1367 4076 1736 4149 postulatum
1768 4095 1859 4133 re·
1910 4078 2249 4150 principum
2294 4073 2355 4131 ll.
2406 4072 2504 4142 IX,
2567 4071 2941 4132 Francoforti
2999 4080 3196 4139 16033

572 4163 902 4238 jiciendum
934 4165 1171 4223 censuit
1184 4162 1250 4245 ¹).
1916 4166 1985 4222 de
2035 4165 2310 4239 passione
2358 4163 2597 4220 Domini
2658 4161 2877 4236 dialogi
2938 4160 2999 4216 11.
3067 4158 3194 4229 VII,

673 4264 727 4315 5.
761 4252 1010 4326 Aliquot
1037 4255 1401 4329 philosophos
1432 4252 1858 4327 subjiciamus:
1916 4250 2305 4329 Monteregali
2344 4262 2542 4323 15703
2575 4253 2642 4309 de
2661 4249 2967 4325 eloquentia
2994 4247 3195 4305 Chris-

583 4342 857 4399 Galeazzo
905 4343 1377 4402 Florimonte
1423 4343 1725 4412 Sessanu8‚
1766 4342 1861 4400 vir

659 4447 697 4503 ¹)
725 4442 805 4494 Cf.
833 4442 998 4509 plura
1021 4442 1174 4511 apud
1200 4442 1388 4496 Grisar
1412 4441 1472 4493 in
1497 4440 1708 4511 proleg.
1728 4458 1860 4495 suae
1994 4444 2030 4507 ἱ)
2054 4440 2133 4495 Of.
2152 4440 2345 4494 Tafuri
2364 4439 2549 4494 Scritt.
2572 4437 2662 4490 del
2681 4436 2870 4504 Regno
2888 4435 2944 4489 di
2964 4436 3013 4488 N
3019 4454 3107 4505 ap.
3127 4436 3196 4501 ΙΙ,

580 4510 738 4581 edit.;
764 4512 1135 4568 Ribadeneira
1147 4513 1292 4568 Vida
1307 4513 1396 4567 del
1411 4512 1470 4566 P.
1490 4511 1554 4565 V.
1571 4510 1621 4565 J.
1641 4512 1859 4579 baynez
1915 4517 1966 4575 2,
1992 4516 2097 4569 279
2124 4530 2191 4566 sa.
2213 4533 2225 4545 ·
2252 4516 2303 4579 3,
2330 4516 2451 4569 367.
2832 4579 2843 4583 Α

583 4588 750 4647 1604;
792 4583 964 4638 Boero
991 4585 1124 4639 Vita
1164 4585 1255 4639 del
1281 4586 1451 4639 Servo
1488 4583 1546 4636 di
1573 4583 1677 4636 Dio
1704 4583 1761 4636 P.
1792 4583 1855 4637 G.
1987 4588 2030 4653 2)
2058 4584 2138 4637 Cf.
2166 4558 2237 4636 Μ.
2258 4582 2519 4636 Glossner
2540 4579 2660 4633 Nic.
2680 4596 2792 4632 von
2815 4584 2961 4632 cusa
2982 4577 3099 4631 und
3118 4577 3191 4632 M.

581 4653 799 4718 Lainez,
825 4655 1051 4711 Firenze
1072 4660 1241 4721 1880;
1269 4656 1496 4710 Astrain
1520 4654 1768 4708 Historia
1789 4654 1859 4709 de
1916 4654 2166 4709 Nizolius
2194 4655 2273 4708 als
2298 4653 2590 4706 Vorltiufer
2615 4652 2712 4705 der
2738 4647 3193 4725 neuerenssPhilo-

579 4725 634 4779 la
660 4728 957 4796 compafiia
982 4729 1050 4783 de
1074 4722 1234 4782 Jesus
1258 4746 1328 4782 en
1353 4728 1411 4781 la
1437 4726 1764 4781 assistencia
1792 4727 1859 4780 de
1915 4726 2126 4795 sophie,
2177 4726 2428 4779 Mfinster
2474 4728 2643 4794 18913
2696 4722 2892 4777 Stlickl
2942 4721 3051 4775 KL.
3101 4721 3194 4789 IX,

581 4797 803 4867 Espafia
830 4800 898 4863 11,
926 4806 1029 4858 164
1057 4817 1124 4854 ss.
1911 4800 2216 4855 404—406.
