3625 5193
627 264 750 317 443

622 433 865 508 gischen
883 432 1204 490 Verstandt
1218 431 1494 502 zuwider,
1516 451 1590 490 an
1611 431 1903 490 verschie-

620 522 812 579 denen
846 521 1060 579 Ortern
1092 521 1369 596 ungleich
1396 520 1901 589 verdollmetscht,

620 611 729 668 mit
746 629 953 668 newen
970 610 1269 679 Zusatzem
1288 610 1718 668 unffirmlichen
1736 610 1902 668 Glos-

622 717 744 768 sen,
805 700 1298 776 Untertruckung
1352 702 1591 775 gantzer
1652 698 1901 770 Biicher‚

626 788 966 847 Versickeln
999 789 1123 846 und
1155 789 1426 847 Wortern
1448 792 1557 847 etc.
1577 787 1902 865 gefehrlich

619 877 943 936 verfalscht
973 877 1098 935 und
1117 877 1426 935 verkehrt:
1460 877 1725 936 dadurch
1744 877 1904 934 dann

624 966 1904 1043 unserhochgeehrtliebesVaterlandtTeut-

621 1056 790 1114 soher
840 1054 1061 1113 Nation
1120 1055 1214 1113 biss
1272 1055 1491 1114 anhero
1535 1053 1903 1130 jammerlich

620 1144 926 1203 verfiihret
957 1144 1079 1202 und
1113 1145 1394 1220 betrogen
1429 1145 1668 1202 worden
1688 1164 1743 1202 11.
1767 1162 1809 1201 s.
1832 1163 1901 1200 w.

619 1239 754 1307 post
797 1234 926 1307 ejus
974 1239 1242 1302 mortem,
1285 1254 1318 1290 a
1362 1236 1612 1309 cognato
1652 1234 1901 1308 Georgio

624 1322 847 1397 Zanger
878 1322 1156 1381 canonico
1191 1323 1531 1398 Moguntiae
1570 1332 1734 1385 1605
1778 1321 1901 1378 edi-

621 1415 752 1468 tum
784 1411 848 1468 in
882 1411 917 1467 f.
951 1410 1231 1469 Ediderat
1262 1412 1403 1470 dum
1424 1412 1651 1470 viveret
1666 1409 1711 1490 1)
1733 1429 1901 1486 prae-

619 1502 713 1557 ter
742 1501 1033 1558 conciones
1067 1496 1196 1581 (XI)
1243 1501 1533 1576 passionis
1558 1500 1901 1568 dominicae,

623 1587 898 1646 Coloniae
938 1599 961 1648 1
981 1599 1011 1649 5
1024 1599 1056 1648 8
1076 1601 1090 1650 1
1110 1633 1122 1658 ,
1149 1589 1431 1648 adversus
1451 1589 1903 1647 Heerbrandum

621 1676 914 1752 Simplicis
959 1680 1138 1752 atque
1183 1677 1327 1737 adeo
1368 1677 1679 1753 prudenti-3
1712 1678 1901 1735 catho-

618 1765 861 1822 licorum
893 1766 1259 1824 orthodoxiae
1285 1786 1414 1825 cum
1432 1774 1768 1826 novatorum
1787 1784 1902 1823 sec-

621 1856 1015 1930 tarim-umque
1047 1859 1231 1913 nostri
1255 1857 1566 1914 exulcerati
1584 1857 1757 1914 seculi
1775 1856 1901 1912 ido-

620 1944 874 2001 lomania
904 1945 1127 2002 collatio
1156 1946 1451 2016 catholica,
1484 1945 1562 2002 ib.
1600 1955 1781 2007 1580.
1816 1977 1902 1987 -

621 2032 920 2089 Abraham
1005 2033 1041 2091 S
1060 2051 1090 2091 c
1107 2034 1143 2091 h
1161 2055 1194 2090 a
1210 2053 1241 2091 e
1257 2034 1294 2092 d
1311 2035 1441 2104 lin,
1505 2034 1699 2093 0101101
1781 2036 1903 2090 Α11-

620 2125 830 2196 gustae
848 2121 1109 2180 sodalitii
1127 2123 1397 2197 Corporis
1413 2123 1648 2192 Christi,
1672 2126 1764 2181 est
1795 2123 1900 2179 Ur-

619 2203 1018 2285 theilsprecher
1029 2212 1082 2275 d,
1096 2212 1130 2268 i.
1143 2213 1238 2271 ein
1254 2213 1711 2288 unpartheische
1730 2211 1902 2269 Rich-

620 2302 712 2355 ter
755 2300 901 2358 iiber
947 2301 1060 2358 alle
1121 2300 1473 2378 diejenigen‚
1526 2302 1745 2360 welche
1795 2300 1900 2357 das

618 2387 1010 2446 Lutherthum
1067 2391 1362 2449 verlassen
1415 2391 1540 2447 sich
1590 2390 1694 2448 der
1742 2389 1903 2446 alten

622 2476 781 2534 kath.
799 2478 1012 2535 Kirche
1033 2478 1313 2555 begeben,
1332 2478 1551 2538 welche
1570 2478 1732 2536 kath.
1755 2485 1900 2535 rom.

924 251 1291 304 1601—1620.
1319 245 1617 316 Theologia
1651 247 1762 317 pol.
1788 247 1849 300 in
1879 245 2061 302 Germ.
2090 245 2407 311 Schaedlin,
2437 245 2688 315 Hunger‚
2715 244 2946 309 Leuoht,

3114 263 3239 314 444

1958 436 2141 491 tatem
2195 435 2321 490 erat
2373 435 2741 500 consecutuS,
2791 432 3034 490 Romam
3080 432 3241 503 abiit,

1958 524 2138 596 atque
2157 520 2222 579 in
2253 520 2500 596 collegio
2520 520 2855 597 germanico
2877 521 3039 579 ultra
3057 521 3241 580 trien-

1957 611 2127 669 nium
2186 611 2581 669 commoratus
2630 609 2987 686 theologiam
3037 610 3245 668 didicit

1958 699 2286 776 professore
2335 698 2639 757 Turriano.
2674 699 2741 761 A.
2786 708 2945 761 1567
3002 699 3244 758 vixdum

1963 798 2061 851 21.
2116 787 2329 847 aetatis
2391 807 2438 845 a.
2489 805 2763 863 egressus
2809 787 3244 864 philosophiam

1959 877 2217 952 profiteri
2248 876 2480 935 -eximia
2526 895 2661 934 cum
2710 877 2886 935 lande
2933 878 3143 953 coepit,
3193 899 3243 935 a.

1968 975 2131 1029 1570
2164 965 2541 1042 theologiam,
2574 984 2827 1023 unacum
2864 967 3120 1025 Martino
3143 966 3242 1024 Ei·

1960 1055 2237 1131 sengrein
2271 1074 2321 1112 a.
2356 1054 2631 1129 sequenti
2662 1055 2992 1131 theologiae
3039 1055 3245 1115 doctor

1958 1143 2359 1202 renunciatus,
2407 1145 2583 1204 Hunc
2616 1148 2856 1203 secutus
2890 1147 2981 1202 est
3015 1141 3242 1225 (1578)

1958 1234 2021 1291 in
2052 1233 2495 1307 procancellarii
2526 1234 2587 1290 et
2606 1233 2959 1308 inspectoris
2979 1253 3241 1303 munere,

1959 1321 2120 1396 quod
2165 1322 2239 1379 ad
2286 1339 2507 1379 annum
2557 1322 2763 1380 mortis
2815 1340 2958 1380 suae
3012 1318 3240 1404 (1604)

1958 1411 2136 1486 digne
2154 1410 2460 1468 sustinuit.
2482 1410 2551 1467 In
2572 1410 2764 1487 elogio
2780 1411 2845 1468 in
2860 1411 3058 1469 schola
3072 1411 3240 1469 theo-

1960 1500 2146 1576 logica
2199 1500 2328 1574 ejus
2382 1500 2698 1558 memoriae
2756 1500 3042 1574 inscripto
3093 1500 3241 1558 cele·

1960 1590 2171 1646 bratur
2200 1593 2506 1661 tamquam
2543 1589 2678 1656 ,vir
2710 1589 2996 1664 singulari
3022 1589 3241 1646 doctri-

1958 1697 2049 1745 na,
2083 1677 2419 1753 prudentia,
2456 1679 2623 1735 suavi
2656 1696 2886 1735 morum
2928 1678 3240 1754 gravitate,

1957 1771 2248 1842 perpetua
2279 1766 2436 1824 vitae
2469 1766 2826 1835 innocentia,
2861 1767 2923 1824 in
2942 1785 3241 1843 pauperes

1958 1855 2317 1913 liberalitate
2350 1856 2708 1913 clarissimus
2724 1851 2834 1937 1).“ι
2884 1856 3065 1913 Plura
3101 1857 3240 1913 reli-

1959 1944 2094 2019 quit
2112 1963 2292 2020 opera
2310 1944 2723 2020 philosophica
2753 1947 2815 2002 et
2833 1944 3117 2020 polemica
3136 1946 3241 2003 ad-

1957 2051 2162 2091 versus
2194 2033 2536 2104 Lutherum,
2572 2037 2643 2090 ut
2672 2035 2742 2091 de
2762 2041 2996 2106 peccato
3038 2044 3239 2104 15733

1957 2123 2026 2179 de
2070 2124 2312 2198 oriyinis
2356 2129 2581 2196 peccato
2640 2131 2837 2188 15783
2889 2123 2957 2179 de
3005 2125 3242 2180 veritate

1957 2212 2587 2269 transsubstantiationis
2618 2210 2682 2269 in
2715 2211 3087 2269 sanctissima
3134 2231 3240 2269 eu-

1957 2300 2234 2358 charistia
2272 2310 2436 2362 1577
2460 2321 2472 2370 ;
2518 2302 2589 2357 de
2614 2301 2727 2373 fide
2758 2320 2800 2358 8.
2837 2301 3151 2358 Athanasii
3180 2305 3243 2358 et

1957 2406 2251 2447 consensu
2282 2388 2614 2465 theologiae
2656 2389 2902 2447 Lutheri
2936 2407 3071 2447 cum
3102 2390 3238 2465 phi—

1956 2477 2225 2554 losophia
2270 2477 2511 2552 Epicuri
2552 2487 2713 2540 1582
2751 2481 2859 2537 etc.
2893 2512 2983 2521 —
3014 2478 3237 2536 Valen-

622 2565 836 2624 Kirche
871 2568 1166 2626 nunmehr
1195 2568 1258 2625 in
1278 2568 1373 2626 die
1402 2579 1421 2629 1
1442 2578 1585 2629 600.
1605 2567 1660 2625 J.
1683 2565 1900 2624 unauf-
1954 2566 2120 2624 tinus
2140 2566 2184 2624 L
2200 2586 2283 2625 eu
2300 2584 2330 2624 c
2345 2567 2383 2625 h
2397 2569 2424 2624 t
2454 2566 2777 2626 Hollstadii
2798 2566 3083 2627 dioecesis
3105 2567 3239 2626 wir·

621 2654 841 2713 horlich
877 2655 1092 2730 glaubt
1123 2657 1246 2714 und
1278 2657 1556 2725 bekennt,
1589 2657 1738 2713 auch
1773 2673 1902 2713 ver-

620 2749 791 2817 miige
835 2743 940 2801 der
987 2744 1210 2819 Zusage
1257 2745 1471 2803 Christi
1521 2745 1622 2802 des
1675 2744 1900 2803 Herren

622 2831 712 2888 bis
744 2851 875 2888 zum
909 2832 1070 2890 Ende
1103 2833 1208 2890 der
1239 2833 1392 2891 Welt
1412 2832 1534 2891 und
1553 2834 1614 2891 in
1638 2831 1902 2890 Zukunft

1956 2655 2338 2731 ceburgensis
2385 2661 2563 2714 natus
2602 2656 2892 2732 parochus
2925 2661 3054 2715 erat
3087 2657 3160 2715 ad
3194 2675 3237 2716 s.

1957 2744 2299 2802 Severinum
2334 2745 2634 2803 Erfordiae
2657 2741 2884 2827 (1582)
2906 2745 3240 2821 theologiae

1955 2832 2174 2892 doctor.
2190 2833 2400 2892 Factus
2434 2838 2528 2891 est
2545 2835 3012 2910 protonotarius,
3049 2852 3241 2892 comes

623 2919 725 2976 des
764 2920 1124 2978 Antichrists
1171 2922 1597 2998 bestandiglich
1643 2922 1902 2997 glauben
1954 2922 2255 2997 palatinus
2300 2940 2407 2980 nec
2454 2941 2574 2983 non
2626 2923 3058 2982 commissarius
3110 2941 3237 2981 cae·

625 3007 748 3064 und
781 3008 1087 3068 bekennen
1123 3011 1268 3068 wird
1290 3012 1468 3080 Alles‚
1491 3030 1612 3070 was
1632 3011 1902 3069 Christus

623 3099 750 3164 etc,
787 3098 1078 3156 Monachii
1129 3110 1322 3171 16063
1373 3101 1543 3175 cnjus
1587 3101 1781 3177 operis
1816 3100 1900 3158 al-

621 3187 808 3242 teram
821 3207 876 3261 p.
890 3187 1210 3264 inscripsit:
1231 3189 1564 3266 Ero’ffnuny
1574 3192 1627 3247 d.
1643 3189 1899 3268 Zeuyen—

625 3294 864 3353 ‹tussaye
896 3276 1081 3336 durch
1102 3278 1506 3338 ordentlichen
1528 3278 1765 3336 Richter
1784 3278 1839 3339 d.
1864 3277 1899 3335 i.

621 3365 973 3439 griindliche
1007 3367 1362 3444 Beweisung
1393 3386 1499 3425 aus
1533 3368 1646 3425 den
1681 3366 1901 3425 Schrif-

626 3456 730 3510 ten
778 3454 1032 3514 Luthers
1078 3476 1134 3513 u.
1185 3457 1378 3515 seiner
1440 3457 1899 3525 Nachkommen,

515 3558 520 3562 ·
623 3542 756 3601 dass
776 3544 891 3601 alle
912 3545 1265 3621 diejenigen,
1288 3546 1506 3604 welche
1525 3546 1627 3604 das
1646 3545 1900 3603 Luther-

623 3632 794 3690 thum
829 3634 1122 3690 verlassen
1155 3634 1276 3691 und
1309 3654 1382 3692 zu
1413 3634 1518 3691 der
1549 3635 1707 3692 alten
1740 3633 1902 3691 kath.

624 3728 764 3778 rom.
812 3722 1027 3779 Kirche
1079 3723 1200 3780 sich
1252 3722 1532 3798 begeben,
1582 3723 1899 3791 christlich,

624 3809 777 3865 wohl
813 3810 933 3866 und
965 3812 1130 3868 recht
1164 3812 1369 3879 haben,
1392 3812 1465 3868 il).
1494 3821 1674 3873 1606.
1694 3845 1776 3853 -
1798 3812 1902 3868 Al-

623 3897 825 3955 bertus
872 3898 1183 3976 Hunger
1231 3900 1564 3977 theologiae
1611 3900 1810 3958 doctor
1844 3903 1904 3957 et

624 3986 919 4060 professor
951 3988 1277 4046 academiae
1298 3987 1776 4065 ingolstadiensis
1798 4007 1903 4063 per

630 4084 710 4133 24
763 4094 964 4141 annos,
1027 4078 1541 4151 procamellariUS,
1591 4078 1903 4135 canonicus

625 4166 978 4236 eystetensis
995 4171 1054 4222 et
1074 4167 1462 4241 passaviensis
1484 4186 1710 4225 necnon
1730 4186 1897 4242 prae-

626 4252 853 4326 positus
878 4255 1237 4313 habacensiS.
1257 4257 1445 4314 Natus
1468 4260 1594 4313 erat
1613 4255 1905 4313 Kelhemii

627 4340 686 4398 in
717 4342 964 4402 Bavaria
995 4366 1043 4402 a.
1087 4354 1268 4406 1545.
1303 4346 1691 4418 Posteaquam
1728 4365 1774 4403 a.
1809 4363 1903 4401 ae-

625 4432 767 4488 tatis
809 4443 902 4493 17.
936 4433 1285 4508 Ingolstadii
1328 4433 1756 4508 philosophiam
1799 4434 1902 4490 ab·

629 4521 886 4576 solverat
918 4528 1095 4596 atque
1117 4541 1184 4579 ex
1206 4521 1406 4579 eadem
1430 4522 1683 4579 doctoris
1707 4522 1901 4597 digni-

703 4803 738 4861 1)
770 4796 850 4849 Cf.
881 4798 1156 4852 laauchert
1182 4800 1328 4869 Allg.
1357 4800 1408 4855 d.
1437 4800 1517 4853 Bi.
1535 4799 1848 4861 thesf)
1864 4818 1904 4854 0.

1956 3029 2172 3079 sarens,
2206 3011 2575 3070 consiliarius
2594 3011 2904 3082 fuldensiS,
2928 3012 3240 3070 scholasti·

1957 3118 2078 3170 cue,
2093 3100 2460 3158 ecclesiastes
2476 3101 2755 3159 ecclesiae
2773 3102 3062 3178 principis
3076 3101 3238 3159 fran-

1956 3189 2337 3248 cofordiensis
2350 3185 2410 3270 (†
2432 3200 2505 3252 16
2523 3202 2544 3253 1
2563 3188 2640 3265 9).
2653 3190 2917 3266 Reliquit
2927 3192 3236 3259 comicum,

1956 3297 2134 3353 opera
2178 3277 2481 3353 polemica,
2531 3280 2686 3337 inter
2731 3298 2909 3354 quae:
2953 3274 3238 3354 Dialoyus

1957 3369 2241 3442 mysticus.
2254 3368 2361 3425 Ein
2370 3385 2562 3426 newes
2573 3368 3233 3445 geistlichesGesprach,

1955 3455 2238 3514 zwischen
2285 3457 2478 3514 einem
2524 3456 2713 3533 Engel
2760 3457 2882 3515 und
2929 3457 3068 3514 sfinf
3093 3457 3233 3514 Per-

1958 3563 2173 3603 sonen:
2213 3545 2523 3604 Nemblich
2569 3546 2759 3604 einem
2821 3545 3234 3614 catholischen,

1956 3636 2347 3703 Lutheranen‚
2382 3635 2687 3703 Hussiten‚
2729 3634 3082 3693 Calvinisten
3114 3633 3236 3692 und

1956 3723 2146 3781 einem
2198 3723 2505 3799 gemeinen
2554 3723 2794 3799 Leyhen
2842 3743 2899 3781 u.
2943 3742 2987 3786 0.
3036 3742 3106 3781 w.
3168 3723 3235 3779 In

1956 3812 2238 3870 welchem
2268 3813 2515 3871 klarlich
2549 3814 2829 3870 erwiesen
2863 3811 2985 3869 und
3005 3811 3236 3888 grindt-

1959 3900 2073 3957 11011
2108 3901 2450 3977 angezeiget
2495 3901 2713 3969 wurde,
2762 3920 2850 3958 wo
2896 3900 2990 3958 die
3024 3900 3235 3977 aynige

1958 4008 2115 4048 ware
2146 3989 2401 4048 Kirchen
2434 3990 2639 4049 Gottes
2660 4036 2670 4047 .
2695 4039 2708 4052 .
2731 4035 2742 4046 .
2766 3989 2880 4047 wol
2912 4010 2984 4047 zu
3016 3989 3233 4058 finden,

1958 4079 2299 4154 Moguntiae
2320 4090 2339 4139 1
2361 4079 2742 4141 533.Simi1is
2764 4079 3101 4154 argumenti
3119 4080 3233 4135 est:

1958 4167 2350 4226 Griindlicher
2375 4168 2611 4225 Bericht
2630 4187 2735 4225 von
2756 4169 2859 4225 der·
2877 4187 3072 4225 waren
3092 4167 3233 4224 Kir-

1958 4258 2051 4313 ehe
2089 4257 2299 4331 GotteS,
2334 4275 2422 4313 wo
2456 4257 2576 4313 und
2608 4258 2720 4332 bey
2753 4257 3015 4315 welchen
3050 4256 3133 4314 sie
3165 4275 3235 4313 zu

1958 4345 2149 4403 dieser
2196 4345 2593 4420 gafahrlichen
2643 4346 2755 4403 zeit
2799 4345 3118 4420 eigentlich
3166 4364 3237 4402 zu

1959 4434 2156 4492 finden
2188 4434 2309 4491 und
2343 4434 2656 4509 bestendig
2687 4453 2758 4490 zu
2791 4432 3068 4492 behalten
3116 4452 3232 4507 sey,

2040 4662 2073 4721 ¹)
2102 4656 2183 4711 Cf.
2212 4658 2476 4720 Mederer,
2503 4656 2748 4709 Annales
2762 4654 2916 4708 acad.
2934 4655 3236 4724 ingolstad.

1960 4728 2030 4781 ad
2060 4747 2107 4781 a.
2136 4733 2289 4791 1604,
2338 4730 2436 4781 ubi
2462 4729 2700 4797 reperies
2745 4725 3069 4795 catalogum
3098 4728 3238 4795 ejus-

1960 4800 2085 4851 dem
2113 4815 2365 4868 operum.
