3625 5193
585 251 709 304 935

859 239 1229 295 1641—1663.
1257 234 1448 290 Theol.
1477 236 1652 291 schol.
1677 235 1738 289 in
1765 237 1835 292 lt.
1865 233 2251 292 Sententiarii.
2280 235 2507 290 Maurit.
2537 237 2606 289 de
2634 235 2800 307 Greg.
2825 239 2930 292 etc.

3082 256 3212 311 936

581 428 643 483 et
670 427 871 483 rerum
902 422 1230 500 principio;
1285 431 1340 485 2.
1372 422 1445 481 de
1477 423 1596 482 Deo
1643 423 1861 482 ultimo
1918 422 2065 482 Nov.
2107 419 2317 504 1651).
2364 422 2628 483 Plurima
2658 423 2911 500 reliquit
2942 442 3125 501 opera
3137 423 3211 504 ²),

583 513 695 572 fine
726 517 787 571 et
830 511 1043 572 mediis
1088 511 1161 570 ad
1205 530 1342 571 eum
1388 511 1860 588 assequendum;

582 613 638 665 3.
670 602 742 661 de
774 600 908 671 fide,
942 619 1047 678 spe
1077 603 1140 660 et
1169 601 1442 671 caritate3
1479 611 1534 663 4.
1568 600 1640 658 de
1670 619 1861 659 sacra-

577 691 795 750 mentis
825 690 890 749 in
921 708 1153 767 genere,
1196 689 1269 748 de
1303 689 1598 765 baptismo
1629 692 1690 748 et
1721 707 1861 749 con·

577 780 942 851 firmatione;
997 790 1052 842 5.
1101 777 1175 837 de
1225 778 1619 838 eucharistiae
1670 797 1862 838 sacra-

578 873 776 928 mento
807 871 870 927 et
911 866 1214 937 sacrifici0‚
1260 866 1624 943 poenitentia
1668 869 1731 926 et
1761 886 1859 926 ex·

577 963 768 1017 trema
798 957 1109 1027 unctione;
1145 965 1199 1018 6.
1233 956 1304 1015 de
1324 955 1528 1016 ordine
1560 959 1622 1015 et
1650 956 1861 1016 matri-

576 1047 790 1108 monio,
867 1045 1205 1106 Elaboravit
1265 1064 1504 1121 quoque
1563 1046 1861 1123 Loqicam,

577 1138 793 1195 Romae
851 1144 1015 1198 1623
1078 1135 1141 1193 in
1192 1144 1247 1196 4.
1298 1137 1359 1192 et
1409 1136 1861 1209 philosophiam,

578 1244 728 1300 quae
789 1223 1211 1300 complectitur
1278 1224 1741 1300 metaphysicam
1803 1226 1863 1282 et

574 1313 896 1391 physicam,
943 1312 1023 1374 ib.
1076 1320 1260 1374 1625.
1310 1320 1472 1376 1627
1522 1316 1564 1371 t.
1602 1322 1656 1373 2.
1707 1312 1859 1372 Lau·

576 1403 759 1463 datur
786 1402 850 1461 in
880 1402 989 1460 hoc
1018 1420 1191 1477 opere
1244 1401 1694 1477 ,compendiosa
1725 1402 1859 1460 bre·

576 1492 730 1550 vitas
760 1489 1161 1565 profundioris
1192 1490 1495 1549 doctrinae
1536 1508 1708 1549 succo
1740 1509 1861 1549 non

575 1581 750 1657 plane
781 1598 962 1639 vacua
975 1574 1042 1659 ¹).
1057 1586 1085 1616 ‘
1150 1579 1297 1637 Cum
1329 1598 1545 1656 magna
1593 1578 1862 1639 doctrina

568 1671 783 1745 juncta
826 1668 890 1727 in
922 1686 990 1728 eo
1034 1671 1161 1727 erat
1191 1667 1384 1726 virtus
1428 1667 1699 1744 insignis,
1745 1669 1859 1727 hu-

575 1757 798 1816 militas
828 1756 1198 1833 praeprimiS,
1245 1775 1364 1832 qua
1393 1756 1610 1816 infulas
1641 1757 1753 1816 sibi
1785 1757 1860 1815 ab

576 1845 919 1905 Innocentio
951 1845 1017 1908 X.
1063 1848 1124 1904 et
1152 1845 1485 1905 Alexandro
1518 1845 1643 1905 VII.
1694 1846 1858 1906 obla·

575 1939 668 1993 tas
713 1935 1021 1994 recusavit.
1072 1933 1237 1993 Obiit
1291 1946 1385 1997 10.
1416 1935 1557 1994 Jun.
1609 1945 1769 1998 1657
1807 1954 1857 1994 a.

577 2023 789 2084 aetatis
823 2033 920 2087 68.
958 2058 1039 2066 ——
1074 2023 1334 2083 Joannes
1366 2024 1677 2084 Benadu
1721 2024 1857 2083 cler.

574 2133 696 2192 reg.
728 2113 934 2173 Matris
969 2112 1075 2173 Dei
1105 2112 1404 2182 LucensiS,
1456 2112 1860 2189 philosophiae

575 2206 634 2262 et
680 2202 1012 2279 theologiae
1070 2201 1365 2279 professor
1423 2197 1486 2283 (†
1540 2212 1638 2265 24.
1689 2200 1856 2260 Febr.

583 2287 775 2372 1657)
810 2291 1055 2366 scripsit
1085 2291 1384 2350 Summam
1416 2291 1719 2369 theoloyiae
1750 2293 1858 2349 tri·

564 2383 841 2457 partitae,
890 2381 1062 2456 cujus
1106 2383 1345 2439 tantum
1375 2400 1429 2456 p.
1464 2379 1508 2438 Ι.
1542 2383 1604 2438 et
1634 2379 1707 2437 11.
1742 2380 1856 2438 Ro·

573 2490 701 2529 mae
742 2477 1081 2533 1651—52
1120 2468 1356 2544 prodiit.

669 2658 811 2712 396.
844 2646 914 2705 In
946 2647 1122 2705 libros
1151 2648 1560 2705 sommiorum
1601 2646 1857 2722 scripse-

573 2739 746 2797 runt:
790 2735 1014 2794 Paulus
1047 2734 1264 2793 Ciera
1296 2734 1360 2793 Ο.
1393 2736 1446 2795 S.
1478 2737 1635 2812 Aug.
1667 2734 1855 2795 Vene-

1917 529 1950 570 e
1999 511 2220 587 quibus
2271 513 2500 588 potiora
2548 515 2727 572 sunt:
2797 513 3214 573 Commentarii

1917 601 2160 659 laconici
2190 602 2271 659 ad
2299 620 2530 660 suasum
2556 603 2840 677 prooemii
2860 604 3212 679 paraphra-

1917 691 2047 748 stici
2090 691 2154 748 in
2185 692 2224 749 4
2271 697 2410 750 sent.
2446 692 2501 751 ll.
2536 735 2547 747 .
2584 736 2597 749 .
2630 739 2645 754 .
2678 690 2785 751 ubi
2831 691 2941 751 hoc
2986 691 3051 751 in
3091 692 3217 752 isto

1919 778 2222 838 volumine
2242 779 2396 838 mira
2416 779 2727 850 brevitate,
2765 781 2970 839 ordine
3002 799 3068 839 ac
3087 781 3213 840 cla·

1917 867 2097 926 ritate
2145 886 2266 929 non
2328 869 2519 928 solum
2572 869 2854 928 universa
2914 869 3217 947 theologia

1918 957 2260 1017 continetur
2321 976 2456 1017 cum
2516 958 2905 1018 terminorum
2966 976 3210 1018 concor·

1918 1044 2123 1105 dantia
2171 1046 2554 1124 Angelici,
2610 1047 2956 1106 Subtilis
3005 1048 3209 1107 docto-

1918 1134 2402 1211 rum,Aegidii
2427 1135 3213 1212 augustinianiBaconii·

1918 1242 2061 1299 que
2093 1224 2451 1295 carmelitae,
2500 1224 2604 1282 sed
2635 1225 2817 1284 etiam
2865 1227 3211 1285 summatim

1917 1331 2119 1371 omnes
2169 1313 2604 1374 controversiae
2656 1314 2816 1373 Scoti
2865 1315 2929 1373 in
2976 1332 3021 1373 s.
3055 1314 3209 1373 Tho·

1916 1421 2067 1459 mam
2105 1401 2286 1461 simul
2306 1422 2411 1478 per
2443 1402 2714 1479 singulos
2747 1404 2811 1461 ll.
2837 1421 2971 1462 cum
3006 1421 3208 1462 recen-

1915 1490 2192 1561 tioribus,
2226 1508 2336 1550 nec
2366 1510 2484 1551 non
2517 1492 2918 1568 oppositiones
2950 1492 3209 1550 haereti·

1917 1579 2088 1648 cales,
2153 1582 2397 1639 cunctae
2447 1599 2651 1640 earum
2701 1580 3099 1658 etymologiae
3145 1582 3215 1640 in

1915 1668 2238 1744 cujuslibet
2268 1668 2668 1729 distinctionis
2709 1670 2888 1728 finem
2936 1671 3209 1745 rejectae,

1916 1758 1978 1815 et
2005 1776 2213 1817 earum
2257 1758 2574 1834 scriptores
2607 1761 2667 1817 et
2716 1773 2924 1818 contra
2968 1762 3211 1818 centum

1915 1846 2109 1904 millia
2152 1846 2439 1906 falsorum
2481 1847 2729 1907 deorum
2774 1866 2882 1923 per
2927 1847 3207 1906 abeceda-

1915 1935 2074 1994 rium
2104 1954 2225 1994 una
2255 1954 2388 1994 cum
2413 1945 2536 1998 200
2573 1939 2633 1994 et
2664 1956 2731 1996 eo
2764 1936 2915 1995 forte
2944 1937 3208 2012 amplius

1916 2024 2297 2099 antiquarum
2317 2026 2833 2101 recentiorumque
2854 2025 3203 2100 opinionum

1915 2112 2542 2189 disceptationibus...
2562 2133 2696 2173 cum
2716 2114 3017 2174 additione
3040 2115 3205 2190 ejus-

1915 2201 2050 2260 dem
2082 2202 2208 2260 stili
2240 2221 2416 2277 quam
2449 2203 2780 2262 brevissimi
2815 2203 2879 2262 in
2910 2203 3019 2261 hac
3051 2202 3202 2261 ulti·

1915 2310 2010 2350 ma
2039 2290 2424 2367 impressione
2468 2293 2737 2351 omnium
2784 2292 3205 2367 quaestionum

1914 2383 1976 2438 et
2006 2383 2497 2457 argumentorum
2529 2381 2706 2452 Scoti,
2741 2381 3004 2452 Aureoli,
3059 2381 3205 2440 Gre-

1914 2468 2066 2545 gorii
2097 2469 2488 2529 Ariminensis
2521 2473 2583 2529 et
2611 2474 2943 2530 ceterorum
2976 2488 3009 2527 a
3034 2470 3204 2545 prin-

1914 2557 2041 2634 cipe
2105 2557 2523 2619 thomistarum
2575 2561 2649 2618 M.
2701 2559 2868 2621 Joan.
2920 2557 3206 2635 Capreolo

1914 2647 2295 2706 collectorum
2348 2651 2409 2707 et
2472 2648 2807 2708 solutorum
2858 2651 2916 2707 et
2965 2667 3072 2723 per
3124 2649 3205 2712 M.

1915 2736 2229 2795 Paulum
2265 2737 2641 2796 Soncinatem
2673 2738 2737 2796 in
2767 2737 3036 2796 divinum
3075 2738 3201 2813 epi-

573 2830 693 2893 tus,
727 2824 830 2900 qui
860 2826 1176 2899 postquam
1209 2824 1426 2882 Romae
1458 2824 1521 2882 in
1554 2824 1855 2900 Sapientia
1911 2828 2074 2885 toma
2105 2826 2190 2884 sic
2221 2829 2630 2901 nuncupatum
2662 2830 2723 2885 et
2746 2826 3199 2895 formalizatum,

574 2932 645 2972 ss.
678 2913 860 2972 libros
889 2912 1317 2988 interpretatus
1349 2915 1492 2985 erat,
1541 2913 1733 2973 factus
1765 2917 1857 2973 est
1912 2913 2074 2990 quod
2124 2913 2343 2974 dicitur
2402 2914 2782 2990 Capreolinus
2830 2915 2967 2991 plus
3018 2934 3202 2989 quam

573 3001 880 3078 episcopus
899 3000 1168 3060 Civitatis
1194 3020 1380 3061 novae
1411 3005 1473 3060 et
1502 3002 1637 3062 inde
1656 3005 1854 3062 trans·
1912 3003 2105 3061 decies
2151 3004 2507 3079 impressum
2548 3007 2793 3080 propter
2835 3005 2964 3079 ejus
3009 3005 3198 3063 excel-

572 3092 731 3150 latus
763 3091 837 3149 ad
868 3090 1067 3149 sedem
1092 3090 1370 3150 Vastinae
1400 3091 1464 3149 in
1495 3111 1678 3169 regno
1711 3110 1852 3152 nea·
1910 3091 2189 3152 lentiam:
2222 3111 2329 3151 nec
2361 3111 2481 3151 non
2513 3094 2622 3152 Mo
2641 3093 3025 3169 ntagnoli,
3070 3093 3203 3150 Ri-

572 3180 837 3256 politano
872 3175 932 3262 (†
961 3177 1170 3259 1648).
1202 3178 1408 3240 Edidit
1439 3179 1502 3239 in
1534 3182 1570 3241 l.
1616 3192 1662 3243 1.
1694 3175 1852 3261 (sen-
1911 3199 2048 3256 pae
2080 3181 2277 3257 episc„
2311 3181 2699 3253 Gonzalez,
2734 3181 3012 3258 Nugni,
3048 3181 3200 3240 Na-

569 3266 919 3351 tentiarum)
969 3268 1283 3327 Lombardi
1332 3272 1727 3343 responsiones
1776 3270 1856 3327 ad
1909 3269 2122 3339 zarii,
2156 3271 2362 3346 Bagn
2385 3271 2546 3341 ezii,
2582 3271 2933 3330 Medinae
2965 3273 3027 3329 et
3057 3270 3197 3328 alio-

568 3361 829 3437 quaesita
878 3359 1088 3428 omnia,
1140 3376 1291 3433 quae
1336 3358 1489 3416 circa
1540 3358 1852 3417 materiam
1910 3378 2041 3417 rum
2074 3358 2466 3418 recentiorum
2503 3359 2567 3418 Ο.
2602 3359 2804 3419 Praed.
2853 3360 2981 3419 loca
3019 3359 3203 3418 citata

570 3449 640 3507 de
672 3448 910 3508 unitate
931 3451 992 3506 et
1024 3446 1298 3507 trinitate
1320 3447 1654 3523 divinisque
1677 3447 1850 3506 attri·
1908 3447 1982 3505 ad
2013 3448 2291 3506 solvenda
2309 3453 2662 3525 argumenta
2681 3448 3064 3508 scotistarum
3094 3448 3191 3506 ul-

568 3537 731 3596 butis
752 3557 786 3596 a
805 3534 1272 3613 sapientioribus
1290 3536 1669 3596 scholasticae
1685 3536 1850 3595 theo·
1907 3538 2190 3596 timorum
2239 3538 2642 3608 Herrerae,
2691 3538 2967 3609 Radae,
3024 3536 3195 3595 Vul-

567 3627 757 3703 logiae
778 3626 1050 3702 patribus
1070 3624 1198 3682 fieri
1218 3625 1424 3696 solent,
1442 3626 1654 3684 Romae
1683 3634 1848 3689 1633
1908 3644 1946 3701 p
1962 3626 1984 3683 i
2000 3645 2026 3684 s
2057 3624 2575 3703 plurimorumque
2601 3630 2728 3697 etc.,
2761 3627 3009 3702 Neapoli
3031 3634 3193 3688 1645

567 3717 632 3774 in
665 3726 720 3778 4.
759 3748 847 3758 —
877 3712 1337 3788 christophorus
1371 3715 1852 3774 Brenzonius
1907 3714 1970 3773 in
2003 3714 2072 3785 f.;
2115 3716 2431 3773 Anatomia
2463 3718 2634 3775 totius
2666 3716 2891 3775 Bibliae
2938 3715 3001 3773 V.
3037 3721 3087 3772 et
3120 3714 3196 3774 N.

569 3805 633 3862 O.
666 3804 870 3872 Carm.,
923 3802 1095 3877 cujus
1139 3805 1583 3863 commentarius
1628 3806 1688 3862 in
1725 3806 1762 3861 4
1794 3805 1850 3862 ll.
1915 3804 1974 3861 T.
1995 3811 2045 3862 et
2074 3805 2382 3881 praecipue
2397 3805 2783 3882 Apocalypsis
2807 3808 2869 3863 et
2900 3804 2975 3863 de
3007 3803 3197 3863 omni-

567 3893 973 3949 sententiarum
1007 3889 1325 3949 admodum
1363 3911 1530 3951 rarus
1562 3911 1850 3967 carusque
1907 3893 2019 3952 bus
2052 3892 2520 3967 expositionibus
2552 3895 2675 3952 suis
2708 3913 2814 3953 seu
2845 3893 2916 3952 de
2940 3892 3201 3968 scripto-

568 3979 869 4054 quondam
899 3980 1028 4035 etat
1060 3973 1121 4058 (†
1142 3989 1167 4040 1
1185 3974 1340 4062 648)
1356 3984 1516 4040 —et
1532 3981 1850 4040 Mauritius
1907 3982 2073 4039 ribus
2106 3981 2517 4041 ecclesiasticis
2538 3999 2675 4041 cum
2695 3981 3196 4041 similitudinibus

567 4068 654 4125 de
704 4066 1078 4143 Gregorio
1129 4068 1191 4125 0.
1244 4068 1443 4127 Praed.
1497 4070 1848 4139 Cameratae‚
1909 4070 2167 4140 Homeri,
2203 4070 2452 4147 Virgilii,
2501 4071 2797 4130 Ciceronis
2829 4074 2891 4130 et
2934 4070 3198 4130 declara-

567 4155 726 4232 quod
758 4155 1039 4233 oppidum
1073 4159 1165 4214 est
1180 4157 1433 4232 Siciliae,
1466 4160 1663 4222 natus,
1697 4158 1849 4216 Nea·
1906 4154 2068 4219 tione
2089 4159 2508 4218 emblematum
2529 4159 2759 4231 Alciati,
2784 4159 3029 4236 Neapoli
3050 4176 3093 4217 s.
3116 4178 3195 4227 a.;

564 4246 688 4323 poli
718 4265 838 4305 non
859 4245 1162 4322 vulgarem
1198 4247 1271 4305 ab
1292 4246 1624 4305 eruditione
1644 4247 1850 4305 multi-
1907 4250 2300 4306 commentarii
2318 4250 2556 4307 laconici
2569 4250 2651 4308 ad
2667 4267 2895 4308 sensum
2907 4248 3194 4324 prooemii

564 4336 701 4412 plici
722 4354 787 4394 ac
817 4335 881 4394 in
900 4335 1062 4393 omni
1094 4335 1214 4393 fere
1235 4335 1615 4394 scientiarum
1638 4355 1851 4412 genere
1907 4338 1969 4395 in
2006 4339 2044 4395 4
2075 4338 2131 4394 ll.
2160 4345 2363 4396 contra
2388 4335 2645 4415 yentt'IeS,
2693 4338 2772 4402 ib.
2812 4348 2975 4401 1644
3031 4336 3091 4407 in
3124 4336 3195 4405 f.;

564 4425 778 4483 famam
809 4424 922 4483 sibi
970 4424 1350 4498 comparavit.
1400 4424 1849 4500 Antiquitatum
1906 4427 2233 4500 aphorismi
2281 4444 2387 4485 seu
2443 4427 2684 4485 Summa
2733 4427 3001 4487 omnium
3055 4443 3196 4483 con-

564 4512 682 4570 fuit
712 4513 1015 4572 studiosus
1049 4517 1110 4570 et
1139 4511 1204 4569 in
1225 4513 1575 4587 quaerendis
1608 4514 1848 4572 rariori-

567 4599 678 4657 bus
710 4601 936 4659 arcanis
969 4600 1211 4660 sedulus
1262 4605 1663 4677 perscrutator
1696 4598 1756 4684 (†
1792 4612 1847 4664 3.

1983 4651 2022 4720 ¹)
2050 4647 2270 4703 Echard
2297 4650 2363 4716 ΙΙ,
2393 4654 2515 4713 567,
2557 4652 2658 4719 qui
2698 4665 2765 4704 ea
2800 4648 3108 4720 distinguit
3131 4646 3194 4699 in

1907 4719 2255 4787 scholastica,
2276 4719 2620 4791 dogmatica,
2634 4720 3012 4790 paraenetica,
3030 4734 3197 4773 cano·

1906 4790 2051 4857 nica,
2080 4806 2244 4846 casus
2269 4792 2507 4846 morales
2535 4796 2592 4847 et
2619 4792 2905 4847 historica.

645 4786 683 4853 ¹)
709 4785 948 4841 Michael
973 4804 1006 4840 a
1032 4806 1073 4843 s.
1100 4787 1215 4845 Jos.
1248 4789 1343 4854 IV,
1372 4794 1456 4847 13.
