3625 5193
592 233 714 286 703
1065 217 1435 272 1621—1640.
1462 210 1774 281 Theologia
1801 210 2048 280 positiva
2076 215 2133 265 et
2158 212 2440 282 polemica
2465 211 2527 265 in
2553 212 2738 268 Italia.
3087 231 3212 284 704

587 420 704 477 que
738 400 1040 459 adhibitus
1079 400 1335 476 negotia.
1384 400 1526 459 Cum
1572 397 1872 474 pontificis
1925 397 2170 456 nunciat
2188 393 2264 479 ¹):
2303 397 2447 466 ,Vir
2471 396 2625 472 pius,
2659 397 2908 474 integer,
2943 398 3213 457 veritatis

588 490 759 549 venia
790 490 976 548 ritum
1008 507 1288 566 graecum
1323 506 1458 547 cum
1497 488 1688 546 latino
1722 505 1872 546 com·
1925 504 2148 556 amans,
2197 486 2578 545 sectariorum
2609 486 2814 555 hostis,
2862 506 3116 562 quorum
3150 491 3215 546 et

587 578 857 636 mutavit.
920 578 1168 653 Aliquot
1216 578 1387 636 annis
1436 580 1574 635 ante
1618 579 1872 634 mortem
1927 575 2167 633 nomina
2210 575 2536 643 abhorruit,
2592 574 2724 650 plus
2770 579 2969 634 tamen
3018 594 3211 650 aequo

585 667 651 725 in
678 671 901 726 terram
933 668 1230 742 projectus
1261 667 1381 724 fuit
1410 666 1483 724 ab
1515 684 1667 740 equo
1691 667 1871 740 atque
1924 663 2248 734 ardentius,
2292 666 2352 722 et
2384 682 2517 722 cum
2549 667 2750 737 posset
2788 683 3209 739 saepenumero

583 756 670 814 ita
699 757 848 815 male
893 757 1153 825 affectus,
1200 758 1270 813 ut
1314 755 1565 830 pedibus
1610 754 1703 812 uti
1747 773 1870 811 am·
1923 753 2278 820 rationibus,
2326 753 2564 827 injuriis
2596 752 2809 811 maluit
2852 754 3041 811 tutari
3075 771 3210 812 sen-

585 846 744 920 plius
775 865 896 904 non
926 845 1223 921 potuerit;
1273 844 1543 919 quotidie
1576 847 1778 902 tamen
1808 842 1871 900 in
1923 841 2202 912 tentiam;
2255 841 2339 900 sic
2370 841 2511 899 dum
2553 835 2766 912 omnia,
2818 861 3209 918 quaecunque

584 933 998 993 bibliothecam
1050 933 1275 1010 portari
1325 933 1530 1002 voluit,
1583 931 1786 1007 ibique
1837 951 1872 989 a
1923 934 2309 1006 excerpserat,
2356 931 2417 987 in
2451 948 2806 1006 quocunque
2844 934 3205 1007 argumento

584 1042 758 1083 mane
807 1041 1000 1098 usque
1051 1023 1125 1081 ad
1170 1040 1473 1096 vesperam
1519 1021 1735 1079 studiis
1770 1039 1869 1078 va-

585 1130 722 1170 cans
772 1112 1057 1170 remansit
1073 1107 1136 1192 1).
1215 1110 1460 1180 Quando
1507 1110 1721 1169 obierit
1776 1110 1868 1167 in·

584 1205 807 1259 certum
827 1204 935 1270 est,
958 1195 1166 1281 vixitss)
1180 1203 1384 1258 tamen
1404 1199 1595 1259 adhuc
1609 1219 1658 1256 a.
1685 1208 1801 1261 163
1815 1208 1867 1260 2.

585 1288 842 1348 Plurima
872 1288 1121 1363 reliquit
1135 1307 1327 1365 opera,
1361 1307 1614 1363 quorum
1642 1288 1868 1363 praeci-

583 1397 775 1454 puum
819 1381 912 1436 est
951 1379 1018 1436 de
1061 1378 1368 1436 concordia
1397 1378 1681 1435 Ecclesiae
1725 1379 1867 1434 occi-

584 1468 830 1524 dentalis
874 1473 923 1525 et
953 1469 1249 1525 orientalis
1291 1466 1356 1524 in
1400 1470 1625 1542 septem
1673 1483 1862 1523 sacra-

584 1558 922 1614 mentorum
1000 1554 1544 1624 administratione,
1627 1554 1866 1612 Parisiis

592 1653 790 1713 1619;
833 1653 996 1706 1626
1032 1644 1096 1702 in
1130 1657 1196 1704 ⁴:
1244 1662 1362 1718 quo
1403 1643 1466 1702 in
1510 1662 1684 1719 opere
1733 1662 1865 1720 pro-

585 1733 724 1791 bare
753 1732 989 1803 nititur,
1037 1732 1313 1791 ecclesias
1344 1732 1477 1790 illas
1515 1732 1860 1807 antiquissi-

581 1840 705 1879 mas
736 1821 802 1881 in
831 1840 894 1879 re
914 1822 1367 1880 sacramentaria
1389 1821 1702 1881 concordes
1722 1839 1863 1880 esse.

584 1909 751 1979 Quod
801 1911 855 1968 si
906 1911 1124 1970 alicubi
1173 1912 1445 1969 nonnulli
1504 1910 1724 1970 abusus
1773 1911 1867 1969 vel

582 1999 759 2058 falsae
820 2000 1340 2073 interpretationes
1418 2002 1480 2059 in
1560 1999 1862 2058 ecclesiam

582 2089 937 2147 Graecorum
999 2089 1392 2164 posteriorum
1461 2088 1862 2148 schismatico-

579 2196 712 2236 rum
758 2196 932 2253 opera
976 2177 1341 2253 irrepserint,
1388 2197 1487 2238 eos
1534 2179 1763 2255 detegit
1802 2181 1865 2236 et

580 2266 933 2325 auctoritate
964 2285 1040 2324 ss.
1081 2271 1319 2343 patrum
1364 2271 1487 2326 tam
1516 2286 1863 2344 graecorum

580 2374 758 2429 quam
790 2355 1112 2415 latinorum
1142 2356 1351 2432 rejicit.
1413 2357 1475 2414 Si
1505 2357 1651 2431 quid
1683 2357 1861 2415 etiam

578 2446 687 2513 est,
734 2444 893 2518 quod
936 2463 1072 2503 cum
1118 2446 1536 2522 antiquitatem
1582 2445 1861 2514 redoleat,

579 2532 994 2591 difficultatem
1056 2536 1255 2592 tamen
1306 2535 1565 2610 aliquam
1615 2534 1859 2610 patitur,

578 2626 820 2681 excusat
863 2622 1016 2681 illud
1049 2627 1255 2682 auctor
1295 2628 1354 2681 et
1384 2624 1447 2682 in
1479 2624 1694 2681 bonam
1724 2643 1860 2699 par·

578 2714 701 2770 tem
746 2711 958 2786 accipit
1001 2711 1111 2769 hoc
1153 2711 1301 2787 ipsc,
1348 2712 1506 2786 quod
1554 2715 1859 2770 vetustum

578 2798 659 2856 sit
702 2801 762 2857 et
810 2803 1122 2874 propterea
1165 2800 1555 2859 tolerandum.
1618 2801 1862 2860 Frustra

576 2905 714 2945 vero
733 2891 1132 2962 protestantes
1165 2889 1238 2947 ad
1262 2890 1557 2964 quendam
1587 2888 1747 2949 inter
1764 2909 1857 2949 ec-

577 2974 820 3034 clesiam
853 2976 1199 3036 catholicam
1234 2982 1295 3037 et
1324 2997 1594 3055 graecam
1633 2978 1856 3038 dissen-

576 3083 710 3122 sum
739 3064 803 3123 in
834 3083 959 3124 rem
979 3084 1149 3125 suam
1182 3086 1496 3143 provocare
1515 3065 1857 3151 ostendit3).

573 3152 799 3213 Idcirco
830 3173 967 3213 vero
1000 3156 1177 3214 etiam
1208 3174 1357 3232 opus
1391 3157 1498 3214 hoc
1526 3157 1728 3233 magni
1762 3177 1858 3215 ae·

575 3242 872 3313 stimatur,
907 3244 1064 3319 quod
1096 3244 1268 3320 plura
1303 3245 1564 3320 pretiosa
1593 3246 1858 3321 antiqui·

572 3333 716 3391 tatis
736 3336 1122 3392 monumenta
1139 3333 1567 3410 complectitur.
1600 3335 1856 3392 Nimiam

571 3423 776 3480 tamen
807 3421 929 3479 stili
960 3423 1341 3481 acerbitatem
1372 3422 1436 3480 in
1467 3423 1572 3482 illo
1603 3426 1859 3498 carpunt

572 3511 686 3569 viri
731 3510 1027 3588 eruditi4).
1074 3513 1169 3570 Ita
1199 3511 1270 3570 de
1316 3530 1383 3570 eo
1415 3511 1674 3571 Allatius
1722 3530 1855 3587 pro·

650 3684 686 3753 ¹)
716 3680 798 3735 cf.
840 3680 1234 3748 Erythraeum,
1275 3681 1466 3737 Pinac.
1505 3682 1547 3746 1,
1589 3685 1712 3745 225,
1758 3682 1857 3748 qui

572 3751 808 3804 alterius
827 3752 1078 3817 Arcudii,
1102 3753 1144 3805 F
1162 3770 1188 3805 r
1203 3770 1237 3806 a
1252 3771 1291 3805 ιι
1308 3753 1412 3808 cis
1430 3753 1491 3805 ci
1518 3752 1856 3824 cognomine

571 3821 834 3875 meminit
857 3822 924 3885 Il,
951 3826 1036 3879 23.

568 3962 604 4014 b
646 3894 686 3963 ²)
730 3890 807 3943 Ut
851 3893 1132 3963 colligitur
1174 3910 1242 3947 ex
1286 3894 1486 3949 Allatii
1527 3894 1560 3948 l.
1598 3911 1732 3965 apes
1771 3912 1855 3946 ur-

608 3978 763 4015 anae.

644 4038 685 4106 ⁸)
713 4034 921 4087 Contra
947 4034 1053 4090 hoc
1079 4052 1222 4105 opus
1250 4036 1433 4089 edidit
1445 4036 1478 4088 J
1483 4053 1691 4090 oannes
1713 4036 1856 4107 Bap-

571 4104 706 4158 tista
732 4103 1293 4176 Catumsyritus
1328 4107 1742 4178 Malo-graecus,
1770 4124 1856 4161 ca·

569 4175 804 4231 nouicus
830 4180 889 4229 et
912 4177 1156 4232 vicarius
1174 4178 1458 4249 generalis
1477 4181 1855 4233 crassetanus:

579 4249 715 4302 Vera
741 4253 1016 4320 utrimque
1044 4253 1302 4304 Ecclesiae
1333 4254 1635 4320 concordia,
1678 4250 1855 4305 Vene-

1922 1018 2115 1077 dicere
2164 1019 2384 1084 studet.
2429 1019 2782 1095 plerumque
2827 1039 2861 1077 a
2904 1020 3210 1096 proposito

1923 1107 2393 1184 digressionibus
2439 1108 2634 1182 iisque
2678 1107 3036 1184 longissimis
3082 1127 3210 1167 rem

1920 1331 2004 1384 ler
2031 1332 2092 1401 (l,
2109 1335 2252 1396 237),
2281 1331 2363 1384 ita
2383 1330 2451 1384 de
2471 1347 2537 1384 eo
2572 1329 2797 1384 scribit:
2830 1329 2963 1392 „Die
2985 1328 3208 1384 Grund-

1920 1403 2070 1456 satze
2108 1403 2170 1456 in
2211 1402 2320 1455 den
2364 1401 2645 1457 SchriFten
2693 1401 2790 1455 des
2822 1400 3207 1455 Arcadius

1919 1472 2046 1526 sind
2069 1472 2249 1543 gewiss
2277 1473 2366 1527 die
2392 1472 2689 1541 richtigen,
2735 1472 2867 1527 aber
2892 1489 2949 1527 es
2977 1471 3121 1526 fehlt
3144 1474 3207 1526 in

1920 1542 2227 1598 denselben
2268 1544 2357 1597 die
2387 1543 2661 1613 Ordnung
2700 1544 2816 1596 und
2854 1543 2954 1597 der
2980 1543 3089 1596 Stil
3131 1543 3210 1597 ist

1920 1619 2095 1669 etwas
2120 1615 2457 1685 nachlfissig.
2507 1614 2631 1670 Alle
2658 1615 2844 1669 haben
2871 1613 2950 1667 im
2977 1614 3207 1669 Ganzen

1919 1686 2030 1740 den
2051 1686 2448 1755 Hauptzweck‚
2469 1685 2560 1739 die
2581 1685 2853 1739 romische
2867 1684 3069 1739 Kirche
3088 1687 3207 1739 und

1918 1755 2081 1811 ihren
2133 1758 2394 1814 Glauben
2448 1773 2629 1827 gegen
2691 1757 2790 1811 das
2853 1757 3207 1826 griechische

1919 1829 2171 1882 Schisma
2210 1846 2279 1881 zu
2307 1828 2582 1882 vertheidi
2625 1845 2713 1892 en,
2753 1828 2846 1882 ein
2872 1828 3068 1881 Zweck
3106 1828 3208 1880 der

1919 1899 2025 1953 den
2073 1900 2114 1951 V
2121 1901 2357 1954 erfasser
2395 1899 2503 1953 den
2605 1899 2917 1972 itgliedern·
2945 1899 3208 1953 letzterer

1916 1971 2121 2025 Kirche
2164 1971 2399 2025 verbasst
2443 1971 2689 2036 machte‚
2733 1970 2851 2023 und
2897 1987 3008 2023 von
3053 1970 3206 2024 Seite

1918 2042 2073 2096 ihrer
2091 2041 2495 2096 Schriftsteller
2518 2042 2638 2095 ihm
2659 2042 2873 2095 bittern
2889 2040 3056 2094 Hohn
3086 2041 3206 2095 und

1918 2114 2087 2182 Spott
2112 2131 2305 2182 zuzog.
2359 2112 2469 2167 Der
2507 2113 2762 2182 gelehrte
2787 2113 2897 2167 Leo
2939 2111 3203 2176 Allatius‚

1917 2184 2094 2239 selbst
2117 2185 2208 2238 ein
2230 2183 2483 2248 Grieche‚
2512 2184 2629 2237 lasst
2651 2184 2771 2237 ihm
2794 2183 2951 2237 mehr
2971 2183 3206 2237 Gerech-

1917 2254 2127 2325 tigkeit
2166 2255 2561 2319 widerfahren‚
2613 2254 2869 2324 obgleich
2907 2271 2967 2308 er
3005 2254 3206 2321 meint,

1917 2327 2013 2380 des
2028 2328 2076 2378 A
2092 2345 2119 2379 r
2133 2344 2162 2379 c
2178 2344 2215 2379 u
2232 2327 2267 2379 d
2283 2326 2302 2379 i
2320 2344 2357 2379 u
2375 2344 2399 2379 s
2418 2326 2569 2380 Eifer
2580 2326 2726 2380 habe
2742 2342 2816 2378 an
2833 2327 3018 2379 einem
3040 2325 3204 2380 Uber·

1916 2401 2042 2451 mass
2079 2397 2370 2467 gelitten.“
2431 2397 2509 2452 Cf.
2538 2397 2753 2450 Andres
2778 2397 2816 2450 l.
2844 2413 2890 2451 c.
2918 2401 2966 2452 1.
2995 2413 3040 2449 c.
3067 2402 3116 2452 5.
3145 2414 3204 2466 p.

1916 2472 2051 2540 368;
2078 2468 2407 2523 'Piraboschi
2432 2470 2476 2523 t.
2505 2472 2587 2524 14.
2615 2468 2651 2523 l.
2677 2473 2727 2524 2.
2756 2484 2801 2521 c.
2830 2473 2877 2524 1.
2906 2486 2959 2521 n.
2989 2473 3053 2525 2:
3092 2467 3204 2522 Du-

1915 2539 2015 2609 pin
2042 2539 2218 2605 XVIl,
2244 2544 2314 2598 56
2340 2539 2414 2592 ad
2438 2538 2642 2592 Allatii
2676 2556 2965 2593 censuram
3002 2556 3206 2609 provo-

1914 2629 2062 2665 cans.
2090 2612 2286 2665 Acrior
2310 2614 2396 2665 est
2419 2627 2671 2675 censura,
2700 2627 2847 2680 quae
2874 2610 3118 2664 habetur
3142 2611 3205 2664 in

1918 2701 2008 2752 op.
2037 2683 2363 2752 Perpetuite
2395 2682 2463 2736 de
2507 2682 2565 2735 la
2605 2681 2684 2737 foi
2714 2685 2753 2734 t.
2777 2685 2832 2739 4.
2866 2682 2904 2736 1.
2932 2700 2975 2735 c.
3005 2688 3054 2738 1.
3097 2682 3203 2747 (ed.

1916 2755 2051 2824 Mig.
2093 2759 2144 2819 3,
2184 2759 2255 2811 24
2280 2758 2375 2826 s.):
2421 2754 2561 2815 „Son
2602 2769 2848 2822 ouvrage
2888 2753 2975 2806 est
3011 2753 3209 2823 plutot

1913 2842 2021 2880 une
2065 2828 2423 2880 controversa
2477 2822 2823 2878 continuelle
2873 2826 3065 2877 contre
3116 2824 3204 2878 les

1915 2897 2098 2962 Grecs,
2141 2898 2363 2965 qu'une
2404 2895 2722 2964 exposition
2762 2894 2929 2949 fidele
2970 2895 3038 2949 de
3077 2893 3206 2949 leur

1914 2967 2168 3023 doctrine
2208 2968 2357 3022 etde
2382 2967 2507 3020 leur
2546 2966 2841 3036 discipline
2881 2983 2974 3020 sur
2998 2966 3079 3020 les
3117 2982 3204 3019 sa-

1912 3041 2189 3093 crementa
2208 3060 2219 3092 :
2244 3038 2289 3091 il
2314 3038 2395 3091 les
2415 3054 2611 3092 accuse
2631 3040 2875 3092 souvent
2888 3037 2999 3090 mal
3022 3040 3057 3091 a
3076 3053 3202 3107 pro·

1911 3128 2030 3179 pos,
2058 3113 2117 3165 et
2138 3110 2182 3163 il
2203 3112 2394 3179 parait
2419 3125 2529 3177 que
2555 3108 2614 3163 la
2638 3108 2791 3178 tegle
2811 3108 2882 3163 de
2908 3109 2966 3162 la
2985 3108 3065 3162 foi
3090 3108 3198 3161 sui-

1913 3184 2052 3235 vant
2090 3181 2336 3251 laquelle
2375 3179 2419 3233 il
2445 3179 2754 3234 examinait
2778 3180 2859 3234 les
2893 3179 3058 3233 Grecs
3085 3180 3199 3234 s'e·

1910 3253 2153 3322 loignait
2190 3256 2431 3307 souvent
2457 3253 2526 3305 de
2567 3252 2623 3304 la
2651 3250 2941 3315 tradition,
2977 3250 3119 3304 dans
3145 3249 3203 3305 la

1910 3323 2125 3378 crainte
2152 3324 2221 3378 de
2261 3323 2537 3377 s'ecarter
2576 3325 2706 3376 tant
2742 3322 2852 3376 soit
2890 3339 3003 3390 peu
3044 3321 3113 3375 de
3140 3338 3200 3375 ce

1912 3396 2065 3463 qu’il
2093 3396 2251 3449 avait
2269 3395 2462 3465 appris
2483 3393 2624 3448 dans
2651 3391 2691 3445 l’
2706 3393 2873 3458 eoois,
2902 3391 3061 3446 catil
3085 3394 3200 3445 n'a-

1912 3466 2035 3520 vait
2074 3483 2173 3535 pas
2214 3466 2270 3519 d'
2286 3468 2449 3519 autre
2489 3464 2788 3533 theologie.
2835 3464 2997 3518 C'est
3031 3478 3200 3545 pour·

1912 3537 2047 3605 quoi
2068 3537 2110 3590 il
2130 3537 2444 3591 condamne
2465 3536 2605 3589 dans
2622 3535 2702 3589 les
2724 3534 2892 3589 Grecs
2912 3535 3199 3604 plusieurs

1911 3609 2252 3662 ceremonies
2279 3610 2337 3663 et
2370 3607 2613 3661 diverses
2639 3606 2851 3676 prietes
2891 3622 3202 3660 sacramen-

1912 3679 2099 3734 telles:
2125 3697 2185 3733 ce
2207 3678 2308 3749 qui
2328 3695 2398 3732 ne
2424 3679 2467 3731 s'
2483 3677 2769 3732 accordait
2786 3694 2887 3747 pas
2908 3693 3042 3732 avec
3062 3676 3138 3730 l’a
3181 3709 3200 3718 -

1912 3749 2209 3819 probation
2250 3768 2357 3818 que
2387 3750 2464 3804 les
2491 3766 2668 3819 papea
2706 3747 2941 3802 avaient
2979 3748 3132 3803 donn
3168 3764 3198 3801 e

1911 3837 1980 3874 en
2025 3821 2309 3890 plusieurs
2364 3820 2647 3876 occasions
2689 3836 2801 3873 aux
2843 3819 2978 3874 rites
3019 3835 3195 3888 grecs.

1912 3893 2079 3946 Aussi
2107 3893 2336 3961 quoiqu'
2351 3892 2395 3947 il
2420 3894 2519 3946 eut
2537 3891 2798 3959 composa
2824 3907 2926 3946 son
2947 3905 3196 3959 ouvrage

1910 3966 1944 4017 a
1967 3963 2159 4028 Rome,
2199 3966 2274 4017 01⁸1
2298 3964 2338 4018 il
2367 3962 2523 4017 avait
2565 3978 2634 4015 eu
2663 3962 2759 4016 des
2795 3960 3031 4031 emplois
3068 3976 3198 4014 con·

1910 4034 2232 4100 siderables‚
2272 4034 2315 4087 il
2341 4051 2411 4088 ne
2479 4035 2545 4088 ut
2580 4032 2670 4101 l’y
2706 4031 2847 4086 faire
2884 4030 3196 4101 imprimet,

1910 4109 1968 4160 et
1992 4106 2036 4159 il
2063 4107 2336 4174 l’envoya
2361 4110 2395 4159 a
2466 4105 2591 4159 aris.
2623 4103 2764 4158 Mais
2798 4119 2872 4155 on
2895 4104 3197 4156 reconnait

1909 4194 2059 4231 assez
2088 4179 2185 4245 qu’
2201 4194 2275 4231 on
2296 4179 2434 4230 n'en
2455 4194 2489 4230 a
2514 4192 2617 4245 pas
2637 4175 2743 4229 tire
2762 4173 2830 4227 de
2850 4174 2965 4227 fort
2983 4173 3196 4243 grands

1909 4264 2127 4302 secours
2171 4264 2317 4317 pour
2356 4248 2412 4302 la
2455 4247 2851 4302 connaissance
2894 4247 3087 4299 exacte
3128 4244 3196 4298 de

568 4319 664 4373 tiis
685 4323 841 4383 1632,
869 4319 928 4373 in
950 4339 1066 4390 qua
1091 4322 1209 4375 zelo
1236 4320 1651 4376 inconsiderato
1678 4324 1735 4374 et
1754 4322 1855 4375 mi·
1906 4319 2131 4389 l’eglise
2152 4336 2393 4390 grecque
2410 4318 2704 4389 moderne;
2726 4317 3000 4371 d'autant
3015 4316 3196 4370 meme

567 4408 675 4446 nus
701 4406 885 4515 aeguo
913 4392 1246 4463 aggreditur
1272 4394 1525 4459 Graecos,
1555 4392 1702 4446 unde
1730 4393 1855 4461 ejus
1908 4391 2059 4460 qu’il
2086 4391 2227 4445 etait
2260 4392 2508 4460 tres-peu
2535 4390 2692 4444 verse
2720 4388 2862 4442 dans
2899 4388 2958 4442 la
2983 4387 3196 4442 lecture

568 4477 738 4531 opera

813 4480 918 4523 ecr.
946 4468 996 4521 9.
1022 4465 1157 4546 Maj.
1187 4467 1324 4521 1636
1365 4463 1523 4517 fuere
1563 4463 1854 4530 quondam
1908 4463 2004 4517 des
2029 4461 2199 4517 livres
2239 4478 2396 4532 greca
2424 4461 2497 4515 du
2531 4477 2735 4528 moyen
2775 4462 2834 4515 et
2858 4460 2935 4513 du
2976 4458 3197 4513 dernier

565 4532 855 4600 prohibita
896 4537 1165 4605 ‚exceptis
1201 4534 1290 4601 iis,
1332 4550 1476 4602 quae
1515 4535 1587 4588 ab
1627 4537 1853 4589 auctore
1907 4537 2027 4603 age,
2071 4532 2305 4602 quoiqu'
2321 4533 2429 4587 elle
2470 4532 2577 4586 soit
2613 4531 2975 4586 absolument
3012 4530 3194 4583 neces·

568 4604 706 4655 sunt
741 4619 866 4657 reco

568 4672 842 4742 probata.‘
897 4676 950 4728 'f.
976 4676 1193 4730 Reusch
1219 4676 1288 4741 11,
1319 4680 1438 4732 146.

949 4605 1046 4670 ita,
1098 4606 1310 4659 Romae
1349 4604 1556 4658 iterum
1597 4605 1751 4659 edita
1788 4622 1853 4659 ac
1907 4605 2100 4659 saire.“

1987 4682 2022 4747 ¹)
2051 4675 2131 4730 De
2159 4674 2348 4729 eccles.
2390 4674 2561 4729 occid.
2598 4676 2656 4727 et
2682 4673 2880 4728 orient.
2914 4673 3193 4742 perpetuo

640 4742 1854 4815 ⁴)1cf.Dax‚KL.1‚1269‚quipraeeunteFel-
1909 4762 2182 4802 consensu
2212 4746 2248 4801 l.
2274 4750 2323 4803 3.
2352 4762 2395 4799 c.
2425 4751 2474 4801 7.
2501 4754 2529 4811 g
2556 4749 2640 4805 13.
