3625 5193
536 168 557 219 1
578 166 610 218 5
970 150 1341 205 1564—1580.
1368 146 1683 218 Theologia
1707 147 1819 217 pol.
1847 147 1905 200 in
1934 146 2136 201 Gallia.
2163 146 2281 201 Jac.
2309 145 2492 216 Hug0‚
2522 145 2680 212 Dore,
3055 165 3131 219 15

526 333 840 410 promovit,
876 352 953 393 ss,
983 333 1189 393 literas
1234 336 1328 393 est
1357 335 1802 410 interpretatus.
1859 336 2000 410 quia
2030 334 2337 410 ingeniosa
2352 327 2414 413 ¹).
2447 333 2748 393 Adversus
2768 334 3136 394 Calvinianos

526 428 579 482 A
611 423 1003 481 Granvellano
1036 424 1424 482 attrebatensi
1469 424 1804 500 archiprae-
1859 424 2123 500 scripsit:
2172 422 2491 481 Paradoxa
2523 418 2705 506 (100)
2741 467 2754 479 .
2789 470 2805 485 .
2837 468 2850 480 .
2898 422 2973 482 ad
3003 442 3136 498 pro·

529 513 659 571 sule
690 512 845 569 tanti
897 515 990 571 est
1040 512 1251 583 factus,
1303 514 1374 571 ut
1423 532 1560 572 eum
1593 512 1708 572 sibi
1739 514 1805 572 in
1859 512 2147 591 fligandas
2177 512 2448 571 haereses
2496 531 2568 571 ex
2599 513 2652 571 d.
2687 513 2861 571 Pauli
2891 532 2980 587 ap.
3013 512 3138 588 epi-

527 602 866 677 episcopum
901 601 1247 661 auxiliarem
1279 602 1587 679 selegerit:
1622 621 1803 678 eoque
1862 603 2031 662 stolis
2064 601 2278 661 selecta
2312 601 2920 677 ineluctabilibusque
2940 619 3016 660 ss.
3037 621 3140 677 pa·

527 690 814 749 translato
848 690 1219 750 Mechliniam
1264 690 1393 767 ipse
1436 692 1498 750 in
1531 692 1807 751 cathedra
1860 696 2023 751 trum
2054 690 2413 749 testimoniis
2428 690 2675 761 firmata,
2707 691 2949 749 Parisiis
2976 699 3136 752 1543

527 779 852 856 episcopali
900 780 1183 839 successit
1229 774 1475 862 (1561).
1540 780 1804 857 Vigilan-
1862 782 1925 840 in
1961 790 2032 851 83
2065 780 2365 839 Adunatio
2389 779 2833 856 praecipuarum
2866 780 3141 838 materia-

528 868 759 927 tissime
820 886 996 927 suum
1057 888 1300 946 gregem
1361 871 1485 928 tam
1546 870 1806 930 docendo
1864 890 1995 928 rum
2030 868 2281 945 sparsim
2324 871 2741 927 contentarum
2785 871 2848 927 in
2893 868 3140 927 diversis

531 977 710 1033 quam
760 958 1149 1032 praedicando
1201 958 1487 1018 adversus
1533 960 1806 1018 haereses
1862 959 2008 1019 locis
2040 977 2130 1033 ep.
2183 957 2237 1016 d.
2271 958 2441 1017 Pauli
2475 959 2600 1033 Ap.,
2648 957 2893 1016 Parisiis
2939 967 3139 1026 15553

529 1047 894 1123 praemuniit
925 1046 1083 1105 felici
1127 1065 1399 1107 successu
1416 1042 1480 1129 ¹).
1526 1048 1810 1107 Interfuit
1872 1058 2035 1112 1557
2059 1048 2122 1106 in
2151 1056 2265 1118 16.,
2299 1066 2478 1123 quam
2508 1045 2758 1123 opellam
2787 1047 3019 1122 primus
3039 1047 3142 1105 de-

532 1135 774 1195 concilio
825 1135 1170 1206 tridentin0,
1224 1138 1287 1196 in
1336 1155 1456 1213 quo
1510 1136 1808 1214 insignem
1864 1138 2114 1197 lineavit
2188 1135 2616 1213 Dionysius
2712 1135 3140 1204 carthusianae,

532 1224 604 1283 de
636 1225 994 1283 eucharistia
1031 1225 1354 1285 orationem
1387 1227 1615 1296 habuit,
1654 1245 1808 1302 quae
1865 1228 2078 1286 Petrus
2099 1243 2235 1284 vero
2255 1225 2422 1284 auxit
2439 1226 2501 1283 et
2520 1223 2859 1283 illustravit.
2881 1224 3141 1283 Antical-

533 1314 770 1389 saepius
821 1314 984 1390 typis
1018 1314 1238 1389 prodiit
1267 1319 1340 1375 ut
1369 1316 1602 1375 Brixiae
1642 1322 1804 1379 1563
1865 1319 1959 1375 vin
1991 1317 2312 1374 contenant
2327 1313 2481 1373 deux
2497 1313 2760 1373 defensas
2777 1314 3143 1388 catholiques

530 1399 590 1476 (†
638 1412 737 1464 26.
784 1402 905 1461 Jul.
959 1399 1173 1484 1574).
1236 1406 1479 1463 Praeter
1508 1407 1624 1464 alia
1667 1404 1807 1463 reli·
1866 1405 2026 1464 dela
2058 1403 2246 1462 verite
2293 1403 2377 1462 du
2425 1421 2469 1461 s.
2505 1403 2842 1462 Sacrement
2871 1406 2932 1461 et
2963 1401 3144 1479 digne

530 1492 663 1567 quit
724 1499 941 1551 statuta
971 1495 1275 1568 synodalia
1335 1493 1516 1553 dioec.
1549 1495 1808 1552 attreba-
1867 1492 2126 1553 sacrifice
2157 1493 2228 1551 de
2260 1492 2299 1550 l’
2315 1492 2479 1551 autel
2509 1495 2714 1550 contre
2732 1492 2987 1551 certains
3008 1492 3146 1550 faux

527 1582 731 1650 tensiS,
766 1581 947 1639 Duaci
988 1591 1182 1651 15703
1229 1584 1640 1641 institutionem
1662 1601 1807 1656 pas-
1867 1584 2041 1642 ecrits
2074 1585 2203 1651 etc„
2236 1581 2476 1640 Parisiis
2518 1591 2714 1650 1551;
2747 1589 2930 1644 1568.
2961 1580 3148 1639 Multa

530 1678 721 1729 torum
774 1670 1192 1729 attrebatensis
1252 1670 1496 1730 ditionis
1557 1672 1622 1731 in
1670 1671 1810 1731 fidei
1867 1674 2008 1731 sunt
2038 1671 2306 1741 ascetica,
2357 1673 2429 1729 ut
2458 1670 2574 1729 Les
2601 1672 2752 1729 voles
2781 1671 2861 1728 du
2892 1669 3149 1728 Paradis

530 1759 811 1834 capitulis
862 1759 1273 1831 controversis,
1308 1761 1583 1819 Atrebati
1625 1770 1809 1824 1562.
1867 1761 2207 1838 enseignees
2238 1778 2344 1834 par
2377 1760 2449 1822 N.
2483 1759 2536 1817 S.
2570 1759 2625 1817 J.
2659 1758 2717 1823 C.
2749 1777 2823 1818 en
2845 1778 2951 1819 son
2971 1762 3148 1817 evan-

532 1881 615 1891 —
651 1848 908 1907 Concilio
940 1847 1268 1908 tridentino
1288 1849 1517 1924 pariter
1534 1850 1812 1908 interfuit
1866 1850 2002 1927 gile‚
2024 1848 2301 1926 Lugduni
2330 1858 2494 1912 1538
2516 1871 2529 1919 ;
2573 1855 2733 1911 1586
2758 1854 2865 1907 etc.
2889 1870 2903 1919 ;
2941 1848 3020 1906 Le
3037 1849 3151 1906 col-

530 1936 789 1995 Jacobus
851 1937 1064 2013 Hugo
1132 1937 1197 1997 Ο.
1262 1938 1401 1996 Min.
1479 1939 1812 2016 theologiae
1867 1941 1979 2017 lbye
2009 1940 2078 1997 de
2111 1938 2406 2013 Supinum,
2462 1937 2702 1996 Parisiis
2749 1947 2940 2008 15:393
2983 1947 3144 2001 1545

530 2026 734 2083 doctor
785 2029 845 2083 et
876 2026 1168 2086 Sorbonae
1223 2028 1571 2086 membrum.
1635 2029 1812 2104 Apud
1867 2034 2010 2097 etc.;
2057 2027 2335 2105 L’Imaqe
2377 2028 2450 2085 cle
2489 2034 2654 2086 verta
2686 2025 3063 2085 demontrant
3095 2026 3151 2083 la

530 2114 752 2173 Galliae
768 2133 934 2191 reges
950 2116 1211 2174 multum
1243 2116 1434 2174 valuit
1464 2117 1812 2191 praesertim
1867 2117 2197 2194 perfection
2241 2119 2303 2176 et
2334 2106 2557 2174 'sainte
2606 2116 2698 2174 vie
2749 2116 2821 2174 de
2871 2116 2928 2173 la
2975 2114 3030 2171 b.
3083 2114 3148 2172 V.

532 2203 691 2278 apud
712 2203 985 2262 Carolum
1004 2205 1121 2277 IX„
1155 2206 1261 2280 qui
1292 2224 1427 2263 eum
1449 2224 1624 2281 saepe
1643 2206 1812 2265 nullo
1869 2206 2048 2266 Maris
2082 2252 2093 2263 .
2129 2251 2141 2264 .
2176 2252 2190 2268 .
2223 2225 2332 2281 par
2361 2204 2446 2263 les
2477 2205 2760 2262 scritures
2791 2206 2927 2261 tant
2946 2202 3018 2261 de
3038 2203 3148 2260 l'A.

536 2293 749 2351 comite
780 2293 1065 2367 privatim
1110 2294 1405 2353 invisebat
1450 2290 1511 2374 (†
1550 2305 1644 2357 19.
1679 2297 1811 2354 Dec.
1869 2315 1985 2371 que
2031 2296 2113 2354 du
2157 2295 2228 2353 N.
2276 2294 2355 2363 Τ.,
2401 2292 2646 2351 Parisiis
2698 2301 2898 2359 154ος
2952 2300 3147 2353 1549:

543 2394 569 2444 1
586 2391 618 2444 5
631 2392 663 2444 7
673 2378 755 2462 4).
789 2382 1055 2458 Reliquit
1103 2384 1519 2442 observationes
1548 2385 1812 2460 theoloyi-
1876 2393 1951 2448 15
1964 2394 1996 2446 5
2008 2394 2042 2445 9
2063 2388 2125 2442 et
2142 2382 2377 2457 saepius
2395 2381 2613 2449 adhuc;
2645 2381 2724 2438 lec
2742 2382 3054 2438 allumettes
3071 2380 3152 2438 du

536 2490 655 2545 cas,
690 2471 1017 2542 historicas,
1050 2473 1302 2531 morales
1341 2475 1403 2530 et
1447 2473 1718 2548 politicas
1750 2473 1815 2530 in
1854 2474 1966 2554 feu
1997 2473 2153 2530 divin
2204 2488 2356 2546 pour
2404 2469 2552 2528 faire
2600 2469 2770 2527 ardre
2815 2469 2900 2527 les
2946 2486 3151 2528 coeurs

536 2565 663 2619 acta
695 2561 883 2619 totius
930 2562 1285 2621 sacrosancti
1319 2562 1556 2621 concilii
1586 2562 1814 2622 triden-
1870 2560 2147 2621 humains
2179 2577 2255 2619 en
2288 2557 2324 2618 1'
2341 2576 2551 2618 amour
2569 2561 2629 2618 et
2647 2558 2872 2618 crainte
2892 2557 2963 2618 de
2984 2559 3150 2627 Dieu,

538 2650 667 2720 tini,
702 2650 1013 2726 Rotomagi
1052 2662 1235 2714 1569.
1870 2651 2113 2709 Parisiis
2170 2658 2335 2714 1538
2388 2649 2452 2706 in
2507 2659 2618 2719 16;
2686 2658 2889 2717 154Ο;
2936 2649 3150 2707 latine:

1874 2740 2168 2799 Scintillae
2198 2739 2382 2796 divini
2413 2739 2652 2811 amoris,
2684 2737 2956 2796 Coloniae
2985 2749 3012 2800 1
3027 2748 3143 2802 611

627 2837 683 2890 9.
720 2827 990 2886 Petrus
1024 2830 1217 2888 Dore
1265 2825 1575 2911 (Auratus,
1623 2829 1816 2888 Deau-
1874 2829 1938 2886 in
1977 2837 2072 2892 12.
2106 2831 2245 2894 etc.;
2280 2827 2373 2885 La
2404 2826 2815 2902 celestepensde
2833 2827 2935 2885 des
2950 2844 3153 2903 graces

536 2911 678 2997 rati)
719 2916 1163 2977 Aurelianensis
1194 2939 1250 2977 n.
1291 2929 1478 2990 1500,
1512 2920 1820 2995 ingressus
1874 2917 2105 2976 divines
2156 2918 2407 2986 arrosee,
2460 2934 2540 2974 ou
2590 2917 2727 2974 sont
2775 2915 3035 2975 declarez
3070 2916 3155 2974 les

537 3008 631 3064 est
649 3004 914 3064 ordinem
932 3006 1137 3066 Praed.
1176 3017 1362 3077 1514,
1396 3026 1607 3084 regens
1635 3008 1821 3066 studii
1875 3009 2006 3082 sept
2036 3006 2185 3066 dons
2218 3005 2299 3064 du
2333 3008 2387 3065 S.
2420 3003 2622 3080 Esprit
2652 3007 2714 3062 et
2727 3005 2786 3062 la
2804 3006 3060 3063 maniere
3081 3004 3152 3061 de

536 3094 900 3169 parisiensi3‚
933 3115 1284 3173 magnorum
1301 3097 1642 3172 principum
1659 3097 1817 3155 fruc·
1875 3097 1961 3155 les
2011 3093 2328 3153 demander
2376 3113 2410 3152 a
2458 3094 2628 3164 Dieu,
2675 3092 2916 3152 Parisiis
2958 3102 3151 3161 15433

537 3184 715 3241 batur
728 3185 938 3260 gratia,
955 3186 1134 3244 etiam
1158 3185 1401 3243 Henrici
1422 3186 1515 3254 Π.,
1534 3185 1629 3243 cui
1645 3186 1819 3242 erata
1885 3193 2068 3252 1546,
2125 3201 2273 3258 opus
2323 3182 2643 3251 eruditum,
2697 3183 2938 3240 omnino
2985 3182 3153 3256 pium

538 3273 920 3332 concionibus
933 3274 1490 3332 etconfessionibus.
1515 3273 1820 3332 Catalauni
1875 3274 2053 3347 atque
2084 3272 2263 3330 etiam
2294 3270 2547 3348 elegans.
2597 3270 2671 3329 L’
2689 3271 2860 3330 arche
2898 3271 2967 3328 de
3011 3268 3048 3328 l'
3069 3272 3153 3328 al·

537 3362 757 3437 degens
791 3363 1011 3421 electus
1043 3365 1135 3421 est
1168 3359 1314 3443 (qua
1344 3362 1573 3419 ratione
1604 3360 1666 3418 id
1698 3361 1816 3419 fac·
1874 3362 2058 3419 liance
2089 3361 2336 3418 nouvelle
2367 3363 2428 3418 et
2456 3363 2783 3419 testament
2814 3358 2884 3418 de
2917 3360 2987 3417 N.
3022 3359 3076 3416 S.
3098 3359 3152 3417 J.

537 3454 670 3510 tum
716 3452 810 3522 sit,
859 3452 1048 3511 nescit
1082 3451 1309 3509 Echard
1340 3451 1413 3520 Π,
1450 3443 1605 3529 204)
1652 3449 1820 3525 prior
1875 3450 1930 3508 C.
1952 3452 2276 3508 contenant
2305 3448 2363 3507 la
2393 3468 2607 3507 manne
2637 3448 2711 3508 de
2743 3467 2850 3507 son
2879 3449 3154 3524 precieux

538 3540 723 3599 Vallis
757 3541 1043 3610 caulium,
1095 3557 1245 3614 quae
1275 3538 1485 3598 domus
1520 3542 1697 3614 caput
1728 3542 1821 3597 est
1875 3557 2040 3615 corps
2070 3541 2269 3597 contre
2300 3541 2437 3596 tous
2470 3538 2957 3597 sacramentaires
2988 3537 3154 3596 here-

539 3629 602 3687 Ο.
638 3629 806 3698 Cist.;
859 3647 977 3704 quo
1022 3629 1290 3704 prioratu
1338 3627 1608 3687 abdicato
1639 3627 1821 3686 rediit
1874 3627 2089 3703 tiqueS,
2151 3627 2229 3686 ib.
2299 3636 2463 3690 1549
2517 3626 2579 3684 in
2635 3636 2693 3691 8.
2755 3626 2840 3685 Le
2897 3646 3156 3685 nouveau

539 3717 613 3776 ad
645 3718 873 3777 sodales
902 3717 1256 3794 parisienses
1274 3716 1446 3774 libris
1462 3716 1707 3776 edendis
1729 3736 1820 3775 re·
1875 3724 2173 3777 testamenti
2203 3716 2262 3774 d’
2278 3735 2488 3774 amour
2518 3717 2586 3774 de
2616 3716 2690 3779 N.
2726 3707 2787 3774 S.
2807 3717 2867 3775 J.
2896 3715 2957 3778 C.
2991 3717 3158 3792 signe

540 3807 1075 3883 cognoscendisque
1090 3806 1235 3863 dans
1248 3823 1481 3880 operam
1497 3803 1818 3882 (†19.Maj.
1876 3806 1947 3865 de
1981 3822 2090 3865 son
2136 3823 2299 3881 sang,
2344 3804 2421 3862 ib.
2479 3814 2644 3867 1550
2698 3805 2922 3881 pariter
2953 3810 3157 3864 contra

547 3905 733 3965 1569,
752 3894 1075 3954 secundum
1092 3894 1139 3952 G
1156 3912 1238 3952 ru
1254 3893 1335 3952 be
1356 3893 1630 3964 KL.1112‚
1652 3906 1677 3956 1
1692 3901 1817 3956 988
1877 3893 2364 3953 sacramentarios
2384 3914 2398 3963 3
2438 3905 2465 3956 1
2481 3902 2626 3956 557.
2678 3894 2889 3953 Plures
2922 3912 3154 3968 quoque

541 4003 590 4045 a.
633 3979 843 4063 1559).
878 3983 1141 4041 Plurima
1172 3982 1418 4057 reliquit
1448 4002 1639 4058 opera,
1674 3983 1821 4042 olim
1875 3984 2134 4060 psalmos
2167 3982 2416 4041 diversis
2448 3983 2667 4042 libellis
2700 3983 2945 4042 ascetice
2978 3999 3152 4056 expo-

542 4092 713 4148 saepe
744 4071 903 4130 edita
935 4070 1034 4129 sed
1070 4071 1242 4131 modo
1272 4091 1405 4130 rara
1436 4075 1496 4130 et
1528 4073 1817 4148 quaesita,
1876 4074 2010 4132 suit.
2045 4105 2130 4115 —
2165 4071 2405 4130 Gabriel
2455 4072 2786 4131 Saccona
2805 4089 2936 4129 eus
2991 4065 3151 4148 (Sac-

786 4213 854 4218 ffi
1876 4156 2087 4242 conay)
2137 4179 2349 4231 comes,
2411 4160 2845 4238 LugdunensiS,
2899 4159 3153 4216 decanus

621 4281 655 4344 ι)
684 4275 764 4329 Cf·
793 4275 1079 4330 Louridau
1118 4276 1179 4329 in
1207 4276 1398 4331 Reme
1438 4277 1536 4331 dee
1576 4277 1822 4333 soienoeg
1876 4251 2230 4310 cathedralis
2261 4249 2669 4326 lugdunensia,
2720 4248 2871 4324 legit
2919 4247 3154 4305 assidue

542 4346 674 4400 eccl.
725 4346 902 4401 LXXI
950 4350 1150 4420 (1895),
1201 4351 1441 4408 59—66:
1506 4353 1823 4413 301—316;
1878 4340 2235 4415 scripsitque
2267 4342 2438 4398 caute
2469 4338 2697 4397 medius
2729 4337 2889 4394 inter
2917 4339 3155 4411 patrum

539 4422 841 4482 434-451,
883 4419 987 4487 qui
1023 4419 1339 4489 plurimum
1380 4419 1567 4475 utitur
1591 4421 1822 4491 egregia

542 4487 799 4544 oratione
826 4490 1069 4556 funebri,
1097 4508 1270 4560 quam
1296 4490 1358 4544 in
1374 4491 1687 4546 Richardot
1702 4492 1824 4546 lau-

544 4558 667 4613 dem
713 4561 920 4615 habuit
957 4561 1176 4617 celeber
1220 4563 1463 4617 Thomas
1490 4562 1822 4634 Stapleton;
1959 4565 1994 4633 ¹)
2039 4563 2120 4616 Cf.
2168 4563 2308 4617 bene
2351 4563 2581 4632 longum
2632 4560 2953 4632 catalogum
3002 4559 3157 4629 apud

540 4629 814 4686 Berthold
844 4633 946 4687 vie
992 4634 1061 4688 de
1089 4632 1174 4688 Fr.
1200 4633 1511 4688 Richardot
1554 4634 1616 4687 in
1654 4633 1823 4689 Mem.
1881 4632 2098 4687 Echard
2134 4634 2205 4698 11,
2244 4637 2348 4690 203
2387 4651 2487 4702 se.;
2527 4634 2697 4688 Foret
2731 4632 2794 4698 11,
2841 4634 3153 4702 276—288;

544 4702 613 4756 de
639 4703 851 4758 l'acad.
879 4705 1122 4759 d'Arras
1149 4723 1198 4766 a.
1230 4709 1369 4762 1844
1396 4725 1452 4775 p.
1481 4710 1584 4763 170
1610 4723 1679 4760 ss.
1882 4703 2066 4760 Grube
2092 4705 2202 4760 KL.
2230 4705 2351 4770 1112,
2381 4708 2537 4763 1987.
