3625 5193
592 258 718 310 423

881 242 1251 296 1601—1620.
1279 236 1589 305 Theologia
1613 235 1725 305 pol.
1754 236 1814 287 in
1840 234 2037 303 Belgio
2064 236 2124 288 et
2149 232 2466 287 Germania.
2495 232 2683 300 Baius,
2713 233 2920 294 Coster,

3087 249 3222 302 424

591 422 741 506 Bay)
777 426 850 483 ab
884 424 1039 483 Atho
1072 422 1376 481 Michaelis
1410 422 1540 497 Baji
1570 421 1643 478 de
1690 421 1872 478 fratre
1928 420 2111 490 daret,
2145 438 2351 476 verum
2384 418 2647 493 periculo
2682 418 2869 492 pestis
2913 418 3221 493 objiceret,

591 533 772 590 nepos
822 514 1021 590 patrui
1072 512 1335 587 exemplo
1386 511 1459 568 ad
1502 528 1763 569 summos
1808 510 1872 566 in

590 603 884 679 theologia
914 606 975 661 et
1008 601 1304 660 academia
1322 600 1645 659 lovaniensi
1663 617 1871 675 perve-

588 692 681 750 nit
711 692 932 769 gradus
967 690 1256 749 admissus
1290 709 1339 752 a.
1382 696 1542 751 1586
1575 687 1648 747 ad
1670 688 1871 763 legen-

588 780 733 839 dum
763 786 824 839 et
855 780 1183 856 regendum
1216 779 1280 836 in
1313 778 1594 836 facultate
1628 796 1668 835 s.
1703 776 1871 834 theo-

589 870 777 945 logiae
811 866 869 947 (†
904 879 958 929 9.
994 869 1117 927 001.
1161 861 1375 947 1614).
1415 866 1661 940 Scripsit
1692 864 1870 923 Insti-

587 960 873 1016 tutionum
905 959 1257 1015 christianae
1290 957 1583 1030 reliyionis
1612 955 1668 1012 ll.
1706 956 1774 1025 4,·
1805 954 1873 1011 de

586 1048 899 1105 venerabili
947 1047 1357 1104 Eucharistiae
1405 1050 1762 1102 sacramento
1814 1044 1873 1100 et

588 1136 659 1193 de
693 1135 977 1194 sacrificio
1012 1135 1227 1193 missae
1247 1134 1307 1195 11.
1331 1143 1387 1201 3,
1412 1133 1654 1191 Lovanii
1685 1141 1870 1193 1605.

588 1258 673 1269 -
713 1224 1009 1283 Antonius
1052 1243 1166 1281 van
1208 1222 1647 1280 Kerebeeck
1701 1221 1764 1277 O.
1819 1221 1870 1277 S.

587 1316 758 1390 Aug„
807 1313 1243 1371 commissarius
1291 1311 1584 1387 generalis
1627 1310 1690 1367 in
1737 1327 1872 1383 pro·

588 1403 797 1460 vinciis
827 1402 1144 1469 bohemica,
1177 1400 1449 1458 bavarica
1469 1403 1530 1457 et
1550 1399 1870 1456 rhenosue·

588 1492 719 1549 vica
752 1488 812 1571 (†
849 1500 902 1551 5.
924 1490 1091 1548 Febr.
1121 1498 1286 1550 1619
1309 1489 1403 1547 vel
1429 1483 1645 1567 1629),
1687 1486 1872 1561 scrip-

588 1580 668 1638 sit
700 1581 931 1654 praeter
963 1574 1138 1655 alia1)
1185 1580 1509 1636 tractatum
1553 1577 1621 1633 de
1666 1595 1871 1633 sac-ra-

590 1669 792 1726 mentis
836 1667 898 1729 V.
935 1674 983 1724 et
1017 1667 1089 1727 N.
1124 1667 1215 1737 L„
1249 1666 1591 1741 Moguntiae
1620 1663 1873 1726 1600111

594 1766 663 1827 4;
707 1767 891 1819 1609.

688 1944 828 1995 182.
862 1934 967 1991 His
1008 1932 1282 1990 omnibus
1328 1932 1526 2005 potior
1570 1934 1658 1988 est
1688 1931 1871 1988 Fran-

592 2023 782 2082 ciscus
837 2017 1164 2103 eoster2)
1228 2021 1280 2083 S.
1332 2020 1386 2078 J.
1439 2020 1871 2078 Mechlinensis.

593 2111 842 2170 Juvenis
889 2110 1183 2170 Coloniam
1229 2110 1446 2167 missus
1493 2108 1762 2167 Genesim
1800 2108 1873 2166 ad

592 2200 950 2259 academicos
982 2200 1043 2257 in
1076 2199 1273 2257 schola
1303 2198 1633 2274 theologica
1665 2202 1724 2255 et
1744 2216 1872 2256 coe-

594 2291 786 2349 lorum
819 2308 1030 2347 cursus
1063 2307 1133 2346 ex
1152 2287 1538 2346 astronomica
1557 2286 1874 2361 disciplina

589 2378 881 2453 explicare
910 2396 1148 2437 exorsus
1169 2376 1531 2434 auditorium
1550 2375 1873 2433 maximum

590 2487 707 2526 non
741 2468 1054 2541 voluptate
1087 2465 1296 2533 solum,
1334 2465 1437 2522 sed
1471 2465 1649 2522 etiam
1682 2463 1870 2521 admi-

588 2556 817 2616 ratione
859 2554 1191 2630 complevit.
1242 2554 1386 2612 Cum
1430 2553 1516 2610 ita
1562 2550 1872 2610 tradendis

591 2645 1013 2720 philosophicis
1044 2642 1509 2717 theologicisque
1541 2640 1872 2716 disciplinis

589 2735 1014 2797 inclaresceret,
1050 2732 1197 2788 sacri
1231 2730 1574 2788 doctoratus
1613 2728 1873 2803 insignia

589 2823 652 2879 in
697 2840 765 2878 ea
810 2820 1200 2877 universitate
1246 2820 1507 2892 suscepit
1554 2812 1684 2897 (10.
1738 2817 1869 2875 Dec.

596 2906 808 2988 1564).
858 2908 1112 2966 Maximo
1159 2906 1295 2975 ze10,
1344 2907 1521 2964 verbo
1554 2910 1614 2963 et
1645 2906 1870 2964 calamo

588 2998 988 3074 proximorum
1022 2995 1315 3071 promovit
1347 2996 1600 3054 salutem
1632 2996 1871 3052 multis-

588 3105 703 3162 que
736 3085 1158 3143 Hollandorum
1188 3084 1453 3143 millibus
1473 3083 1668 3142 oculos
1688 3084 1869 3158 scrip·

587 3177 666 3233 tis
718 3176 839 3234 suis
889 3174 1123 3250 aperuit·
1174 3173 1523 3232 confirmans
1564 3177 1866 3242 nutanteS,

588 3265 786 3324 devios
835 3263 1123 3323 reducens
1182 3262 1255 3321 ad
1315 3262 1652 3320 Ecclesiam.
1721 3262 1869 3319 Dili-

587 3359 795 3431 genter
840 3353 1117 3412 servabat
1161 3352 1278 3410 tria
1324 3351 1438 3409 sibi
1488 3370 1521 3408 a
1553 3369 1597 3408 s.
1631 3351 1870 3426 Ignatio

584 3444 822 3514 tradita,
857 3447 928 3500 ut
959 3442 1270 3508 referebat,
1307 3443 1637 3515 praecepta,
1672 3442 1743 3497 ut
1774 3440 1868 3496 ni-

587 3535 803 3591 mirum
855 3531 1035 3590 animi
1087 3530 1523 3597 demissionem,
1589 3528 1868 3587 obedien-

585 3622 747 3690 tiam,
790 3621 1007 3679 mentis
1050 3620 1180 3694 jugi
1228 3618 1515 3676 laetitiam
1566 3617 1727 3676 cordi
1766 3616 1867 3673 ha-

585 3711 766 3768 beret.
816 3710 1137 3781 Nunquam
1172 3707 1410 3765 auditus
1442 3711 1535 3764 est
1564 3706 1656 3764 vel
1691 3705 1866 3763 mini-

584 3798 665 3855 mi
697 3797 959 3854 defectus
990 3797 1328 3853 narratione
1370 3796 1623 3868 alicujus
1654 3795 1864 3852 obscu-

584 3905 712 3943 rare
745 3885 974 3942 famam.
1008 3884 1264 3941 Multum
1295 3884 1580 3956 temporis
1617 3882 1868 3941 orationi

584 3972 874 4049 impendit
906 3991 1057 4047 aque
1090 3972 1279 4029 cultui
1308 3973 1360 4028 b.
1384 3972 1601 4030 Mariae
1624 3972 1689 4029 V.
1709 3990 1863 4029 sem·

586 4081 688 4136 per
717 4062 834 4119 fuit
866 4060 1147 4118 addictus.
1186 4060 1380 4117 Vitam
1423 4079 1590 4118 suam
1635 4079 1866 4118 omnem

583 4151 670 4209 ita
708 4150 1106 4224 proximorum
1158 4148 1311 4207 bono
1363 4168 1587 4206 sacram
1637 4149 1865 4219 habuit,

584 4244 655 4296 ut
686 4258 805 4297 non
828 4238 1144 4312 scriptione
1161 4237 1466 4295 dumtaxat
1487 4237 1741 4311 aliisque
1761 4256 1865 4296 vo-

584 4328 836 4386 cationis
872 4346 1011 4386 suae
1044 4327 1392 4384 ministeriis
1440 4326 1559 4384 illis
1604 4344 1864 4384 commo-

661 4499 699 4564 1)
728 4496 809 4550 Cf.
860 4495 1083 4550 Revista
1127 4498 1367 4566 August.
1417 4499 1570 4552 1884.
1618 4497 1683 4558 ll,
1729 4500 1865 4560 335:

585 4566 729 4620 Bibl.
759 4571 874 4619 nat.
903 4567 972 4621 de
1001 4568 1250 4642 Be1g4x,
1278 4572 1403 4624 629.

657 4641 698 4706 ⁹)
729 4638 884 4690 Alius
934 4642 1019 4691 est
1063 4656 1095 4691 a
1139 4637 1540 4706 Christophoro
1587 4638 1865 4700 Coster,

580 4709 1865 4848 δ’δ’δ’δ’δδεδ,.δδ·”δ.’·δδδδδδδ”δδδδδ’.-

1929 510 2054 583 ipse
2105 507 2203 565 lue
2253 508 2591 566 afflatorum
2641 507 2921 581 obsequio
2976 526 3088 565 sua
3148 524 3212 564 se

1929 602 2140 671 sponte
2173 596 2475 654 addixerit.
2509 596 2624 654 Ter
2655 595 3018 670 provinciam
3044 596 3219 665 rexit,

1928 685 2105 744 variis
2156 685 2422 760 collegiis
2472 688 2668 744 rector
2717 685 2991 760 praefuit.
3039 685 3220 742 Deni-

1928 793 2044 848 que
2092 774 2276 832 vit-am
2324 773 2414 832 his
2461 773 2738 832 laudibus
2779 777 3046 832 ornatam
3080 792 3215 831 cum

1929 862 2001 920 ad
2033 882 2314 939 magnum
2348 863 2579 920 senium
2620 862 2987 937 provexisset
3033 880 3220 920 sanus

1929 970 2173 1026 semper,
2209 951 2343 1009 licet
2375 951 2743 1010 creberrimis
2785 952 2985 1027 flagris
3032 955 3216 1025 atque

1929 1041 2121 1099 cilicio
2139 1058 2353 1115 corpus
2366 1059 2538 1098 suum
2550 1044 2848 1107 attereret,
2866 1045 3045 1114 atque
3057 1059 3216 1097 nun-

1929 1149 2107 1204 quam
2142 1130 2303 1186 ultra
2335 1129 2535 1186 horam
2570 1132 2912 1187 consuetam
2944 1129 3218 1187 extrahe-

1928 1223 2021 1277 ret
2053 1236 2342 1289 somnum,
2378 1219 2555 1276 aetati
2580 1219 2766 1294 magis
2789 1223 2850 1276 et
2869 1217 3210 1276 necessitati

1928 1310 2194 1374 naturae,
2245 1324 2422 1381 quam
2456 1307 2660 1366 morbo
2695 1307 3024 1365 succubuit.
3060 1307 3216 1364 Dum

1930 1396 2161 1454 ultimis
2195 1396 2580 1453 sacramentis
2613 1396 2999 1463 imbueretur,
3023 1395 3218 1452 excla-

1929 1485 2129 1543 mabat
2160 1483 2515 1541 identidem:
2571 1484 2660 1551 ,Ο
2695 1490 2915 1559 quanta
2948 1484 3216 1542 consola·

1930 1576 2013 1632 110
2034 1581 2089 1634 1‘
2155 1574 2419 1647 Rogatus
2471 1592 2546 1630 an
2596 1573 2809 1631 lubens
2862 1577 3212 1641 moreretur,

1929 1663 2051 1720 illis
2104 1681 2147 1719 s.
2200 1660 2500 1720 Ambrosii
2553 1662 2746 1720 verbis
2806 1660 3114 1737 respondit
3127 1658 3213 1739 1):

1933 1752 2067 1819 „Ita
2112 1751 2248 1820 vixi,
2296 1754 2366 1808 ut
2409 1768 2502 1807 me
2547 1751 2767 1808 vixisse
2807 1769 2927 1809 non
2957 1751 3213 1824 pudeat;

1931 1841 2079 1898 mori
2130 1844 2328 1897 autem
2379 1855 2498 1897 non
2549 1841 2747 1907 timeo,
2802 1840 2941 1913 quia
2987 1841 3214 1896 bonum

1929 1929 2244 1987 Dominum
2260 1928 2464 1986 habeo.
2480 1936 2506 1965 ⁴⁵
2528 1929 2670 1986 Cum
2686 1929 3020 1986 sanctitatis
3034 1927 3212 1985 odore

1930 2017 2192 2093 piissime
2210 2018 2271 2075 in
2295 2017 2545 2075 Domino
2577 2016 2935 2075 obdormivit
2963 2017 3217 2074 Bruxel-

1930 2108 2003 2166 lis
2035 2106 2088 2163 (1.
2127 2118 2179 2169 6.
2217 2106 2552 2163 Decembris
2595 2116 2759 2167 1619
2795 2126 2842 2162 a.
2877 2106 3087 2163 aetatis
3113 2113 3216 2168 88.

1931 2196 2298 2271 Scriptorum
2352 2195 2480 2268 ejus
2527 2195 2828 2269 catalogus
2876 2200 2967 2252 sat
2997 2195 3215 2269 longus

1929 2279 2116 2366 est·2):
2149 2286 2322 2358 plura
2354 2286 2498 2341 sunt
2517 2285 2774 2358 ascetica,
2801 2283 2915 2340 alia
2931 2284 3215 2356 polemico

1932 2371 2135 2451 (etiam
2158 2372 2387 2447 belgica
2408 2372 2611 2447 lingua
2632 2370 3011 2446 conscripta),
3033 2390 3213 2446 prop-

1928 2467 2020 2520 ter
2066 2480 2218 2535 quae
2264 2461 2551 2526 ,malleus
2596 2461 3067 2518 haereticorum‘
3119 2463 3216 2517 est

1929 2551 2143 2612 dictus.
2177 2549 2415 2608 Potiora
2436 2549 2654 2623 accipe:
2682 2550 3061 2608 Euchiridion
3077 2568 3180 2608 con
3192 2581 3210 2592 -

1928 2641 2344 2697 troversiarum
2367 2637 2828 2711 praecipuarum
2854 2640 3042 2696 nostri
3060 2643 3216 2696 tem·

1928 2728 2085 2802 poris
2119 2728 2189 2785 (10
2222 2727 2521 2802 religione,
2557 2727 2823 2786 Coloniae
2848 2728 3213 2804 Agrippinae

1936 2826 2096 2880 1585
2134 2816 2344 2885 in123
2390 2826 2823 2886 1587;1589;
2868 2816 3210 2886 1593;a1i-

1928 2909 2075 2980 quot
2088 2906 2230 2963 locis
2244 2924 2308 2962 ac
2326 2905 2480 2964 bona
2491 2907 3023 2964 controversiarum
3041 2909 3213 2980 parte

1929 2995 2357 3069 locupletatum
2387 2999 2567 3069 atque
2586 2995 2965 3053 emendatum
3007 3004 3207 3063 1596;

1936 3094 2133 3152 16053
2193 3093 2357 3145 1608
2412 3086 2518 3142 010.
2569 3087 2630 3141 01
2680 3083 2862 3152 ali11i3
2915 3084 2975 3141 in
3019 3084 3209 3140 varias

1927 3190 2165 3247 quoque
2196 3172 2436 3248 linguas
2481 3190 2735 3229 versum.
2784 3172 2998 3230 Contra
3049 3172 3208 3229 1111110

1929 3261 2147 3319 librum
2165 3261 2368 3335 plures
2385 3281 2415 3318 0
2432 3261 2902 3335 protestantibus
2920 3261 3206 3318 calamum

1927 3349 2310 3419 strinxernnt,
2345 3352 2416 3407 ut
2445 3349 2591 3406 Phil.
2626 3349 2914 3419 Marbach,
2937 3348 3214 3407 Francis·

1926 3456 2029 3495 cus
2063 3439 2276 3496 Gomar
2307 3441 2433 3507 etc..
2469 3438 2686 3512 quibus
2712 3441 2912 3496 tamen
2934 3439 3209 3497 costerus

1925 3529 2165 3584 strenue
2230 3527 2551 3601 respondit.
2612 3526 2785 3585 Liber
2834 3528 2903 3585 de
2951 3527 3208 3585 Ecclesia

1924 3619 2133 3673 contra
2180 3615 2561 3673 Franciscum
2611 3616 2930 3673 Gomarum
2990 3615 3212 3691 Agrip·

1923 3704 2100 3780 pinae
2150 3712 2313 3765 1604
2360 3704 2422 3761 111
2472 3714 2540 3773 8;
2588 3705 2875 3780 Apoloyia
2922 3703 3209 3763 adversus

1924 3793 2113 3850 Lucae
2147 3791 2424 3849 Osiandri
2467 3791 2747 3851 haeretici
2783 3793 3076 3851 lutherani
3112 3811 3207 3850 re-

1924 3882 2281 3939 futationem
2315 3886 2444 3940 octo
2488 3882 2958 3956 propositionum
3003 3881 3212 3938 catho-

1924 3971 2188 4039 licarum,
2222 3969 2297 4026 ib.
2329 3980 2513 4040 1606,
2549 3989 2682 4029 011111
2706 3970 3079 4045 responsione
3099 3968 3206 4026 ad·

1922 4077 2131 4117 versus
2165 4059 2453 4128 eundem;
2487 4059 2857 4134 Evanqelium
2895 4060 3201 4130 Reforma-

1923 4155 2040 4205 tum
2075 4147 2130 4209 (1.
2161 4147 2198 4204 1.
2233 4147 2440 4205 kurtze
2471 4148 2594 4204 und
2628 4149 2689 4205 in
2722 4147 2817 4205 0111
2851 4148 3070 4223 lfistigs
3094 4148 3212 4204 Ge-

1925 4237 2136 4310 sprach
2168 4236 2451 4294 verfasste
2485 4236 2929 4312 Beschreibung
2957 4236 3060 4293 des
3094 4255 3205 4293 un·

1922 4324 2590 4401 versohnlichenKriegs
2600 4325 2724 4383 und
2740 4325 3214 4383 unchristlichen

2002 4570 2037 4636 ¹)
2064 4567 2229 4621 Vitae
2258 4583 2290 4619 a
2318 4566 2557 4620 Paulino
2585 4567 2827 4635 scriptae
2855 4584 2910 4619 n.
2938 4569 3021 4620 45.

1996 4644 2035 4703 ²)
2065 4639 2147 4694 Cf.
2195 4638 2609 4707 sommervogel
2651 4638 2714 4702 ll,
2758 4640 3054 4699 1510—33,
3100 4635 3205 4701 qui

1924 4709 2030 4762 sub
2056 4728 2110 4770 11.
2136 4715 2203 4766 41
2235 4728 2289 4762 11.
2329 4712 2580 4763 recenset
2618 4723 2816 4778 opera:
2859 4705 3205 4774 Sotvellum;

1920 4777 2260 4849 Roskovany
2288 4782 2357 4844 11,
2386 4784 2508 4835 516.
