3625 5193
613 259 776 313 1087
1185 243 1554 298 1641—1663.
1585 238 1927 310 Patrologia.
1957 239 2258 309 Rigaltius,
2285 241 2352 294 de
2378 239 2435 293 la
2462 238 2655 305 Gelda,
3070 257 3233 313 1023

1943 426 2085 485 licet
2145 426 2469 484 catholicus
2521 427 2594 483 ab
2645 425 3019 484 heterodoxis
3079 447 3233 486 non-

1943 534 2253 590 nunquam
2283 515 2676 591 increpandus
2698 514 2776 573 sit
2803 533 2870 573 ac
2889 516 3105 574 merito
3127 536 3236 576 va-

1942 605 2167 679 pulet.‘
2229 604 2630 662 Cmnmodiani
2676 605 3080 663 instructiones
3125 608 3235 664 ad-

1941 711 2136 751 versus
2174 695 2428 769 qentium
2472 694 2605 752 deos
2649 712 2782 751 cum
2832 694 3020 763 notiS‚
3073 695 3237 754 Tulli

1942 782 2267 841 Leucorum
2310 792 2473 844 1650
2507 783 2572 840 in
2606 793 2661 844 4.

605 446 816 504 parum
849 430 1195 487 accuratum
1228 427 1290 485 in
1319 426 1394 486 iis
1413 427 1576 496 dicit,
1611 445 1762 502 quae
1794 445 1886 485 as-

606 518 768 588 serit,
801 536 1073 592 eumque,
1108 516 1380 592 quamvis
1401 535 1698 576 romanam
1732 534 1886 575 com-

603 607 938 665 munionem
971 607 1140 675 colat,
1188 606 1645 665 Calvinistarum
1686 609 1886 681 partes

601 700 673 754 ut
703 695 1029 771 plurimum
1046 696 1235 765 tueri;
1268 714 1402 754 cum
1421 713 1561 754 vero
1589 694 1751 770 apud
1782 713 1884 752 au-

602 788 809 854 ctore&
857 803 1006 860 quos
1037 784 1100 842 in
1144 784 1337 843 lucem
1379 783 1611 852 edebat,
1658 782 1888 859 aliquid

601 875 655 931 ei
688 873 991 933 videretur
1022 874 1240 933 nedum
1284 891 1426 932 suae
1458 873 1755 931 Ecclesiae
1783 871 1887 930 sed

600 967 661 1021 et
692 963 943 1021 aliorum
977 965 1254 1021 coetuum
1301 962 1519 1021 ritibus
1551 962 1884 1033 adversam,
2032 969 2178 1023 466.
2212 962 2457 1020 Praeter
2482 960 2804 1037 Rigaltium
2838 960 2956 1018 duo
2988 961 3092 1019 alii
3124 963 3233 1019 ad-

598 1052 658 1110 id
704 1051 959 1110 sollicite
1010 1053 1083 1110 ab
1133 1071 1201 1111 eo
1252 1051 1434 1109 fuisse
1485 1051 1882 1119 observatum,
1907 1057 1914 1123 ξ
1940 1050 2056 1107 huc
2086 1049 2159 1107 de
2193 1050 2561 1109 Tertulliano
2578 1044 2625 1131 ¹)
2660 1054 3027 1118 meruerunt,
3078 1069 3230 1125 quo-

598 1141 853 1199 forsitan
872 1143 944 1199 ut
974 1160 1041 1200 eo
1063 1141 1224 1199 lectu
1247 1140 1632 1215 jucundiores
1654 1159 1759 1215 per
1776 1158 1883 1197 no·
1907 1126 1914 1212 '3
1937 1157 2073 1196 rum
2104 1139 2302 1213 potior
2352 1143 2443 1196 est
2475 1139 2734 1197 Joaunes
2768 1138 3104 1199 Ludovicus
3138 1139 3229 1197 de

599 1230 841 1288 vitatem
906 1229 1118 1289 fierent
1165 1230 1294 1305 ejus
1359 1228 1800 1288 observationes
1816 1223 1881 1307 ¹).
1908 1250 1914 1317 ᾖ
1939 1226 2009 1285 la
2039 1226 2273 1286 Cerda
2313 1228 2365 1285 S.
2401 1227 2454 1285 J.
2490 1227 2828 1297 Toletanus‚
2878 1228 2982 1303 qui
3027 1232 3229 1287 totum

600 1318 844 1377 Minucii
892 1319 1101 1377 Felicis
1155 1318 1421 1377 Octavius
1483 1322 1544 1376 et
1603 1318 1884 1375 Caecilius
1908 1336 1913 1359 =
1940 1333 2001 1375 se
2034 1314 2392 1375 erudiendae
2415 1316 2728 1392 juventuti
2777 1315 3072 1392 impendit
3100 1319 3227 1376 elo-

599 1408 931 1483 Cyprianus
948 1409 1016 1466 de
1047 1409 1330 1467 idolorum
1352 1410 1600 1466 vanitate
1620 1425 1755 1464 cum
1777 1406 1882 1464 ob·
1938 1405 2218 1479 quentiae
2249 1425 2315 1464 ac
2347 1405 2610 1480 poeticae
2641 1404 2784 1463 totis
2821 1415 2902 1467 50
2926 1408 3097 1465 annis
3131 1426 3226 1465 as-

598 1497 1051 1568 servationibus,
1074 1497 1319 1555 Parisiis
1348 1506 1512 1560 1643
1537 1496 1601 1554 in
1625 1504 1689 1564 4;
1725 1496 1880 1570 Lug·
1939 1493 2144 1554 siduus
2189 1494 2508 1569 professor,
2560 1494 2700 1552 dum
2749 1499 2915 1553 aetas
2960 1499 3022 1553 et
3069 1496 3229 1553 vires

596 1584 743 1642 duni
790 1587 1151 1644 Batavorum
1205 1594 1367 1647 1652
1390 1629 1402 1653 ‚
1463 1603 1651 1660 ,quae
1695 1581 1882 1645 editio
1938 1584 2227 1641 siverunt.
2263 1583 2376 1642 Sed
2399 1585 2490 1642 vel
2523 1583 2585 1640 in
2616 1582 2829 1641 declivi
2862 1584 3028 1642 senio
3060 1588 3229 1643 totus

596 1673 862 1747 plurium
912 1674 1412 1750 vituperationem
1454 1673 1714 1750 effugere
1760 1691 1880 1731 non
1934 1671 1999 1730 in
2031 1673 2201 1731 libris
2232 1672 2351 1731 fuit
2369 1673 2460 1730 vir
2492 1672 2717 1730 multae
2750 1672 3025 1731 lectionis
3046 1676 3229 1748 atque

594 1763 808 1837 potuit.
844 1763 1121 1821 Ouzelius
1142 1763 1316 1821 illum
1332 1766 1643 1838 propterea
1662 1762 1878 1838 arguit,
1934 1760 2223 1819 indefessi
2256 1762 2460 1831 studii,
2496 1760 2768 1819 candoris
2801 1764 2999 1819 autem
3032 1766 3093 1821 et
3130 1781 3223 1820 re-

596 1850 753 1925 quod
774 1851 1122 1926 conjecturis
1142 1852 1264 1910 suis
1280 1852 1533 1910 nimium
1551 1851 1878 1927 indulgeat,
1935 1850 2181 1925 ligiosae
2226 1850 2621 1926 simplicitatis
2664 1849 2838 1907 laude
2886 1850 3224 1927 singularis,

594 1957 811 2015 easque
862 1939 1102 1999 Minucii
1165 1941 1361 1999 verbis
1425 1939 1878 1998 intermiscendo
1906 1940 1910 2003 ἓ
1934 1939 2147 2015 Magno
2194 1940 2259 1998 in
2304 1940 2522 1999 honore
2570 1938 2728 2013 apud
2778 1957 2996 2009 omnes,
3043 1940 3224 1998 etiam

594 2028 765 2087 illum
786 2048 853 2088 ea
872 2029 1209 2104 loquentem
1229 2030 1427 2099 faciat,
1460 2029 1693 2105 quaein
1714 2047 1878 2086 men·
1933 2028 2249 2105 principaii,
2296 2029 2414 2087 fuit
2446 2028 2520 2087 ob
2567 2027 2974 2086 excellentiam
3019 2029 3224 2087 erudi-

592 2120 712 2175 tem
749 2118 862 2194 ipsi
881 2136 1002 2177 non
1026 2121 1325 2178 venerant.
1360 2118 1655 2178 Gronovio
1677 2121 1876 2177 autem
1932 2118 2135 2187 tionis,
2171 2117 2314 2176 adeo
2346 2121 2417 2175 ut
2448 2137 2558 2176 em.
2602 2115 2919 2175 cardinalis
2952 2117 3223 2176 Francis·

591 2205 640 2263 si
671 2207 891 2278 credas,
941 2209 1080 2266 haec
1126 2208 1371 2266 Minucii
1414 2207 1624 2266 Felicis
1668 2206 1876 2282 dispu·
1933 2223 2037 2265 cus
2069 2206 2451 2276 Barberinus,
2502 2224 2636 2264 curn
2669 2206 2933 2282 legatum
2968 2225 3002 2264 a
3032 2206 3224 2265 latere

591 2297 736 2355 tatio
769 2298 1128 2365 merebatur,
1164 2299 1233 2356 ut
1253 2297 1591 2373 procederet
1607 2313 1877 2355 reveren·
1933 2299 2136 2370 ageret
2166 2296 2226 2353 in
2259 2295 2562 2371 Hispania,
2607 2295 2887 2372 dignatus
2918 2294 3102 2354 fuerit
3133 2296 3221 2371 ip-

592 2385 713 2443 tius
733 2389 795 2443 et
824 2386 1017 2445 acrius
1037 2386 1295 2462 expolita
1323 2384 1652 2444 acmeliore
1684 2384 1750 2442 in
1780 2384 1875 2442 111-
1932 2402 2061 2441 sum
2113 2384 2421 2459 speciatim
2470 2384 2901 2443 officiosissime
2963 2384 3219 2443 invisere

593 2474 751 2532 mine
782 2475 994 2549 posita,
1043 2495 1220 2549 quam
1252 2478 1315 2532 in
1345 2474 1450 2532 illa
1480 2473 1721 2551 Bigaltii
1751 2472 1875 2530 edi·
1929 2472 2110 2547 idque
2148 2474 2356 2549 jussu,
2409 2476 2479 2531 ut
2524 2472 2736 2548 ajebat,
2790 2471 3013 2531 Urbani
3060 2472 3218 2535 VIII.

589 2563 814 2623 tione.‘
861 2564 922 2627 S.
963 2563 1247 2641 Cypriani
1286 2581 1464 2637 opera
1509 2581 1644 2622 cum
1677 2561 1875 2621 obser·
1931 2561 2130 2638 patrui
2153 2561 2264 2621 sui.
2300 2562 2566 2622 Decessit
2584 2562 2848 2638 optimus
2866 2563 3036 2638 pater
3057 2566 3218 2621 octo-

589 2653 946 2723 vationibus,
994 2654 1234 2712 Parisiis
1276 2663 1438 2714 1649
1474 2652 1536 2709 in
1569 2653 1605 2709 f.
1655 2652 1738 2709 De
1768 2651 1876 2708 hac
1931 2652 2170 2728 genario
2202 2653 2389 2727 major
2426 2662 2480 2713 6.
2504 2653 2635 2726 Maj.
2666 2661 2850 2714 1643.
2885 2651 3117 2710 Edidit:
3154 2653 3219 2724 Q.

590 2744 830 2817 repetas
863 2761 1015 2817 quae
1046 2742 1307 2800 diximus
1340 2742 1411 2798 de
1443 2740 1702 2799 editione
1734 2740 1874 2797 Ter·
1932 2741 2173 2813 Sept-imi
2206 2741 2369 2804 Flor.
2416 2742 2760 2799 Tertulliani
2794 2741 2989 2813 presb.
3034 2742 3219 2802 carth.

591 2831 854 2899 tulliani,
889 2831 1048 2888 unde
1080 2831 1144 2888 in
1163 2829 1341 2905 praef.
1375 2830 1655 2889 editionis
1678 2828 1876 2904 Migne
1930 2847 2107 2902 opera
2143 2825 2429 2910 (exceptis
2475 2833 2677 2888 tamen
2713 2830 2776 2887 11.
2824 2831 3031 2889 contra
3064 2830 3219 2887 Mar·

590 2919 875 2995 legimus:
956 2918 1368 2988 ,Quibuscum
1441 2912 1873 2999 (heterodoxis)
1931 2919 2154 2976 cionem
2189 2922 2251 2976 et
2269 2919 2402 2977 aliis
2423 2922 2628 2977 contra
2644 2918 2819 2977 fidem
2842 2915 3217 2998 catholicam)

589 3006 757 3065 foede
807 3007 1070 3066 coutitur
1120 3008 1523 3086 Rigaltius
1573 3007 1716 3067 adeo
1766 3025 1871 3064 no·
1929 3009 2314 3083 argumetum,
2349 3006 2861 3083 explicationibuS,
2895 3008 3218 3066 notisillu-

589 3095 769 3154 minis
815 3096 1088 3155 catholici
1135 3097 1435 3174 indignus,
1483 3104 1555 3156 ut
1599 3116 1737 3155 eum
1782 3113 1874 3153 re·
1929 3099 2135 3165 strata,
2158 3096 2425 3155 Lutetiae
2449 3097 2810 3155 Parisiorum
2840 3105 3215 3159 1624.1630

590 3185 864 3260 spuerint
907 3204 972 3244 ac
1018 3205 1192 3262 saepe
1235 3190 1381 3245 not-a
1423 3184 1876 3245 transverterint
1929 3205 1983 3243 v.
2032 3194 2066 3246 2
2115 3185 2177 3242 in
2223 3185 2293 3256 f.;
2350 3194 2532 3248 1641.
2586 3185 3023 3244 Annotationes
3071 3191 3219 3244 sunt

587 3274 827 3349 ipsimet
870 3275 1124 3335 editores
1169 3275 1465 3353 anglicani
1514 3276 1735 3349 aliique
1782 3290 1872 3331 se·
1928 3274 2259 3332 eruditione
2277 3275 2454 3350 plane
2468 3274 2757 3350 singulari
2773 3273 3040 3344 refertae,
3059 3274 3217 3332 unde

589 3365 822 3423 ctarii.‘
856 3366 931 3424 Et
963 3365 1026 3423 in
1045 3364 1428 3423 annotatione
1460 3364 1531 3421 ad
1552 3383 1642 3441 ep.
1686 3372 1779 3424 12.
1801 3360 1875 3419 ad
1929 3363 2227 3432 BarthiuS,
2261 3363 2366 3438 qui
2399 3381 2534 3422 eum
2557 3363 2772 3438 passim
2807 3363 3215 3422 doctissimum

589 3453 916 3512 Cornelium
937 3474 992 3512 n.
1017 3464 1121 3515 14:
1145 3453 1339 3522 ,Huic
1354 3453 1578 3530 agmini
1594 3453 1871 3518 hostium,
1928 3451 2341 3527 optimumque
2391 3452 2737 3528 scriptorem
2792 3453 3073 3528 appellat,
3125 3452 3215 3508 in-

587 3561 840 3616 quorum
861 3543 1222 3619 imperitiam
1241 3543 1303 3601 in
1324 3545 1606 3618 promptu
1627 3545 1717 3600 est
1737 3559 1875 3600 con·-
1928 3541 2233 3616 geniosurn
2258 3541 2577 3611 eruditum,
2613 3541 2963 3618 diligentem
2985 3543 3046 3599 et
3077 3558 3214 3598 can·

587 3631 801 3701 fodere,
841 3634 969 3708 jam
1009 3650 1115 3690 nec
1160 3632 1364 3708 pigeat
1409 3631 1709 3706 praemitti
1745 3631 1872 3690 Nic.
1928 3629 2151 3699 didum,
2205 3630 2405 3705 ,quod
2451 3630 2628 3688 decus
2675 3634 2880 3689 contra
2930 3630 3217 3706 plurimos

586 3720 941 3798 Rigaltium‚
995 3722 1291 3779 sublestae
1342 3739 1512 3791 sane,
1565 3739 1638 3778 ne
1684 3720 1871 3778 dicam
1927 3719 2268 3794 ingeniosos
2314 3722 2639 3793 acutosque
2685 3738 2818 3777 cum
2863 3719 3063 3793 paucis
3112 3718 3214 3775 ha-

586 3810 854 3883 perditae
887 3811 1123 3867 omnino
1158 3809 1290 3867 fidei
1324 3808 1638 3876 hominem,
1680 3828 1746 3867 eo
1778 3809 1871 3865 in·
1928 3809 2106 3867 bett‘
2142 3809 2314 3883 ,ejus
2336 3808 2467 3878 viri,
2503 3803 2753 3888 addit2),
2783 3812 2889 3866 aut
2909 3808 3063 3866 alius
3084 3807 3214 3881 pari

586 3897 825 3955 terdum
846 3895 1220 3970 procacitatis
1242 3897 1659 3973 abreptum,ut
1675 3896 1872 3956 fronte
1929 3915 2068 3954 sane
2115 3915 2296 3971 opera
2340 3899 2520 3971 atque
2565 3896 2890 3973 diligentia.
2942 3895 3214 3971 quamvis

590 4018 906 4024 „W
1897 3975 2081 4102 ἰῇ
2144 4023 2253 4026 -

587 4085 684 4133 tur
727 4123 738 4135 .
766 4096 810 4134 c.
834 4084 901 4138 18
930 4086 1161 4136 vocatur
1186 4083 1586 4145 „Calvinianus
1606 4085 1707 4135 aut
1724 4085 1871 4136 certe
1897 4123 1901 4144 .
2020 4089 2056 4155 ¹)
2098 4083 2433 4138 Laurentius
2479 4085 2519 4136 L
2537 4100 2569 4137 a
2585 4084 2716 4136 ndt
2734 4102 2784 4136 111
2805 4100 2833 4136 6
2850 4087 2872 4135 t
2891 4101 2918 4136 e
2936 4099 2964 4135 r
3007 4081 3213 4134 Torua-

585 4152 657 4205 ad
728 4152 1147 4207 alvinianorum
1176 4158 1360 4209 castra
1394 4170 1508 4206 non
1536 4170 1661 4207 raro
1687 4153 1871 4208 defici·
1897 4146 1901 4200 Ι
1926 4156 2106 4209 censis
2133 4156 2194 4208 Ο.
2224 4155 2457 4220 praem„
2501 4155 2602 4224 qui
2628 4171 2839 4223 magna
2879 4170 3004 4207 cum
3043 4151 3214 4205 laude

584 4237 730 4278 ens.“
777 4224 1106 4279 Notandum
1135 4229 1346 4288 tamen,
1387 4224 1537 4292 quod
1565 4242 1694 4279 cum
1736 4242 1869 4279 suae
1926 4227 2143 4281 sodales
2168 4227 2512 4296 theologiam
2538 4225 2730 4279 docuit
2756 4229 2804 4296 (†
2829 4229 2879 4282 3.
2901 4224 2933 4277 J
2939 4242 3033 4277 un.
3053 4226 3214 4290 1645)

585 4297 895 4351 sententiae
918 4297 1318 4351 refutationem
1340 4295 1492 4364 apud
1505 4296 1869 4367 Albaspinae·
1923 4298 1984 4350 in
2002 4296 2336 4353 Tertulliani
2356 4297 2593 4367 pallium
2620 4297 3008 4366 paraphrasim
3031 4312 3096 4348 ex
3122 4310 3213 4345 va-

583 4386 680 4420 11111
702 4369 943 4438 legisset,
972 4367 1269 4438 epistolam
1293 4366 1580 4435 scripserit
1606 4369 1868 4421 retracta·
1924 4370 2023 4422 riis
2065 4370 2315 4424 virorum
2354 4369 2701 4423 eruditorum
2741 4366 3213 4422 annotationibus

583 4440 753 4493 tionis
780 4440 849 4493 ad
872 4440 1112 4493 eundem
1135 4441 1196 4492 de
1215 4442 1478 4506 sam-ificio
1501 4443 1867 4507 eucharistiae,
1895 4445 1900 4542 ᾗ
1924 4442 1983 4493 et
2019 4440 2263 4511 propriis
2283 4441 2625 4524 conjecturis
2660 4439 3041 4499 concinnavit,
3065 4452 3213 4505 quae

583 4510 810 4564 Parisiis
838 4515 977 4568 1629
1002 4511 1063 4562 in
1083 4514 1151 4574 8.,
1181 4510 1342 4579 cujus
1371 4509 1544 4563 editio
1572 4510 1869 4580 originalis
1896 4563 1897 4572 ,
1926 4512 2139 4581 prodiit
2181 4529 2306 4566 cum
2349 4512 2597 4582 ejusdem
2646 4514 2899 4566 Encomio
2948 4511 3210 4570 Veritatis.

583 4585 669 4636 est
692 4582 994 4643 rarissima,
1040 4598 1170 4635 cum
1205 4582 1476 4650 impressa
1503 4582 1720 4635 fuerint
1748 4586 1869 4634 tan-
1925 4584 2272 4652 Antverpiae
2318 4588 2472 4640 1645.
2538 4583 2794 4650 Reliquit
2837 4584 2893 4635 et
2943 4578 3214 4661 opuscula

585 4656 708 4704 tum
735 4657 805 4708 20
830 4652 1185 4721 exemplaria.
1895 4629 1899 4756 Ι
1924 4655 2179 4718 ascetim,
2206 4655 2356 4709 inter
2383 4671 2529 4722 quae
2559 4655 2625 4708 de
2654 4657 2839 4708 vetere
2868 4652 3071 4706 clerico
3099 4667 3213 4704 mo·

665 4725 700 4790 ¹)
729 4723 809 4773 Cf.
839 4722 1060 4790 Noui-ry
1102 4724 1231 4782 diss,
1260 4723 1329 4776 de
1355 4722 1591 4775 Minucii
1633 4722 1868 4776 Octavio
1924 4724 2105 4778 nacho
2133 4725 2191 4781 11.
2218 4730 2268 4787 3,
2296 4726 2373 4779 ib.
2403 4729 2557 4785 1635.

587 4805 633 4845 o.
661 4797 691 4845 2
721 4808 768 4843 a.
796 4797 846 4847 3.
872 4797 923 4846 4.
1894 4767 1900 4846 l
2000 4803 2038 4859 2)
2068 4796 2155 4849 Ad
2185 4796 2220 4848 1.
2248 4796 2421 4852 Theb.
2452 4802 2472 4851 1
2508 4815 2558 4856 v.
2586 4800 2711 4853 601.
