3625 5193
505 235 579 287 13

1188 215 1575 281 Demochares,
1602 216 1788 282 Tillet,
1816 217 2068 288 Launoy,
2095 217 2418 272 Richardot.

3031 234 3107 287 14

496 402 799 461 versitatis
861 403 1206 478 parisiensis
1267 408 1461 463 rector
1521 399 1772 485 (1539),
1800 399 2024 465 {multa
2069 424 2506 481 supervacanea
2548 408 2709 473 sunt,
2757 423 2875 462 non
2924 422 3109 479 pauca

493 492 802 550 studiosus
842 492 987 553 fidei
1036 492 1356 568 inquisitor
1418 492 1478 572 (†
1533 502 1587 556 8.
1634 495 1773 570 Maji
1832 496 2010 554 etiam
2030 496 2347 554 immutata
2361 498 2719 560 cernuntur;
2753 497 2815 551 et
2830 494 2987 551 Deus
3002 512 3109 552 no-

505 576 698 660 1574)
733 581 979 656 reliquit
1027 581 1263 641 doctum
1311 586 1372 641 et
1416 584 1773 643 laboriosum
1831 584 1936 651 vit,
1990 587 2194 644 utrum
2243 584 2305 642 id
2353 584 2574 641 factum
2626 602 2744 641 non
2791 581 2872 640 sit
2902 581 2975 641 ad
3008 583 3109 641 de-

492 688 644 745 opus
673 671 955 729 adversus
970 671 1374 749 misoliturgos
1386 672 1742 748 inscriptum
1760 694 1774 732 ε

492 758 892 836 Propuqnatio
924 761 1202 819 catholica
1234 768 1284 819 et
1313 762 1591 820 historica
1623 762 1774 821 chri-

492 849 723 907 stianae
756 848 1059 925 religionis
1106 853 1168 907 et
1208 852 1561 925 apostolicae
1599 852 1775 910 tradi-

491 939 675 997 tionis
727 938 1007 997 adversus
1057 939 1573 1017 misoliturgorum
1619 941 1776 1000 blas-

494 1027 757 1103 phemias
808 1047 874 1086 ac
924 1047 1213 1087 novorum
1265 1029 1445 1105 hujus
1495 1031 1778 1106 temporis

503 1117 881 1176 sectariorum
930 1116 1289 1192 imposturas
1339 1120 1654 1195 praecipue
1684 1119 1776 1178 J0.

502 1206 724 1265 Calvini
772 1208 833 1264 et
882 1223 1127 1265 suorum
1176 1211 1381 1266 contra
1431 1226 1474 1266 s,
1539 1207 1779 1267 missam

498 1314 595 1370 pp.
631 1305 666 1356 4
700 1296 763 1353 in
806 1306 829 1355 1
871 1314 943 1366 v.,
977 1295 1220 1354 Parisiis
1246 1306 1432 1360 1562.
1464 1297 1525 1355 in
1543 1298 1600 1367 f.,
1634 1298 1778 1356 alia·

494 1403 613 1459 que
646 1402 823 1459 opera
852 1384 1201 1459 praesertim
1253 1387 1324 1443 ad
1360 1386 1776 1445 eucharistiam

491 1474 841 1548 spectantia.
887 1505 977 1516 --
1022 1473 1225 1532 Oratio
1268 1475 1468 1533 habita
1511 1475 1575 1534 in
1619 1495 1776 1536 conc.

490 1562 632 1623 trid.
666 1562 825 1637 apud
856 1562 937 1620 Le
968 1563 1105 1621 Plat
1135 1564 1180 1633 Ι,
1218 1573 1423 1627 657-
1443 1574 1539 1626 77.
1574 1566 1779 1624 Edidit

489 1655 554 1710 et
591 1652 819 1724 Corpus
833 1652 1000 1726 juris
1029 1654 1313 1727 canonici,
1345 1653 1584 1712 Parisiis
1608 1665 1773 1716 1550

490 1747 533 1798 t.
572 1752 610 1801 4
647 1742 708 1799 in
746 1752 811 1809 83
857 1740 1139 1817 Lugduni
1180 1751 1346 1805 1554
1393 1747 1438 1801 t.
1476 1754 1508 1805 7
1558 1744 1623 1802 in
1663 1754 1775 1811 123

488 1849 629 1889 cum
661 1831 860 1907 glossa
893 1831 1135 1889 Parisiis
1169 1834 1211 1893 t.
1248 1841 1283 1895 3
1318 1832 1380 1890 in
1413 1832 1488 1902 f.;
1522 1852 1697 1909 opera
1729 1852 1773 1893 s,

490 1920 849 1980 Anselmiib.
874 1929 1038 1982 1544
1059 1942 1072 1990 ;
1106 1922 1167 1978 et
1188 1920 1246 1978 P.
1267 1922 1773 1986 Lombardi1556.

588 2107 642 2160 8.
658 2097 699 2156 J
700 2116 919 2157 oannes
936 2098 1018 2156 du
1032 2098 1077 2156 Τ
1093 2097 1111 2156 i
1129 2098 1149 2155 l
1167 2098 1234 2155 le
1249 2102 1276 2156 t
1291 2100 1602 2175 episcopus
1617 2100 1774 2158 bria·

489 2187 706 2263 censis,
772 2186 912 2246 dein
974 2187 1294 2246 meldensis
1361 2186 1421 2269 (†
1479 2198 1573 2249 19.
1627 2189 1680 2245 N
1684 2208 1772 2248 ov.

502 2271 696 2355 1570)
727 2276 916 2334 edidit
945 2294 1121 2351 opera
1166 2277 1210 2333 L
1226 2296 1268 2335 u
1288 2295 1317 2335 c
1335 2277 1355 2334 i
1371 2277 1398 2334 f
1413 2297 1444 2335 e
1459 2277 1523 2336 ri
1557 2278 1772 2336 Galari—

490 2366 637 2434 tani,
692 2364 928 2424 Parisiis
973 2373 1132 2428 1568
1153 2386 1165 2435 ;
1222 2368 1500 2439 opuscula
1554 2385 1599 2425 8.
1650 2368 1696 2425 P
1711 2387 1773 2425 a·

1830 674 2174 733 trahendam
2189 673 2362 732 fidem
2378 690 2620 749 graecae
2649 675 2710 731 et
2738 672 2955 731 latinae
2984 672 3111 730 edi-

1831 763 1999 830 tioni,
2050 763 2273 821 astutia
2319 761 2596 820 videlicet
2625 760 3006 831 «Iudaeorum,
3041 780 3111 819 ex

1833 870 2086 926 quorum
2122 851 2545 927 promptuariis
2564 850 2940 926 evangelium
2957 850 3111 908 illud

1832 941 2115 1017 prodiit.‘
2170 975 2247 985 -
2303 940 2638 999 Matthaeus
2685 940 2757 997 de
2801 940 3055 998 Launo
3068 959 3109 1015 y

1834 1031 2100 1089 sacerdos
2149 1030 2475 1089 catholicus
2525 1029 2598 1087 ad
2645 1028 3015 1088 calvinianos
3059 1048 3109 1089 a.

1843 1119 2288 1181 1560defecrat.
2324 1120 2468 1179 Cum
2486 1137 2624 1178 vero
2643 1118 2815 1177 testis
2831 1128 2990 1176 esset
3019 1119 3112 1176 tot

1833 1207 2217 1267 dissidiorum
2250 1209 2409 1267 inter
2439 1209 2857 1282 protestantes,
2905 1225 3110 1264 eorum

1835 1297 2270 1356 inconstantiae
2291 1297 2672 1372 tristiumque
2705 1297 3013 1354 fructuum
3032 1296 3106 1353 li-

1833 1386 2084 1445 bertatis
2118 1387 2202 1445 sic
2233 1387 2426 1445 dictae
2458 1385 2850 1462 evangelicae,
2897 1384 2970 1442 ad
3001 1384 3109 1442 Ec-

1835 1476 2073 1534 clesiam
2105 1476 2283 1534 rediit
2313 1475 2657 1535 catholicam
2677 1476 2986 1547 factusque
3018 1476 3111 1531 est

1834 1564 2149 1623 canonicus
2183 1565 2627 1633 suessionensiS,
2676 1583 2739 1623 ac
2786 1581 2889 1638 pro
2923 1582 2984 1620 re
3016 1581 3109 1621 ca-

1833 1654 2055 1713 tholica
2084 1655 2365 1713 adversus
2398 1653 2680 1713 haeresim
2714 1651 2922 1711 deinde
2953 1672 3108 1728 pug-

1832 1743 2016 1801 navit.
2070 1743 2275 1801 Edidit
2319 1738 2482 1825 (cum
2526 1742 2780 1801 Henrico
2827 1743 3107 1799 Penne·

1832 1831 1940 1890 tie
1956 1851 2002 1900 r,
2037 1832 2141 1907 qui
2162 1834 2387 1907 pariter
2406 1830 2754 1908 defecerat):
2789 1832 2881 1889 La
2903 1830 3107 1888 Decla-

1832 1924 2024 1980 ration
2056 1928 2107 1979 et
2141 1922 2476 1995 Refutation
2508 1923 2607 1979 des
2632 1922 2864 1993 fausses
2892 1937 3108 1993 suppo·

1831 2006 3110 2086 sitiensetpe-rversesapplicationsd’aucunes

1831 2107 2108 2157 smalences
2123 2102 2191 2157 de
2204 2102 2418 2159 saintes
2433 2100 2750 2173 Ber-iturea,
2771 2099 3104 2173 desquelles

1832 2189 1916 2245 les
1949 2189 2252 2246 ministres
2286 2208 2346 2247 se
2379 2192 2515 2247 sont
2548 2189 2733 2247 servis
2766 2207 2839 2245 en
2872 2206 2935 2245 ce
2968 2189 3101 2246 der·

1829 2277 1959 2335 nier
1976 2280 2169 2352 temps
2202 2283 2236 2334 a
2267 2278 2487 2336 diviser
2517 2279 2575 2334 la
2606 2277 2943 2335 chretiente'.
2996 2278 3107 2334 Pa-

1829 2366 1915 2424 ris
1956 2376 2119 2429 1579
2157 2363 2271 2446 (ed.
2309 2362 2404 2445 3):
2456 2367 2614 2440 quod
2665 2384 2815 2442 opus
2862 2366 3103 2423 catholi-

491 2453 703 2512 ciani
722 2454 1192 2524 Barcinonensis,
1214 2456 1291 2513 ib.
1318 2466 1481 2519 1538
1500 2478 1513 2526 ;
1547 2457 1775 2531 primus
1830 2455 1914 2515 cis
1930 2451 1974 2535 ¹)
1992 2455 2213 2526 arrisit,
2250 2456 2554 2531 displicuit
2580 2473 2715 2513 vero
2732 2453 3103 2524 calvinianis,

489 2540 553 2603 ll.
594 2543 895 2603 Carolinos
941 2543 1053 2602 sub
1100 2545 1491 2622 aenigmatico
1536 2546 1774 2605 nomine
1829 2544 1987 2605 unde
2019 2545 2172 2604 illud
2200 2545 2416 2605 acriter
2443 2545 2904 2621 impugnarunt;
2952 2543 3106 2603 Lau-

488 2633 636 2691 Eli.
688 2633 912 2691 Phili.
963 2633 1208 2692 Parisiis
1267 2644 1464 2704 1549;
1529 2636 1624 2693 cui
1684 2637 1771 2695 ed.
1827 2653 2022 2711 noyus
2043 2654 2179 2695 vero
2201 2639 2444 2694 strenue
2464 2634 2728 2692 defendit
2748 2652 2870 2709 op.:
2906 2633 3102 2708 Repli-

490 2722 662 2780 deest
680 2722 776 2790 IV,
815 2731 893 2783 29
921 2720 1014 2803 (cf.
1038 2723 1110 2781 de
1130 2723 1219 2781 his
1237 2723 1296 2782 ll.
1319 2743 1498 2800 supra
1516 2724 1562 2794 Ι,
1588 2720 1771 2807 708);
1830 2744 1935 2800 que
1956 2725 2273 2783 chre'tienne
2294 2742 2367 2782 en
2389 2724 2574 2783 forme
2596 2724 2667 2782 de
2688 2723 3106 2781 commentaire

488 2831 734 2870 canones
764 2813 1151 2886 apostolorum
1194 2816 1255 2871 et
1299 2814 1678 2889 synodorum,
1713 2817 1775 2873 et
1831 2813 2551 2888 surlareponse...faites
2568 2832 2674 2888 par
2690 2813 2775 2870 les
2801 2812 3106 2870 ministres

489 2903 695 2977 plures
728 2901 911 2960 libros
932 2901 1003 2959 de
1018 2903 1458 2978 controversiis,
1479 2905 1548 2960 ut
1582 2903 1778 2961 Τναίιέ
1830 2902 2169 2960 calvinistes
2199 2906 2307 2961 etc.
2339 2902 2415 2960 ib.
2442 2912 2626 2965 1579.
2656 2901 3105 2959 —F'ranciscus

489 2992 560 3048 de
592 2989 926 3066 l'antiqm'tb
973 2997 1023 3048 et
1068 2991 1137 3049 de
1184 2992 1243 3048 la
1291 2993 1583 3049 solemnit&
1610 2993 1678 3049 de
1708 2993 1770 3051 la
1829 2991 1910 3049 Bi
1930 2991 2257 3049 chardot
2305 2991 2367 3049 Ο.
2419 2992 2471 3049 S.
2525 2992 2675 3066 Aug.
2740 2990 3103 3065 Burgundus

491 3080 694 3154 Messe,
731 3080 809 3137 ib.
850 3089 1050 3150 1537;
1086 3080 1282 3138 'I'raite
1312 3099 1421 3138 sur
1451 3082 1499 3138 le
1528 3082 1772 3157 symbole
1827 3100 1886 3139 n.
1933 3089 2091 3142 1507
2129 3081 2374 3138 Parisiis
2407 3099 2457 3138 a.
2494 3081 2707 3138 aetatis
2743 3088 2820 3140 22
2872 3078 3108 3154 publice

489 3168 594 3227 des
627 3173 876 3245 apotres,
899 3168 977 3226 ib.
1007 3179 1203 3239 1566;
1240 3170 1500 3242 Βέροηεε
1530 3189 1642 3228 aux
1658 3170 1769 3228 mi·
1819 3171 1943 3246 jam
1977 3188 2021 3227 s.
2056 3168 2224 3226 Pauli
2256 3170 2532 3246 epistolas
2582 3169 2868 3244 exposuit.
2933 3168 3106 3226 Falso

490 3258 731 3328 nistres,
781 3257 858 3315 ib.
904 3267 1084 3319 1566.
1130 3259 1192 3316 in
1229 3269 1299 3329 ὃς
1346 3257 1668 3318 Parallelae
1699 3260 1770 3317 de
1826 3262 2133 3316 accusatus
2151 3260 2393 3317 transiit
2411 3258 2474 3317 in
2493 3259 2740 3317 Italiam.
2756 3259 2912 3316 Bene
2931 3257 3106 3315 initio

490 3346 634 3404 vitis
668 3366 734 3405 ac
765 3347 1028 3405 moribus
1060 3368 1348 3422 paparum
1381 3367 1514 3406 cum
1544 3349 1770 3424 praeci·
1825 3351 2098 3422 receptus
2149 3367 2182 3404 a
2213 3348 2512 3407 Ferrariae
2544 3349 2709 3416 duce,
2731 3347 3106 3422 postmodum

490 3437 628 3510 puis
645 3436 915 3504 ethnicis,
945 3435 1273 3511 Ambergae
1302 3448 1482 3499 1610.
1514 3440 1641 3507 etc.;
1677 3438 1767 3495 in·
1829 3456 1960 3496 arce
1991 3437 2283 3494 Rubeirae
2305 3438 2422 3496 fuit
2440 3438 2725 3496 inclusus.
2759 3436 3105 3494 Innocentia

488 3543 671 3600 super
701 3526 880 3583 etiam
927 3528 1156 3583 textum
1203 3526 1543 3584 hebraicum
1573 3528 1768 3585 Evan-

488 3613 636 3688 gelii
680 3613 1009 3673 secundum
1053 3614 1421 3673 Matthaeum
1473 3633 1606 3674 cum
1640 3634 1768 3674 ver-

488 3703 657 3761 sione
687 3702 779 3764 J0.
826 3704 1149 3761 Mercari
1195 3704 1566 3774 calvinistae,
1603 3705 1767 3763 Pari-

490 3792 602 3849 siis
640 3803 844 3862 1555..
879 3793 951 3850 de
983 3811 1101 3868 quo
1134 3797 1334 3852 tamen
1368 3793 1518 3852 card.
1541 3795 1767 3852 Beller-

488 3881 712 3949 minus,
746 3884 1065 3957 postquam
1085 3883 1304 3941 statuit
1334 3885 1565 3941 textum
1597 3902 1765 3958 grae-

489 3989 626 4028 cum
658 3971 831 4046 plane
875 3989 1007 4030 esse
1052 3972 1460 4030 authenticum
1507 3990 1573 4030 ac
1618 3972 1667 4029 si
1702 3991 1769 4030 ea

490 4059 701 4135 lingua
731 4060 992 4135 primum
1024 4061 1316 4136 scriptum
1345 4061 1558 4119 fuisset
1576 4061 1768 4119 Evan-

489 4148 717 4224 gelium
753 4149 1051 4219 Matthaei,
1085 4150 1170 4208 ita
1202 4149 1410 4210 scribit
1426 4147 1501 4226 ¹):
1568 4147 1765 4218 ‚Quo-

488 4239 643 4296 circa
692 4256 811 4296 non
860 4239 1120 4296 multum
1170 4257 1411 4314 egemus
1460 4238 1767 4315 evangelio

490 4327 784 4394 hebraicO,
836 4328 996 4402 quod
1028 4328 1373 4386 Mfinsterus
1405 4328 1606 4397 edidit,
1659 4347 1768 4386 nec

487 4416 589 4474 illo
621 4415 820 4485 etiam,
854 4416 1014 4491 quod
1047 4435 1238 4493 nuper
1276 4417 1369 4474 edi
1403 4418 1634 4475 curavit
1664 4416 1767 4476 Jo-

488 4523 673 4563 annes
725 4505 999 4574 Tilius‚
1054 4506 1116 4564 in
1162 4524 1279 4580 quo
1314 4505 1501 4564 multa
1532 4506 1765 4574 desunt,

1825 3527 1954 3601 ejus
1987 3531 2282 3600 comperta
2331 3527 2581 3600 ideoque
2613 3525 2888 3584 libertate
2921 3524 3102 3582 dona-

1824 3617 1926 3672 tus
1989 3616 2228 3673 Romam
2290 3616 2456 3675 venit
2501 3619 2562 3674 et
2625 3634 2757 3673 cum
2807 3613 3103 3689 pontificis

1825 3704 1999 3763 venia
2059 3704 2329 3761 habitum
2391 3704 2731 3781 religiosum
2759 3755 2764 3758 .
2794 3703 2974 3763 exuit.
3035 3702 3105 3759 In

1826 3794 2078 3868 patriam
2111 3793 2294 3851 redux
2327 3793 2521 3852 factus
2553 3796 2645 3850 est
2659 3792 3107 3850 administrator

1824 3883 2110 3940 dioecesis
2141 3882 2506 3954 bisuntinae,
2556 3881 2847 3956 simulque
2890 3880 2952 3937 in
2998 3897 3105 3936 no-

1824 3973 1981 4030 viter
2011 3976 2204 4030 erecta
2237 3972 2548 4040 academia,
2568 3989 2745 4045 quam
2778 3970 3104 4044 plurimum

1902 4147 1938 4205 ¹)
1973 4139 2054 4194 Cf.
2087 4139 2306 4203 Raess,
2339 4141 2430 4194 die
2447 4139 2811 4195 Convertiten
2827 4143 2877 4202 2,
2897 4141 2998 4195 195
3014 4155 3102 4200 sa,

1825 4211 1926 4280 qui
1952 4212 2021 4264 de
2047 4209 2150 4265 illo
2176 4212 2324 4265 inter
2359 4212 2475 4264 alia
2503 4212 2703 4265 habet:
2758 4209 2900 4270 „Das
2928 4208 3104 4261 Werk

1826 4283 2053 4336 verrath
2081 4283 2204 4336 eine
2238 4300 2458 4352 genaue
2486 4280 2948 4338 Bibelkenntniss
2984 4280 3104 4333 und

1825 4355 1949 4409 eine
1977 4353 2268 4408 ziemliche
2292 4355 2647 4410 Beleaenheit
2665 4352 2726 4407 in
2753 4353 2860 4406 den
2894 4352 3104 4404 Vatern

1825 4424 1944 4479 und
1995 4424 2351 4480 kirchlichen
2404 4425 2865 4479 Schriftstellern.
2915 4423 3103 4475 VVenn

1824 4497 1972 4550 auch
1988 4496 2080 4550 die
2097 4496 2343 4567 Sprache
2355 4497 2646 4550 desselben
2657 4494 2926 4548 meistens
2935 4494 3103 4548 breit-

1824 4570 2083 4638 getreten
2108 4568 2200 4629 ist,
2227 4585 2288 4621 so
2317 4569 2582 4622 kommeu
2623 4567 2882 4621 dennoch
2909 4566 3104 4636 hitufig

1825 4639 2119 4709 originelle
2146 4639 2530 4710 VVendungen
2571 4639 2690 4691 und
2717 4637 3103 4690 Lichtfunken

568 4714 607 4774 1)
635 4707 717 4763 De
757 4710 928 4764 verbo
967 4710 1073 4764 Dei
1096 4712 1133 4767 l.
1160 4716 1209 4768 2.
1237 4729 1281 4766 e.
1307 4716 1360 4767 7.
1386 4729 1440 4766 n.
1468 4715 1518 4767 3.
1571 4710 1652 4766 Cf.
1678 4710 1768 4764 Le
1825 4727 1942 4774 vor,
1984 4710 2077 4764 die
2118 4710 2218 4764 das
2257 4712 2432 4764 Leaen
2474 4710 2765 4764 desselben
2792 4708 3102 4760 anziehend

489 4781 530 4834 L
549 4797 583 4834 o
601 4798 691 4849 ng
718 4780 981 4837 biblioth.
1009 4798 1196 4837 sacrae
1224 4784 1262 4848 I,
1290 4786 1377 4839 82.

1824 4782 2061 4835 macheu
2088 4785 2224 4836 etex·
