3625 5193
595 258 719 312 219

592 427 839 485 seorsim
882 426 1162 504 Lugduni
1220 428 1284 486 in
1330 427 1647 487 Hollandia
1699 439 1865 492 1593

589 515 861 592 inscripti
877 536 889 573 ε
904 517 1330 592 Antiquitatum
1337 518 1720 591 judaicarum
1732 519 1793 576 ll.
1812 527 1868 587 93

590 605 652 661 in
701 604 818 662 fine
867 606 1164 680 reperitur
1210 607 1628 681 interpretatio
1677 606 1868 666 nomi·

590 712 735 752 num
753 694 1160 763 hebraeorum,
1179 694 1594 753 chaldaeorum
1609 699 1670 754 et
1696 714 1870 772 grae-

591 800 822 841 corum:
873 783 1134 853 urbium,
1183 784 1520 853 fluviorum,
1572 785 1868 843 montium

590 874 1042 946 ceterorumque
1055 873 1348 932 locorum:
1384 874 1632 932 seorsim
1655 875 1779 949 jam
1806 892 1869 931 e-

591 959 752 1018 ditus
769 961 802 1017 l.
817 961 1172 1036 Antverpiae
1194 971 1265 1025 15
1279 973 1308 1025 7
1327 974 1349 1023 l
1367 981 1540 1038 ;opus
1556 967 1872 1039 propterea

589 1048 762 1107 laude
795 1049 1059 1124 dignuin,
1093 1050 1234 1124 quia
1252 1051 1512 1127 primum
1543 1051 1676 1121 fuit,
1710 1051 1870 1127 quod

590 1139 926 1197 accuratius
937 1139 1006 1197 de
1019 1139 1107 1197 his
1122 1140 1311 1215 egerit
1323 1141 1709 1216 argumentis,
1733 1140 1869 1198 Edi-

592 1228 755 1285 tione
789 1228 1060 1285 absoluta
1092 1227 1332 1287 Romam
1355 1247 1417 1287 se
1438 1230 1694 1287 contulit
1714 1230 1870 1306 regis

591 1334 818 1391 suoque
850 1316 1089 1375 nomine
1108 1335 1237 1374 eam
1258 1318 1567 1376 oblaturus
1585 1317 1628 1397 1)
1650 1318 1868 1394 Grego-

591 1404 679 1463 rio
711 1405 867 1462 XIII.
901 1408 1080 1479 atque
1110 1424 1383 1464 reversus
1415 1406 1478 1464 in
1524 1407 1871 1483 Hispaniam

592 1494 756 1569 larga
774 1494 1249 1553 remuneratione
1267 1514 1302 1552 a
1321 1515 1458 1572 rege
1477 1496 1730 1555 donatus
1751 1496 1873 1554 fuit

593 1582 967 1656 maximaque
1017 1582 1173 1658 apud
1223 1603 1358 1642 eum
1408 1584 1602 1662 gratia
1650 1585 1869 1644 floruit.

591 1671 725 1729 Non
758 1670 996 1729 defuere
1027 1674 1243 1741 tamen,
1277 1673 1382 1747 qui
1410 1673 1540 1748 ejus
1561 1676 1874 1749 carperent

592 1759 931 1830 editionem,
978 1761 1134 1819 inter
1157 1780 1320 1841 ‚quos
1352 1762 1573 1820 eminet
1603 1763 1742 1821 Leo
1776 1781 1871 1820 ca·

594 1849 844 1908 strensis
879 1846 977 1931 (de
1009 1868 1129 1924 quo
1161 1851 1315 1909 infra
1333 1872 1389 1926 p.
1413 1847 1586 1931 234),
1621 1851 1723 1927 qui
1756 1851 1869 1909 cri-

593 1937 739 1995 mini
772 1937 826 1995 ei
858 1939 1058 2007 vertit,
1093 1940 1251 2013 quod
1277 1943 1506 1998 textum
1529 1941 1870 1999 hebraicum

590 2044 698 2101 pro
732 2027 1005 2102 originali
1027 2027 1089 2085 in
1110 2028 1273 2086 illam
1292 2030 1595 2105 receperit,
1619 2030 1870 2087 nimium

591 2132 740 2172 usus
774 2115 855 2174 sit
885 2116 1269 2176 rabbinorum
1291 2118 1546 2193 scriptis,
1574 2118 1730 2190 quod
1755 2120 1872 2176 lae-

593 2204 737 2261 serit
769 2205 1069 2263 decretum
1102 2205 1496 2265 tridentinum
1543 2206 1616 2264 de
1662 2207 1873 2284 vulga·

591 2295 690 2351 tae
723 2294 1050 2352 authentia.
1082 2295 1155 2352 Ut
1191 2295 1265 2353 ab
1298 2296 1457 2355 hisce
1492 2314 1554 2354 se
1594 2300 1875 2373 purgaret

593 2383 922 2453 MontanuS,
946 2384 1278 2460 apologiam
1298 2384 1596 2461 hispanice
1617 2385 1872 2445 conscri-

593 2470 778 2545 psisse
808 2473 1015 2541 fertur,
1049 2492 1202 2547 quae
1234 2472 1298 2531 in
1325 2473 1625 2532 oxoniensi
1657 2473 1872 2531 biblio-

591 2561 760 2620 theca
791 2564 1093 2636 tamquam
1125 2562 1618 2636 pretiosissimum
1662 2567 1870 2646 κειμή-

595 2651 724 2711 λιον
755 2647 1167 2728 asservatur2).
1202 2651 1470 2709 Ceterum
1504 2655 1565 2708 et
1586 2653 1724 2708 haec
1745 2651 1871 2708 edi-

592 2738 678 2796 tio
711 2745 802 2796 est
823 2739 1139 2796 admodum
1158 2758 1305 2807 rara,
1327 2757 1460 2797 cum
1483 2749 1605 2801 500
1629 2742 1870 2798 tautum

589 2945 739 2994 texte
757 2955 779 2994 ἱ)
820 2942 905 2995 En
931 2944 1079 3007 effet‚
1107 2946 1271 2997 toute
1303 2960 1403 2997 son
1433 2943 1717 2998 eruditiori
1745 2960 1872 2998 con-

589 3013 723 3066 siste
763 3017 796 3067 a
836 3014 1087 3067 traduire
1129 3014 1209 3068 les
1248 3017 1396 3068 mots
1438 3015 1698 3070 Hebreux
1743 3019 1776 3070 a
1816 3016 1871 3069 la

589 3084 772 3142 lettre.
802 3085 956 3138 selon
983 3085 1108 3140 leur
1133 3085 1519 3153 signification
1544 3088 1602 3142 la
1631 3087 1760 3157 plus
1787 3105 1871 3142 or-

589 3154 822 3221 dinaire,
865 3172 993 3210 sans
1032 3157 1271 3226 prendre
1310 3158 1485 3227 garde
1525 3159 1572 3212 si
1611 3159 1719 3212 elle
1744 3176 1872 3215 con-

588 3226 762 3291 vient,
785 3245 858 3281 ou
878 3243 1011 3292 non,
1027 3245 1138 3281 aux
1157 3229 1409 3282 endroits
1427 3232 1501 3282 oii
1516 3230 1556 3283 il
1574 3231 1610 3285 l'
1626 3230 1870 3299 emploie

589 3299 691 3351 etc.
720 3298 804 3350 En
845 3316 924 3351 un
964 3301 1084 3353 mot
1121 3299 1171 3353 si
1208 3299 1337 3353 l'on
1376 3303 1514 3354 veut
1546 3302 1789 3370 prendre
1816 3303 1871 3355 la.

1011 245 1381 301 1581—1600.
1409 241 1752 313 Discipliuae
1778 245 1851 297 ad
1878 260 1946 297 ss.
1970 242 2163 296 literas
2192 245 2509 313 spectantes
2536 242 2597 295 in
2625 241 2781 311 Hisp.

3078 258 3202 311 220

1927 428 2151 487 suerint
2195 428 2479 502 impressa
2525 427 2898 504 exemplaria,
2950 446 3205 502 quorum

1925 518 2099 593 plura
2109 517 2571 592 naufragio‚cum
2586 516 2996 592 inHispaniam
3009 535 3204 591 aspor-

1926 613 2215 674 tarentur,
2261 605 2566 681 perierint.
2613 606 2697 662 De
2729 605 2910 680 hujus
2958 605 3070 663 viri
3114 606 3204 663 vi-

1926 694 2102 754 vendi
2134 695 2365 753 ratione
2397 694 2537 752 haec
2567 694 2752 752 refert
2782 694 2836 751 N
2842 694 3063 753 icolaus
3088 698 3206 752 An-

1925 778 2225 864 tonius¹):
2260 783 2451 852 ,Vino
2484 801 2717 858 semper
2747 783 3040 841 abstinuit
3060 803 3205 858 epu-

1927 873 2121 946 lisque
2151 872 2530 948 largioribus.
2576 872 2871 930 Ooenabat
2901 871 2997 930 die
3029 872 3209 930 semel

1925 960 2105 1036 idque
2137 970 2318 1020 noctu
2349 964 2585 1037 praeter
2604 961 2931 1019 breviorem
2968 961 3207 1018 meridi-

1926 1069 2106 1108 anum
2123 1050 2577 1125 cibum,qualem
2590 1050 2682 1108 vel
2695 1068 2854 1108 nunc
2865 1050 3207 1124 jejunantes

1926 1139 2299 1198 conciliaturi
2332 1157 2606 1197 somnum
2627 1138 2935 1205 sumimus,
2964 1138 3208 1196 diurnas

1928 1229 2098 1286 horas
2131 1244 2332 1286 omnes
2364 1232 2435 1286 ut
2466 1228 2526 1285 in
2558 1227 2834 1286 exercitia
2872 1227 3111 1302 pietatis
3144 1245 3209 1284 ac

1925 1316 2259 1375 studiorum
2274 1317 2657 1391 impenderet.
2671 1317 2892 1375 Diebus
2904 1317 3071 1374 festis
3082 1334 3209 1373 car-

1928 1406 2086 1464 mine
2146 1406 2498 1480 plerumque
2560 1423 2723 1464 sacro
2784 1405 3208 1480 nonnullisque

1927 1495 2059 1552 aliis
2092 1494 2509 1553 humaniorum
2542 1494 2992 1569 disciplinarum
3044 1512 3206 1552 exer·

1927 1583 2310 1641 citationibus
2361 1603 2393 1641 a
2440 1584 2744 1659 superiore
2776 1582 3207 1641 commentandi

1929 1674 1991 1730 in
2024 1672 2191 1730 libris
2224 1672 2409 1730 sacris
2461 1690 2602 1730 cura
2646 1672 2835 1731 veluti
2866 1671 3206 1730 feriabatur.

1928 1761 2093 1819 Inter
2142 1761 2303 1819 enim
2355 1761 2541 1819 seculi
2594 1763 2686 1819 sui
2732 1763 2934 1836 poetas
2985 1759 3208 1818 nemini

1926 1850 2185 1925 palmam
2230 1850 2465 1919 detulit,
2517 1850 2768 1908 meritus
2819 1850 2893 1907 ob
2938 1849 3000 1906 id
3031 1849 3211 1907 etiam

1928 1940 2187 1997 lauream
2240 1939 2498 2014 poeticae
2548 1940 2693 1997 artis
2743 1939 2902 2014 apud
2934 1938 3211 2013 Complu-

1929 2033 2185 2086 tenses<<
2222 2028 2485 2086 Decessit
2519 2036 2616 2089 22.
2638 2028 2778 2102 Maji
2818 2035 3001 2089 1598.
3035 2028 3211 2085 Prae·

1928 2120 2021 2175 ter
2052 2117 2295 2175 bibliam
2329 2117 2553 2193 regiam
2565 2114 2617 2197 2)
2648 2117 2823 2192 plura
2854 2116 2970 2173 alia
3002 2115 3206 2185 edidit,

2010 2238 2043 2305 ¹)
2073 2234 2216 2289 Bibl.
2244 2233 2313 2287 H.
2340 2232 2410 2285 N.
2440 2239 2487 2298 1,
2515 2237 2636 2290 208.
2683 2232 2931 2285 Joannes
2973 2232 3214 2285 Verzosa

1952 2304 2130 2373 Epist.
2166 2306 2203 2360 l.
2244 2309 2298 2375 4)
2350 2304 2580 2374 elegans
2629 2304 2697 2356 de
2749 2320 2812 2357 eo
2864 2319 3091 2357 carmen
3140 2303 3212 2356 ad

1975 2376 2261 2430 lantinum
2288 2376 2624 2444 composuit,
2661 2376 2723 2427 in
2752 2392 2864 2442 quo
2892 2392 3023 2428 cum
3051 2375 3214 2428 Arias

1929 2449 2150 2501 statura
2176 2450 2321 2499 esset
2344 2446 2608 2515 pusillus,
2636 2448 2719 2500 ita
2744 2446 2813 2499 de
2840 2462 2905 2500 eo
2932 2445 3117 2499 canit:

2072 2517 2140 2570 Di
2184 2518 2264 2571 ito
2292 2520 2640 2572 monstratur
2666 2518 2883 2586 ubique

2073 2537 2264 2643 Ingice
2292 2592 2349 2642 et
2373 2588 2462 2645 hic
2489 2607 2701 2660 parvus
2728 2591 2845 2643 tam
2874 2606 3132 2658 magnus.

2004 2665 2044 2731 ⁵)
2073 2661 2259 2713 Socios
2302 2661 2361 2714 in
2402 2662 2506 2714 hac
2547 2662 2798 2714 editione
2837 2660 3042 2714 habuit
3078 2661 3213 2714 cele—

1930 2733 2086 2785 brem
2112 2733 2177 2786 A.
2205 2732 2445 2785 Masiu
2463 2751 2537 2793 in.
2563 2733 2632 2786 de
2659 2749 2773 2800 quo
2802 2733 3020 2800 egimus
3090 2771 3103 2783 .
3122 2736 3212 2796 64,

1929 2806 1987 2883 et
2005 2802 2199 2857 Vitum
2225 2803 2265 2855 F
2282 2819 2315 2855 a
2335 2805 2371 2856 b
2388 2821 2417 2856 e
2435 2821 2461 2855 r
2478 2803 2625 2872 (Guy
2641 2803 2872 2884 Lefevre
2885 2803 2951 2883 de
2967 2802 3025 2856 la
3039 2751 3213 2857 Eode-

1927 2874 2962 3015 33212‘33223233315..¹i313g2.33313”
2975 2875 3212 2998 aaz&

1928 3017 2071 3070 lium
2099 3015 2289 3070 studio
2327 3033 2384 3097 se
2412 3017 2584 3071 dedit.
2638 3016 3110 3097 Interpretatione
3136 3016 3213 3070 la·

1928 3088 2052 3141 tina
2068 3087 2139 3143 N.
2156 3087 2217 3140 T.
2236 3103 2484 3156 syriacae
2501 3088 2774 3142 versionis
2790 3090 3049 3141 innotuit
3059 3087 3213 3142 Mon-

1929 3161 2079 3223 tan0,
2110 3159 2209 3227 qui
2238 3176 2368 3212 eum
2396 3159 2582 3228 operis
2610 3159 2821 3213 socium
2848 3157 3068 3212 accivit.
3109 3158 3212 3213 Cu·

1927 3230 2079 3283 ravit
2104 3230 2173 3283 N.
2202 3229 2264 3283 T.
2305 3231 2521 3298 syriace
2561 3247 2691 3284 cuin
2732 3230 2989 3284 versione
3029 3229 3211 3283 latina

1929 3304 1989 3366 (t.
2006 3300 2094 3382 V.)
2124 3304 2180 3353 et
2203 3301 2541 3371 glossarium
2563 3300 3043 3369 syriaco-latinum
3070 3317 3211 3356 com·

588 3370 755 3490 peine
782 3369 850 3423 de
876 3370 1169 3437 parcourir
1209 3374 1396 3425 tontes
1422 3373 1503 3426 les
1530 3373 1871 3453 corrections
1926 3375 2234 3453 posuitque
2284 3373 2715 3452 grammaticam
2761 3372 3112 3425 chaldaicam
3156 3374 3213 3452 et

659 3442 820 3494 Arias
860 3441 1182 3509 Montanus,
1224 3458 1296 3495 on
1337 3445 1603 3497 trouvera
1644 3444 1798 3512 qu’il
1838 3460 1872 3497 a
1928 3443 2330 3497 dictionarium
2351 3444 2836 3512 syrochaldaicum
2868 3445 2927 3508 (t.
2948 3443 3059 3515 Vl),
3085 3442 3211 3496 Edi-

588 3510 782 3634 Elutot
808 3513 1025 3566 traduit
1050 3515 1107 3568 la
1131 3514 1291 3567 Bible
1317 3530 1388 3567 en
1430 3515 1649 3579 ecolier‚
1691 3517 1785 3583 qu'
1801 3532 1870 3568 en

630 3600 813 3636 omine
830 3584 896 3638 de
907 3586 1257 3654 jugement.“
1274 3585 1470 3654 Carpit
1484 3603 1710 3654 quoque
1727 3587 1871 3655 ejus-

590 3654 715 3706 deiu
746 3657 1056 3708 versionem
1085 3660 1273 3710 textus
1300 3657 1487 3726 graeci
1516 3658 1585 3712 N.
1615 3658 1674 3711 T.
1704 3658 1869 3728 (Hist.

589 3725 708 3776 crit.
738 3725 816 3778 du
845 3725 914 3780 N.
943 3726 1004 3779 T.
1033 3727 1116 3781 ch.
1144 3732 1260 3799 23):
1305 3745 1427 3783 eam
1454 3731 1642 3782 tamen
1669 3729 1874 3782 laudat

589 3796 736 3848 And
753 3813 854 3849 res
904 3797 1273 3868 dell’Origine
1290 3802 1393 3853 etc.
1420 3800 1623 3868 d'ogni
1647 3800 1872 3853 lettera-

588 3869 720 3920 tura
749 3871 785 3920 t.
813 3872 862 3924 6.
883 3807 926 3921 l.
953 3874 1002 3925 2.
1031 3886 1075 3924 c.
1102 3875 1191 3942 2.),
1221 3869 1320 3938 qui
1346 3870 1504 3926 illam
1533 3874 1620 3924 tot
1645 3870 1872 3925 defecti-

588 3938 694 3991 bus
722 3940 1022 3992 obnoxiam
1044 3958 1158 3995 non
1179 3958 1297 3996 esse
1319 3941 1407 3994 vel
1429 3942 1630 3995 exinde
1652 3943 1871 4011 probat,

590 4010 744 4077 quod
772 4010 831 4063 in
858 4012 1163 4082 praecipua
1203 4011 1380 4065 biblia
1406 4011 1728 4081 polyglotta
1755 4015 1872 4066 fue·

588 4082 665 4133 rit
691 4087 932 4151 recepta.
959 4084 1163 4136 Latina
1190 4082 1372 4135 versio
1398 4082 1704 4149 aliquoties
1731 4101 1873 4138 seor·

591 4152 694 4204 siin
736 4153 911 4207 etiam
951 4154 1166 4222 prodiit
1205 4157 1272 4207 ut
1311 4155 1656 4222 Antverpiae
1702 4160 1872 4227 15723

589 4227 728 4278 1583
773 4229 874 4278 etc.
929 4225 1010 4280 cf.
1061 4225 1388 4294 Vigouroux
1413 4223 1657 4279 Diction.
1704 4226 1772 4280 de
1819 4227 1873 4279 la

591 4294 753 4348 Bible
783 4298 824 4358 l,
851 4300 972 4352 954.

670 4372 704 4436 ¹)
733 4365 1056 4420 Secundum
1092 4367 1549 4422 continuatorem
1577 4367 1709 4423 hist.
1737 4368 1871 4422 eccl.

591 4438 678 4490 ab.
709 4437 833 4490 Fle
851 4453 888 4488 u
906 4455 933 4489 r
952 4447 988 4505 y
1016 4437 1052 4495 l.
1082 4442 1185 4495 183
1230 4447 1256 4504 §
1283 4443 1369 4503 56,
1395 4455 1513 4494 non
1540 4439 1723 4492 solum
1749 4456 1873 4508 gra-

592 4507 813 4561 tulatus
841 4511 926 4560 est
952 4509 1258 4578 Gregorius
1286 4510 1405 4581 regi
1432 4510 1614 4564 literis
1641 4510 1713 4563 ad
1741 4526 1871 4564 euni

591 4578 755 4643 datis,
809 4595 1004 4632 verum
1050 4581 1219 4634 etiam
1267 4581 1673 4636 constitutione
1717 4581 1872 4635 edita

593 4654 640 4704 1.
670 4648 738 4702 Se
783 4651 823 4705 t.
851 4667 991 4719 opus
1015 4667 1089 4722 ap
1136 4653 1372 4707 robavit.

668 4725 706 4786 ²)
759 4726 820 4773 ta
848 4720 1059 4777 Paulus
1109 4723 1429 4778 'olomesius
1452 4725 1512 4778 in
1538 4724 1654 4777 suis
1682 4741 1871 4794 opusc.

592 4789 819 4845 Parisiis
847 4797 985 4850 1668
1011 4795 1210 4854 editis:
1237 4795 1306 4850 cf.
1332 4796 1575 4860 Reusch,
1602 4799 1867 4852 575—77.

1929 3515 2011 3567 dit
2041 3516 2271 3568 seorsim
2299 3514 2369 3569 N.
2397 3517 2447 3569 J.
2494 3514 2621 3568 Chr.
2660 3514 3085 3568 Testamentum
3126 3531 3210 3582 sy·

1927 3585 2075 3639 riace
2102 3585 2284 3639 literis
2308 3584 2587 3640 hebraicis
2609 3602 2738 3638 cum
2759 3585 3015 3640 versione
3041 3586 3212 3639 inter·

1929 3656 2130 3710 lineari
2175 3656 2373 3723 latina,
2424 3659 2658 3727 vulgata
2701 3658 2761 3709 et
2807 3659 2968 3710 textu
3010 3672 3211 3725 graeco

1929 3729 2279 3797 Antverpiae
2325 3733 2493 3787 1584:
2545 3728 2803 3782 Severi
2846 3729 2989 3783 alex.
3034 3745 3209 3795 quon-

1929 3799 2061 3852 dam
2088 3799 2444 3868 patriarchae
2484 3802 2545 3853 de
2584 3803 2778 3853 ritibus
2817 3802 3068 3868 baptisma·
3097 3809 3145 3852 et
3168 3817 3208 3855 s.

1927 3875 2149 3939 synaxis
2173 3871 2330 3939 apud
2356 3886 2510 3938 syros
2539 3870 2871 3924 christianos
2897 3872 3136 3940 receptis
3156 3869 3210 3934 1.,

1929 3941 2279 4011 Antverpiae
2322 3947 2458 3998 1572
2502 3946 2568 3994 ut
2605 3942 2794 4012 palam
2835 3942 3047 3995 faceret
3084 3956 3209 3995 con-

1930 4012 2179 4066 cordiam
2209 4013 2456 4066 Orientis
2481 4030 2609 4066 eum
2632 4013 2933 4067 Occidente
2960 4013 3019 4065 in
3045 4027 3104 4065 re
3131 4028 3212 4065 sap

1929 4084 2301 4137 eramentaria
2329 4095 2373 4150 (†
2402 4088 2580 4156 1598).
2608 4084 2747 4153 Ejus
2776 4099 3007 4152 quoque
3035 4084 3214 4137 frater

1930 4158 1981 4210 N
2004 4155 2065 4207 ic
2084 4171 2115 4207 o
2133 4155 2200 4208 la
2218 4173 2293 4208 us
2344 4172 2571 4225 operam
2618 4172 2779 4208 suam
2824 4154 3091 4209 contulit.
3142 4186 3210 4195 —-

1928 4227 2174 4281 Joannes
2219 4227 2289 4278 ab
2333 4229 2472 4281 urbe
2552 4226 2698 4279 atria
2738 4226 2926 4279 dictus
2964 4225 3213 4278 Harle-

1929 4298 2117 4350 niius
2169 4297 2468 4369 (Willems)
2511 4246 2572 4350 ἓ.
2616 4298 2665 4350 J.
2719 4297 2972 4364 ejusdem
3026 4295 3212 4365 operis

1930 4367 3213 4511 {²32⁸‘2¹23123325f332135333233i223ffl3‘33

1930 4512 2123 4565 Ari-am
2168 4512 2508 4574 sublevavit,
2555 4511 2765 4580 adjecit
2803 4510 3068 4574 indicem,
3113 4509 3214 4577 qui

1930 4585 2162 4653 propter
2189 4599 2347 4636 suam
2377 4582 2689 4636 utilitatem
2715 4582 2775 4635 in
2803 4581 3075 4651 vulgatae
3102 4581 3213 4634 edi-

1930 4653 2114 4707 tiones
2134 4654 2344 4722 passini
2363 4657 2624 4723 receptus
2642 4653 2769 4717 fuit,
2790 4669 3090 4720 variasque
3107 4651 3213 4705 col·

1930 4725 2348 4794 legitlectiones
2382 4725 2444 4778 in
2475 4724 2671 4778 latinis
2697 4723 2899 4778 Bibliis
2929 4728 2988 4776 et
3005 4723 3078 4776 ad
3099 4728 3213 4777 tex·

1930 4798 2051 4848 tuni
2079 4796 2423 4859 hebraicum,
2453 4796 2828 4859 chaldaicum,
2844 4811 3109 4865 graecum
3133 4798 3213 4849 at-
