3625 5193
624 244 743 297 631

903 230 1274 283 1621—1640.
1302 225 1609 296 Theologia
1635 227 1810 283 schol.
1838 225 2077 292 Lessius,
2106 224 2564 289 Schevichavius,
2593 222 2970 292 Praepositae,

3122 241 3241 294 632

619 411 860 470 videtur
881 429 1080 469 omnes
1098 409 1477 472 recensuisse.
1510 413 1554 470 T
1573 431 1612 470 ιι
1627 431 1658 469 r
1672 413 1737 470 ri
1754 432 1795 471 ιι
1812 431 1840 470 s
1855 411 1900 488 1)
1965 411 2449 486 frequentissime
2468 411 2622 487 lege,
2656 413 2718 469 et
2737 428 2871 468 cum
2892 427 3096 468 omnes
3116 429 3249 485 per·

623 501 772 559 hanc
791 500 992 557 Lessio
1006 500 1237 558 laudem
1254 499 1486 568 tribuit,
1502 502 1663 559 inter
1682 520 1902 568 omnes,
1963 502 2164 577 legero
2209 499 2428 558 iterum
2479 503 2658 573 atque
2709 499 2944 566 iterum,
2996 499 3047 556 si
3095 499 3250 557 Deus

623 590 729 665 qui
760 589 831 647 de
862 589 1088 647 cambio
1109 589 1476 664 scripserunt
1503 590 1625 649 sive
1644 590 1909 666 theologi
1963 589 2151 648 vitam
2181 608 2370 648 meam
2416 589 2595 664 paulo
2629 588 2956 664 longiorem
2991 605 3119 646 esse
3150 607 3252 663 pa-

624 678 751 736 sive
761 677 1037 753 juristae,
1059 678 1356 736 neminem
1379 678 1482 736 illo
1501 679 1730 754 praxim
1751 697 1906 737 cam-
1963 679 2136 748 titur,
2155 680 2350 754 legere
2383 682 2444 736 et
2476 681 2703 737 attente
2723 676 3097 735 considerare
3117 695 3253 752 pro-

622 765 859 824 biorum
892 767 1166 824 intimius
1180 767 1430 825 novisse.
1464 763 1711 826 Ratione
1727 768 1908 843 hujus
1966 767 2140 845 posui
2161 767 2416 828 etc.‘De
2434 767 2938 825 ecclesiasticorum
2963 767 3096 835 vita,
3131 784 3250 823 mo·

619 854 815 931 operis
847 855 1086 914 Lessius
1121 855 1463 914 auctoribus
1514 857 1576 914 in
1608 876 1671 914 re
1702 857 1911 915 morali
1966 858 2147 925 ribus,
2193 857 2403 930 officiis
2448 856 2509 913 ll.
2539 864 2594 924 3,
2643 856 2721 913 ib.
2765 863 2921 917 1621
2979 854 3044 912 in
3080 862 3138 915 8.
3169 887 3255 896 -

622 944 883 1003 classicis
917 949 978 1002 et
1008 944 1443 1020 probatissimis
1475 946 1771 1005 accenseri
1803 963 1909 1021 po·
1966 947 2004 1004 J
2010 964 2227 1004 oannes
2261 944 2775 1019 Praepositae
2807 942 2864 1004 S.
2891 943 2947 1001 J.
2980 942 3255 1013 AtrebaS,

623 1033 816 1112 test2).
852 1033 1089 1092 Maximi
1123 1033 1276 1091 illud
1300 1033 1437 1092 fecit
1457 1034 1744 1093 Albertus
1767 1035 1911 1092 Pius

623 1122 941 1198 Belgarum
972 1121 1261 1198 princepe,
1313 1122 1419 1197 qui
1472 1124 1703 1191 ,Lessii
1741 1124 1910 1182 volu-

623 1230 764 1270 men
795 1211 865 1268 de
888 1211 1135 1286 justitia
1167 1211 1260 1269 uti
1280 1211 1699 1271 fidelissimum
1719 1211 1910 1270 consi-

623 1299 862 1358 liarium
897 1318 1128 1375 semper
1158 1300 1223 1358 in
1254 1319 1471 1368 mensa,
1517 1301 1613 1359 cui
1658 1301 1912 1359 assidere

626 1388 860 1457 solituS,
884 1408 1017 1446 cum
1038 1389 1403 1447 audientiam
1424 1390 1609 1459 daret,
1643 1409 1762 1448 una
1777 1408 1911 1448 cum

627 1477 824 1554 gladio
856 1478 1213 1546 asservabat,
1266 1480 1338 1535 ut
1386 1497 1668 1554 responsa
1713 1497 1824 1537 sua
1854 1472 1915 1536 et

629 1566 943 1624 austriacis
995 1567 1172 1625 armis
1224 1571 1286 1624 et
1317 1567 1593 1626 Lessiana
1625 1568 1917 1643 sapientia

628 1654 849 1712 vallata
863 1673 991 1713 esse
1009 1655 1443 1715 demonstraret
1453 1655 1519 1735 8).
1535 1665 1562 1694 ‘
1597 1657 1742 1731 Ejus
1763 1675 1910 1714 com-

618 1744 901 1816 pendium
933 1744 1156 1819 prodiit
1187 1745 1372 1802 Duaci
1414 1755 1579 1808 1634
1602 1746 1665 1804 in
1686 1755 1739 1808 8.
1774 1745 1917 1803 Post

629 1832 785 1889 Lesii
817 1837 1064 1890 mortem
1109 1833 1492 1908 prodierunt:
1558 1836 1644 1892 De
1675 1835 1913 1892 beatitu-

628 1922 779 1997 dine,
815 1923 882 1978 de
913 1923 1132 1980 actibus
1162 1923 1433 1980 humanis
1465 1919 1555 2003 (in
1596 1935 1643 1990 1,
1684 1933 1737 1984 2.
1770 1942 1826 1997 p.
1859 1921 1913 1979 d.

630 2006 928 2091 Thomas),
962 2012 1032 2068 de
1060 2012 1458 2070 incarnatione
1505 2006 1691 2086 Verbi,
1721 2013 1790 2069 de
1821 2030 1915 2068 sa-

629 2102 937 2158 cramentis
982 2106 1032 2156 et
1062 2102 1322 2157 censuris
1370 2097 1460 2181 (in
1494 2111 1549 2162 3.
1584 2121 1638 2175 p.
1672 2100 1726 2159 d.
1760 2100 1913 2158 Tho-

631 2183 787 2269 mae)
821 2189 1249 2264 praelectiones
1282 2189 1674 2265 theologicae3
1724 2208 1915 2247 acces-

634 2280 842 2335 serunt
872 2277 1139 2351 ejusdem
1170 2277 1472 2336 variorum
1503 2297 1746 2336 casuum
1777 2296 1916 2337 con-

632 2365 911 2424 scientiae
971 2367 1381 2433 resolutiones,
1445 2367 1691 2425 Lovanii
1751 2376 1913 2429 1645

632 2454 698 2512 in
729 2454 796 2520 f.;
831 2455 1077 2513 Parisiis
1121 2464 1302 2518 1648.
1370 2456 1548 2513 Plura
1581 2459 1676 2513 sat
1707 2474 1922 2532 magna

631 2561 806 2619 opera
838 2543 1085 2619 reliquit
1114 2562 1255 2602 mse.

726 2784 869 2836 275.
905 2774 1148 2832 Praeter
1182 2774 1448 2832 Lessium
1479 2775 1542 2832 in
1562 2776 1768 2852 Belgio
1799 2795 1920 2833 me·

635 2862 826 2920 moria
859 2863 1033 2937 plane
1085 2862 1251 2939 digni
1300 2867 1440 2921 sunt
1471 2864 1763 2923 Martinus
1795 2866 1920 2922 Be-

634 2968 879 3019 canuS,
931 2950 1003 3007 de
1035 2970 1151 3026 quo
1185 2954 1384 3010 tamen
1427 2953 1583 3010 inter
1614 2953 1921 3029 theologos

635 3039 950 3114 polemicos
983 3040 1327 3115 loquemur;
1364 3042 1672 3100 Gisbertus
1706 3042 1921 3100 Sche-

638 3127 756 3186 vic
775 3129 807 3184 h
822 3148 857 3186 a
873 3128 1002 3187 viu
1019 3147 1046 3187 s
1081 3128 1202 3186 S.J.
1217 3131 1680 3200 ArnheimensiS,
1700 3150 1775 3192 ss,
1794 3130 1921 3188 'rri-

598 3217 846 3287 ‚nitatis
911 3218 1105 3276 cultor
1168 3219 1487 3295 singularis
1530 3214 1590 3300 (†
1643 3229 1741 3281 20.
1788 3220 1920 3292 Maj.

644 3303 854 3389 1622),
919 3308 1025 3381 qui
1071 3325 1209 3364 suae
1256 3307 1497 3382 pietatis
1547 3309 1923 3382 praeclarum

637 3395 802 3454 dedit
835 3396 1128 3471 specimen
1163 3396 1226 3454 in
1241 3415 1360 3472 op.:
1393 3398 1479 3455 De
1511 3399 1923 3473 ‹cuqustissima

638 3492 687 3542 et
718 3503 793 3542 ss.
833 3485 1110 3544 Trinitate
1129 3485 1319 3555 Patre,
1354 3485 1507 3543 Filio
1540 3496 1600 3544 et
1633 3486 1920 3561 Spiritus.

636 3573 1058 3650 cognoscenda,
1111 3574 1362 3632 amanda
1412 3578 1471 3632 et
1515 3575 1815 3633 laudanda
1859 3575 1922 3632 ll.

638 3663 766 3731 XII,
818 3663 1160 3738 Moguntiae
1220 3673 1384 3725 1619
1436 3664 1498 3721 in
1553 3675 1625 3731 8.,
1679 3664 1751 3721 de
1802 3682 1922 3739 quo

555 3783 558 3789 ·
639 3770 810 3826 opere
872 3752 957 3808 ita
1006 3752 1534 3810 Bellarminus
1598 3753 1790 3811 literis
1844 3752 1915 3811 ad

639 3842 941 3896 auctorem
1003 3839 1161 3897 datis
1221 3849 1314 3901 12.
1366 3840 1508 3901 Jun.
1567 3851 1732 3902 1620
1787 3860 1924 3899 cen-

640 3932 760 3984 set:
830 3927 1016 3994 ,Cum
1077 3928 1240 4002 coepi
1303 3929 1438 3986 illos
1490 3948 1555 3987 ex
1619 3929 1925 4004 proposito

639 4015 1024 4083 considerare,
1058 4015 1256 4074 inveni
1288 4035 1386 4073 eos
1410 4017 1541 4075 favo
1571 4017 1759 4075 mellis
1792 4018 1925 4075 dul·

641 4104 827 4160 ciores
861 4109 920 4162 et
952 4123 1129 4161 aureo
1161 4109 1220 4161 et
1252 4105 1499 4179 gemmis
1531 4106 1924 4181 pretiosiores,

643 4193 855 4266 ltaque
905 4211 1063 4250 nunc
1113 4212 1210 4251 eos
1260 4199 1330 4252 ut
1362 4193 1546 4252 libros
1578 4214 1714 4254 vere
1748 4197 1926 4271 spiri-

641 4282 832 4339 tuales
879 4286 938 4339 et
984 4282 1055 4339 ad
1088 4282 1351 4339 animum
1398 4283 1833 4342 accendendum
1869 4288 1930 4343 et

642 4372 991 4429 elevandum
1042 4375 1101 4427 et
1151 4371 1538 4429 nutriendum
1589 4374 1927 4449 aptissimos

724 4636 757 4694 ¹)
787 4631 867 4682 De
895 4630 1072 4683 camb.
1103 4630 1154 4683 d.
1181 4635 1229 4687 3.
1260 4648 1310 4698 q.
1341 4636 1423 4687 14.
1453 4649 1505 4684 n.
1537 4639 1582 4688 1.

719 4706 759 4771 2)
788 4698 870 4754 Cf.
899 4704 1090 4754 annot.
1121 4719 1287 4771 supra
1316 4720 1367 4771 p.
1397 4707 1515 4763 346.

719 4778 760 4843 ³)
791 4773 852 4824 In
877 4772 1054 4827 Lessii
1079 4773 1198 4827 vita
1225 4774 1316 4828 cit.
1345 4792 1386 4828 e.
1416 4778 1464 4830 6.
1492 4793 1549 4827 n.
1575 4779 1660 4831 23.

1969 1035 2104 1104 ‚vir
2136 1034 2368 1110 egregie
2399 1033 2609 1092 doctus
2641 1035 2702 1090 et
2732 1035 2935 1091 vastae
2951 1034 3169 1090 mentis
3196 1032 3258 1090 in

1969 1124 2188 1199 pusillo
2238 1141 2345 1181 nec
2394 1122 2616 1198 optime
2665 1125 2903 1181 tornato
2936 1138 3258 1196 corpuscu-

1970 1209 2151 1292 101),‹
2204 1211 2641 1286 philosophiam
2691 1211 2879 1269 Duaci
2941 1210 3257 1284 quadrien-

1969 1302 2084 1370 nic,
2119 1300 2482 1376 theologiam
2533 1299 2944 1358 scholasticam
2994 1298 3142 1356 totis
3182 1308 3255 1360 16

1968 1390 2137 1448 annis
2184 1389 2405 1464 partim
2465 1388 2724 1458 Lovanii,
2788 1388 3013 1464 partim
3075 1387 3260 1446 Duaci

1971 1478 2272 1555 professus
2292 1481 2397 1535 est.
2432 1478 2611 1537 Morti
2631 1477 2935 1552 proximus
2955 1477 3259 1535 Christum

1970 1568 2035 1625 in
2068 1586 2143 1629 ss,
2173 1565 2576 1625 Eucharistiae
2627 1570 2992 1624 sacramento
3026 1566 3087 1623 in
3119 1566 3259 1624 haec

1972 1657 2151 1715 verba
2183 1658 2552 1714 contestatus
2584 1659 2705 1713 est:
2774 1655 3060 1722 ,Domine
3093 1655 3257 1723 Jesu,

1974 1746 2025 1803 si
2058 1744 2202 1820 quid
2235 1763 2500 1819 unquam
2533 1743 2726 1812 docui,
2762 1743 2811 1801 si
2845 1743 2992 1819 quid
3024 1744 3257 1818 scripsi,

1972 1833 2132 1909 quod
2162 1833 2459 1892 Ecclesiae
2492 1836 2632 1891 tuae
2664 1851 2732 1890 ex
2765 1851 2881 1891 usu
2913 1835 2974 1890 et
3005 1850 3259 1891 commo-

1972 1923 2046 1980 do
2108 1940 2235 1980 esse
2285 1921 2493 1997 possit,
2558 1920 2973 1996 paratissimus
3022 1940 3156 1981 sum
3203 1920 3263 1978 id

1973 2030 2145 2069 omne
2178 2010 2468 2086 sanguine
2500 2010 2878 2086 consignare:
2912 2010 3131 2084 siquid
3154 2028 3261 2068 au·

1972 2105 2095 2158 tem
2125 2100 2511 2164 haereticum,
2545 2117 2787 2168 revoco;
2842 2099 2893 2157 si
2925 2098 3072 2173 quid
3106 2117 3264 2156 erro-

1971 2207 2169 2257 neum,
2202 2188 2602 2256 temerarium,
2635 2207 2874 2256 vanum,
2900 2187 3140 2245 mordax
3163 2191 3266 2245 aut

1974 2277 2321 2353 imprudens
2354 2276 2495 2346 dixi,
2547 2280 2745 2334 totum
2795 2276 2857 2334 id
2904 2292 3115 2334 revoco
3150 2277 3260 2333 ite·

1977 2386 2228 2441 rumque
2261 2375 2523 2424 revoc0.‘
2593 2365 2789 2423 Vitam
2820 2365 3019 2423 finivit
3048 2365 3263 2423 Monti-

1977 2457 2090 2513 bus
2113 2455 2469 2513 ‘Hannoniae
2504 2463 2559 2516 8.
2592 2454 2735 2512 Jun.
2774 2463 2941 2515 1634
2977 2474 3026 2515 a.
3061 2453 3263 2512 aetatis

1983 2555 2081 2607 63.
2148 2543 2399 2619 Scripsit
2448 2544 2870 2602 commentaria
2915 2542 2978 2601 in
3031 2555 3085 2605 1.
3134 2563 3187 2619 p.
3221 2560 3264 2600 s.

1977 2634 2229 2693 Thomas
2261 2634 2330 2690 de
2360 2633 2482 2691 Deo
2513 2650 2628 2689 uno
2661 2640 2709 2689 et
2732 2633 2905 2706 trino,
2938 2633 3007 2689 de
3028 2633 3262 2707 anyeliS,

1977 2724 2045 2780 de
2076 2722 2342 2797 operibus
2371 2740 2471 2779 sex
2501 2723 2746 2789 dierum,
2784 2721 2966 2779 Duaci
3005 2731 3163 2784 1631
3205 2722 3266 2779 in

1978 2811 2046 2879 f.;
2102 2811 2164 2868 in
2205 2821 2255 2871 1.
2293 2819 2348 2871 2.
2402 2828 2445 2870 s,
2478 2809 2730 2868 'rhomae
2782 2809 2850 2867 de
2899 2810 3258 2880 beatitudine,

1979 2901 2196 2958 actibus
2224 2900 2515 2975 humanis,
2542 2901 2812 2975 peccatis,
2848 2899 3061 2976 legibus
3092 2906 3143 2956 et
3160 2900 3261 2973 ju-

1976 2990 2330 3061 stificatione,
2379 2988 2457 3045 ib.
2500 2998 2661 3050 1637
2711 2991 2779 3045 iu
2822 2988 2891 3057 f.;
2940 2989 3003 3047 in
3040 2998 3094 3051 3.
3130 3008 3189 3063 p.
3220 3006 3263 3047 s.

1979 3078 2234 3135 Thomas
2282 3078 2351 3134 de
2399 3079 2795 3134 incarnatione
2855 3076 3018 3134 Verbi
3057 3077 3258 3151 divini,

1978 3168 2354 3224 sacramentis
2398 3173 2447 3221 et
2491 3167 2765 3236 censuris,
2807 3165 2884 3222 ib.
2926 3174 3090 3227 1629
3129 3165 3193 3223 in
3226 3165 3261 3222 f.

1979 3255 2049 3313 In
2082 3254 2535 3329 quaestionibus
2558 3254 2884 3312 moralibus
2922 3254 3266 3313 auctoribus

1978 3344 2261 3420 gravibus
2283 3348 2637 3401 accensetur.
2671 3375 2759 3385 —
2790 3341 2828 3400 J
2834 3343 3180 3401 oannes-Wi
3195 3362 3265 3419 g-

1979 3429 2215 3511 ger32)
2269 3431 2590 3490 Diestensis
2637 3429 2713 3507 (n.
2753 3440 2857 3492 27.
2891 3431 3022 3490 Dec.
3066 3441 3266 3501 15713

2059 3644 2097 3707 ¹)
2125 3636 2511 3691 Sotvellus
2536 3638 2573 3690 l.
2602 3655 2645 3691 c.

2055 3714 2094 3775 ²)
2123 3708 2286 3761 Alius
2302 3724 2335 3761 a
2352 3708 2437 3761 Ni
2457 3725 2485 3761 c
2502 3726 2533 3761 o
2550 3709 2571 3762 l
2589 3726 2622 3762 a
2639 3726 2670 3762 o
2694 3708 2956 3778 Wiggers
2969 3708 3268 3778 (vigerius)

1982 3777 2314 3833 Doubesant
2340 3778 2399 3832 Ο.
2430 3780 2483 3836 S.
2513 3779 2706 3833 Franc.
2756 3778 3131 3842 Harlemensi,
3175 3795 3270 3848 pa-

1981 3850 2240 3904 rentibus
2270 3851 2557 3919 opulentis
2599 3855 2657 3905 et
2680 3850 2791 3919 piis
2818 3852 2970 3915 nate,
3017 3853 3119 3918 qui
3146 3867 3272 3903 con·

1981 3921 2257 3985 cionibus,
2308 3922 2481 3983 libris,
2531 3923 2590 3974 in
2641 3921 2840 3991 primis
2877 3921 3272 3975 liberalissima

1983 3993 2317 4046 fundatione
2343 3992 2583 4046 duorum
2611 3992 3034 4047 seminariorum
3062 3993 3272 4047 meruit

1984 4064 2052 4117 de
2081 4063 2329 4117 Ecclesia
2355 4064 2637 4117 catholica
2676 4064 2737 4117 in
2778 4063 2966 4132 patria
3002 4081 3124 4119 sua.
3176 4065 3274 4117 Vir

1984 4134 2100 4187 fuit
2126 4151 2253 4189 vere
2299 4135 2656 4204 apostolicus,
2701 4134 2802 4202 qui
2844 4151 3272 4203 quaquaversus

2025 4205 2310 4276 eragravit
2337 4206 2677 4260 Batavorum
2707 4206 3004 4269 ditionem,
3051 4209 3118 4258 ut
3144 4207 3273 4260 fide-

1984 4224 2134 4330 iibus
2160 4277 2312 4329 omni
2341 4293 2478 4332 cura
2501 4277 2782 4346 pastorali
2823 4276 3109 4331 destitutis
3154 4294 3272 4331 suc-

1984 4350 2229 4402 curreret
2256 4366 2368 4402 non
2416 4349 2585 4402 semel
2629 4349 2783 4401 omni
2828 4348 2978 4402 vitae
3021 4348 3272 4417 periculo

1985 4424 2190 4488 spret0,
2217 4419 2459 4488 ideoque
2485 4420 2661 4473 etiam
2704 4419 2917 4473 multas
2963 4436 3165 4488 passus
3192 4422 3276 4473 est

1986 4490 2402 4558 persecutiones
2447 4493 2503 4544 et
2545 4491 2882 4554 vexationes,
2919 4491 3124 4544 merito
3152 4506 3273 4560 pro·

1988 4566 2183 4684 pterea
2252 4564 2291 4615 F
2297 4562 2543 4615 risonum
2619 4562 2913 4630 apostolus
2975 4562 3270 4615 salutatus.

2034 4636 2297 4700 ostquam
2336 4650 2387 4688 a.
2413 4638 2484 4691 20
2509 4632 2919 4688 missionarium
2957 4637 3152 4702 egerat
3192 4633 3272 4686 in·

1988 4704 2270 4772 trepidum
2297 4721 2424 4757 cum
2455 4721 2661 4774 magno
2711 4704 2962 4759 fidelium
2991 4704 3193 4757 solatio
3217 4705 3273 4757 et

1990 4775 2179 4829 fructu
2209 4776 2461 4829 ordinem
2488 4776 2774 4846 ingressus
2812 4778 2898 4830 est
2923 4793 2964 4828 s.
2994 4774 3273 4829 Francisci
