3625 5193
440 295 509 347 11
532 293 604 346 13
1351 271 1414 327 0’
1431 272 1611 342 Cla-5,
1640 272 1705 325 Ο*
1722 272 1884 343 Daly,
1914 274 2121 330 Pin-uo.
2892 293 2956 346 11
2981 294 3056 347 14

427 461 625 537 ipsum
660 463 733 518 ut
761 460 824 518 in
846 458 1101 517 Galliam
1133 458 1434 517 secederet
1465 454 1715 539 (1621),
1771 459 2041 518 Dublinii
2081 467 2231 522 1851
2275 461 2317 517 t.
2357 471 2410 528 7,
2447 460 2659 536 lingua
2690 461 2965 538 originali
2997 465 3060 520 et

429 552 755 626 coegerunt
786 545 846 629 (Ὺ
885 556 1050 611 1655
1099 567 1147 606 a.
1179 548 1392 606 aetatis
1428 543 1555 629 88).
1603 548 1712 605 Re·
1770 549 2042 607 versione
2071 548 2303 624 anglica
2345 550 2835 608 annotationibus
2867 551 3057 609 histo-

429 639 730 716 gularium
755 639 898 713 jura
916 640 1125 695 contra
1155 637 1351 712 ipsum
1374 655 1713 713 propugna-
1770 638 1909 696 ricis
1942 641 2003 696 et
2032 637 2471 712 topographicis
2501 638 2887 698 illustratum.
2918 639 3058 698 Edi·

428 732 575 787 runt
616 746 757 803 prae
801 727 1012 785 ceteris
1056 726 1302 785 Knott
1344 729 1406 783 et
1445 725 1712 802 Floyd3
1769 726 1936 785 derat
1968 726 2209 802 O’Clery
2262 726 2446 785 etiam
2478 727 2911 786 Dictionarium
2942 728 3056 786 dif-

429 817 620 893 ipsius
650 834 791 875 vero
837 818 1034 891 partes
1065 814 1318 873 tuendas
1364 815 1624 889 suscepit
1653 815 1716 872 in
1771 816 2018 873 ficilium
2050 815 2565 890 obsoletarumque
2599 834 2807 875 vocum
2840 817 3056 892 hyber-

426 906 639 982 primis
659 905 712 964 K
727 905 870 963 elli
888 922 915 962 s
932 922 968 962 o
982 923 1039 966 n.
1072 904 1254 962 Aliud
1276 903 1542 978 ejusdem
1563 922 1716 979 opus
1770 905 2056 974 nicarum,
2090 904 2337 963 Lovanii
2365 913 2551 974 1643,
2585 923 2705 979 quo
2725 924 2774 963 a.
2796 906 2923 980 ipse
2943 905 3056 964 ibi-

430 1013 615 1069 aeque
657 1013 859 1053 rarum
907 1012 975 1052 ac
1018 994 1378 1068 praecedens
1409 997 1531 1051 est:
1590 991 1713 1050 Col·
1771 994 1903 1052 dem
1937 989 2269 1073 decessitl).
2316 1027 2386 1037 -
2440 994 2651 1052 Daniel
2684 994 2957 1069 O'Daly
2991 995 3055 1053 Ο.

430 1085 567 1141 latio
616 1085 910 1141 doctrinae
972 1083 1377 1140 catholicorum
1427 1088 1477 1139 et
1515 1089 1713 1154 prote-
1771 1082 1975 1141 Praed.
2022 1083 2325 1141 Hibernus
2368 1082 2432 1140 in
2475 1082 2681 1142 ordine
2714 1083 3055 1142 Dominicus

430 1176 707 1230 stantium
758 1191 892 1230 cum
942 1171 1234 1246 expressis
1284 1189 1326 1228 s.
1379 1170 1715 1246 Scripturas
1771 1170 1845 1228 de
1876 1171 2120 1230 Rosario
2152 1170 2366 1241 dictus,
2415 1171 2479 1229 in
2510 1172 2759 1248 collegio
2791 1171 3055 1231 Hiberno

431 1262 626 1321 verbis
672 1262 735 1321 ll.
785 1270 839 1330 2,
893 1279 1044 1334 quae
1089 1260 1331 1318 Summa
1378 1263 1713 1317 controver·
1770 1261 2012 1319 Lovanii
2064 1260 2390 1335 professor,
2467 1279 2537 1319 ex
2591 1261 2900 1319 voluntate
2952 1280 3054 1319 su·

430 1350 653 1408 siarum
673 1350 887 1407 merito
919 1353 1245 1417 censeatur,
1281 1348 1518 1406 Parisiis
1547 1357 1712 1409 1622
1771 1349 2071 1423 periorum
2105 1348 2410 1424 Olisipone
2458 1348 2623 1407 aliud
2654 1349 3055 1409 Hibernorum

430 1440 495 1497 in
530 1450 600 1507 4;
648 1438 878 1515 anglice
912 1433 1135 1519 (aucta)
1167 1438 1352 1495 Duaci
1393 1447 1577 1498 1631.
1627 1438 1719 1497 De
1770 1438 2087 1514 collegium
2120 1438 2322 1498 erexit.
2353 1436 2573 1495 Joanni
2592 1437 2688 1497 IV.
2710 1438 3054 1497 Lusitaniae

431 1535 662 1587 auctore
689 1533 741 1585 et
783 1529 1025 1586 essentia
1062 1528 1512 1598 protestanticae
1555 1528 1715 1584 eccle-
1769 1527 1899 1602 regi
1930 1529 2058 1585 erat
2087 1546 2122 1584 a
2152 1526 2634 1586 confessionibus.
2667 1527 2738 1584 In
2761 1528 2942 1585 variis
2973 1527 3055 1586 le·

431 1619 553 1675 siae
583 1621 644 1675 et
675 1616 998 1692 religionis,
1034 1615 1277 1673 Parisiis
1308 1625 1505 1684 16193
1551 1625 1705 1678 1621
1770 1615 2112 1691 gationibus
2158 1615 2275 1674 fuit
2318 1614 2639 1674 adhibitus.
2703 1615 2909 1674 Sedem
2956 1635 3053 1674 ar-

432 1724 478 1763 s.
510 1706 546 1763 1.
579 1706 811 1781 aliaque
841 1707 1017 1781 plura
1047 1704 1253 1779 lingua
1283 1700 1557 1787 patria1).
1771 1704 2252 1779 chiepiscopalem
2281 1704 2729 1763 bracharensem
2762 1706 3060 1764 recusavit

1770 1793 2144 1868 decessitque
2159 1794 2501 1853 nominatus
2516 1795 2824 1869 episcopus
2842 1794 3058 1853 conim-

525 1890 667 1945 480.
703 1882 1017 1940 Hiberniae
1039 1882 1353 1939 historiam
1386 1881 1718 1939 illustravit
1769 1882 2057 1940 bricensis
2089 1886 2227 1940 ante
2257 1883 2751 1941 consecrationem
2781 1891 2879 1945 30.
2914 1884 2953 1941 J
2956 1901 3055 1940 uu.

431 1971 680 2029 Michael
711 1969 1019 2046 O'Clery
1051 1966 1302 2049 (Clerus)
1328 1970 1390 2027 Ο.
1415 1971 1468 2030 S.
1492 1970 1713 2039 Franc„
1779 1980 1965 2032 1662.
2000 1972 2226 2029 Auctor
2256 1969 2408 2050 est-²)
2441 1990 2535 2046 op.
2581 1971 2897 2031 admodum
2938 1971 3057 2030 rari

432 2060 762 2130 Hibernas,
827 2059 1225 2128 UltoniensiS,
1287 2058 1473 2117 frater
1530 2058 1716 2117 laicus
1773 2059 2033 2129 Initium,
2084 2062 2427 2117 incrementa
2473 2067 2523 2116 et
2568 2062 2754 2118 eoeitus
2798 2062 3060 2134 familiae

433 2153 669 2208 tantum
701 2151 764 2207 in
808 2152 1104 2207 conventu
1137 2149 1199 2206 Ο.
1233 2148 1371 2204 Min.
1418 2147 1713 2205 Hiberno-
1775 2148 2225 2205 Geraldinorum
2247 2149 2595 2206 Desmoniae
2625 2149 2927 2217 comitum,
2962 2168 3060 2224 pa-

433 2258 565 2298 rum
596 2239 856 2297 Lovanii.
889 2237 1190 2295 Indefessa
1209 2235 1526 2295 sedulitate
1556 2255 1607 2299 a.
1637 2246 1710 2296 17
1772 2237 2096 2295 latinorum
2127 2237 2409 2311 Kyerriae
2442 2237 2505 2294 in
2526 2237 2807 2294 Hibernia
2838 2256 2904 2295 ac
2923 2255 3057 2312 per·

432 2328 780 2387 Hiberniam
801 2326 1158 2402 peragravit,
1191 2329 1265 2383 ut
1290 2324 1596 2401 colligeret
1614 2342 1715 2382 an·
1772 2326 2093 2384 secationis
2103 2326 2531 2383 haereticorum
2542 2324 2876 2400 descriptio,
2890 2326 3061 2402 Ulys-

431 2417 734 2493 tiquitatis
755 2418 1153 2484 monumenta,
1188 2433 1371 2489 eaque
1397 2432 1551 2487 quae
1583 2431 1714 2488 spe·
1772 2414 2014 2489 siponae
2047 2424 2245 2484 16553
2274 2414 2510 2491 anglice
2542 2414 2868 2489 interprete
2901 2416 3056 2474 Mee-

432 2506 674 2564 ctabant
705 2508 1040 2563 sanctorum
1072 2504 1231 2562 vitas
1269 2506 1331 2562 et
1362 2502 1714 2577 martyrolo-
1771 2503 1905 2573 han,
1942 2502 2186 2560 Dublini
2230 2512 2392 2566 1878
2427 2503 2517 2564 ed.
2553 2510 2609 2566 2.

431 2595 531 2672 gia
560 2594 882 2672 diligenter
912 2593 1250 2652 transmisit
1280 2592 1519 2669 Hugoni
1548 2591 1714 2650 War-

433 2685 574 2743 daeo
608 2680 704 2764 (cf.
739 2702 920 2758 supra
953 2704 1007 2757 p.
1045 2680 1196 2759 852)
1241 2686 1303 2740 et
1333 2682 1554 2741 Jacobo
1585 2681 1713 2740 Col·
1864 2690 2009 2745 481.
2056 2681 2321 2740 Bocchus
2372 2681 2640 2739 Pirrus
2689 2681 2947 2741 Netinus
2998 2701 3053 2740 n.

430 2792 548 2849 gan
579 2769 673 2855 (cf.
705 2772 861 2830 infra
891 2791 945 2846 p.
986 2766 1199 2851 1144),
1246 2771 1349 2845 qui
1382 2772 1454 2828 de
1495 2771 1713 2846 Hagio·
1782 2780 1965 2840 1571,
2003 2771 2091 2829 vir
2124 2771 2436 2829 admodum
2467 2770 2693 2840 doctus,
2727 2772 2927 2847 regiae
2959 2790 3055 2830 ca-

426 2861 673 2938 graphia
706 2861 949 2918 hiberna
979 2860 1308 2935 plurimum
1348 2864 1713 2917 meruerunt.
1771 2860 1960 2935 pellae
1980 2860 2254 2919 Panormi
2283 2860 2616 2929 canonicus,
2650 2861 3056 2918 thesaurarius

426 2950 560 3024 Ipse
592 2969 740 3025 opus
772 2950 995 3025 grande
1025 2950 1094 3006 de
1115 2949 1429 3006 Hiberniae
1460 2950 1713 3023 antiqui·-
1771 2954 1833 3006 et
1881 2948 2240 3024 apostolicus
2286 2949 2754 3024 protonotarius,
2803 2950 3056 3025 aliisque

425 3040 635 3098 tatibus
680 3038 1028 3113 composuit,
1079 3038 1239 3112 quod
1279 3040 1478 3095 tamen
1524 3036 1713 3094 inedi-
1770 3038 2121 3096 muneribus
2138 3038 2473 3096 honorificis
2489 3037 2733 3097 functus
2753 3035 2813 3119 (†
2828 3039 3053 3114 8.Sept.

425 3132 556 3186 tum
617 3127 854 3186 mansit.
941 3127 1083 3185 Cum
1147 3127 1344 3184 tribus
1409 3124 1713 3184 sodalibus
1781 3123 1991 3206 1654),
2027 3127 2099 3184 de
2132 3127 2379 3185 historia
2411 3127 2600 3185 sicula
2632 3145 2796 3186 sacra
2827 3130 2886 3185 et
2917 3146 3054 3202 pro·

425 3218 648 3292 Feargo
683 3216 968 3291 O'Conry,
1004 3216 1326 3292 Peregrino
1359 3214 1606 3289 O'Clery
1653 3218 1715 3272 et
1769 3214 1908 3273 fana
1956 3215 2207 3286 meruit,
2257 3216 2320 3273 in
2371 3215 2578 3290 primis
2631 3216 2830 3273 Sicilia
2881 3234 3056 3273 sacra

425 3306 740 3382 Peregrino
782 3304 1164 3380 O'Duigenan
1210 3303 1450 3380 collegit
1481 3304 1715 3361 Annals
1771 3304 2295 3378 disquisitionibus
2344 3310 2404 3361 et
2447 3303 2682 3361 notitiis
2732 3304 3052 3372 illustrata,

425 3397 495 3468 of
517 3396 604 3452 the
635 3394 928 3469 Kinqdom
957 3394 1027 3465 of
1050 3393 1287 3452 Ireland
1319 3393 1397 3468 by
1432 3392 1534 3451 the
1555 3392 1714 3451 Four
1771 3393 1876 3451 ubi
1909 3394 1970 3450 ll.
1998 3403 2052 3464 4,
2085 3396 2403 3468 postquam
2435 3392 2508 3449 de
2538 3391 2708 3448 illius
2728 3392 3058 3466 patriarcha

425 3484 693 3553 Masters‚
745 3500 895 3558 opus
943 3483 1500 3550 laboriosissimum,
1553 3481 1712 3555 quod
1769 3485 1831 3540 et
1862 3482 2239 3556 metropolita
2270 3479 2659 3556 disquisitum
2692 3484 2798 3550 est,
2834 3500 2869 3538 a
2898 3481 3054 3538 chri·

423 3572 633 3647 incipit
666 3592 700 3630 a
717 3570 1114 3630 remotissima
1134 3575 1326 3628 aetate
1351 3567 1449 3651 (ab
1469 3590 1518 3628 a.
1541 3579 1708 3630 2242
1739 3603 1742 3612 ,
1769 3571 1994 3628 stianae
2026 3569 2332 3644 religionis
2351 3568 2588 3627 exordio
2623 3568 2699 3626 ad
2723 3572 2934 3627 nostra
2953 3587 3054 3627 us-

425 3679 474 3719 0.
508 3655 584 3744 c.)
627 3660 702 3719 ad
749 3682 798 3718 a.
842 3669 1024 3729 1616,
1077 3660 1437 3734 exhibetque
1484 3678 1709 3736 regum,
1738 3631 1743 3706 Ι
1770 3677 1886 3734 que
1905 3664 2172 3733 tempora
2192 3657 2480 3733 cujusque
2499 3658 2899 3733 praesulatuS,
2930 3677 3053 3715 ma-

424 3750 795 3826 priucipum,
864 3749 1109 3807 heroum
1172 3754 1371 3825 gesta,
1451 3747 1710 3817 dissidia,
1739 3731 1742 3798 Ι
1761 3749 2080 3823 jorumque
2126 3745 2544 3804 beneficiorum
2590 3746 2915 3814 institutio,
2964 3765 3055 3803 ar-

424 3840 749 3907 conflictus,
803 3838 1040 3913 praelia,
1093 3838 1326 3907 obitus;
1374 3838 1582 3896 faciem
1626 3831 1713 3894 rei
1770 3836 2142 3912 chiepiscopi,
2178 3835 2455 3910 episcopi,
2502 3834 2761 3903 abbates,
2808 3835 3053 3910 prioreS,

424 3929 749 3987 catholicae
796 3930 857 3984 et
900 3927 1334 3986 ecclesiasticae
1373 3947 1407 3985 a
1439 3928 1715 4001 suscepta
1770 3926 2145 4002 singulorum
2171 3926 2328 4000 jura,
2372 3924 2706 4000 privilegia,
2754 3924 3057 4000 praeclara

423 4018 684 4093 primum
717 4016 830 4074 fide
863 4019 974 4074 etc.
1023 4017 1243 4076 Errant
1288 4016 1528 4090 quidem
1573 4032 1711 4072 auc·
1770 4019 2171 4084 monumenta,
2218 4013 2491 4072 civitates
2536 4013 2881 4072 dioeceseon
2923 4031 3054 4071 cum

424 4112 584 4165 tores
630 4106 789 4164 circa
831 4105 1273 4180 chronologiam
1318 4123 1466 4177 quae
1519 4105 1581 4160 in
1613 4122 1713 4178 pe·
1769 4104 2103 4181 praecipuis
2136 4122 2339 4161 earum
2373 4103 2611 4178 templis
2647 4102 3056 4180 religiosisque

425 4195 606 4253 riodis
638 4194 1057 4252 remotioribus
1090 4193 1290 4251 differt
1338 4211 1571 4267 semper
1603 4192 1712 4249 ali·
1770 4193 2009 4251 familiis
2059 4196 2240 4267 atque
2278 4191 2389 4251 viri
2436 4191 2605 4250 siculi
2654 4191 2744 4249 vel
2790 4191 3057 4249 doctrina

427 4287 575 4358 quot
593 4284 764 4342 annis
797 4302 831 4340 a
861 4283 1176 4352 communi,
1210 4299 1346 4340 cum
1365 4300 1487 4356 qua
1517 4285 1714 4338 tamen
1768 4283 1868 4340 vel
1900 4282 2215 4339 sanctitate
2245 4281 2504 4340 illustres
2525 4280 2923 4346 continentur,
2958 4297 3056 4334 ex-

426 4372 744 4432 concordat
776 4372 850 4430 ab
881 4391 929 4428 a.
971 4381 1154 4433 1000.
1191 4371 1395 4428 Partes
1427 4369 1715 4445 quaedam
1769 4370 2090 4445 plicantur.
2122 4370 2297 4428 Liber
2314 4371 2356 4428 Ι.
2380 4369 2794 4443 complectitur
2814 4367 3057 4425 notitias

427 4479 518 4537 op.
546 4463 669 4537 jam
702 4464 877 4518 antea
907 4458 1270 4534 prodierant,
1323 4458 1410 4517 ed.
1445 4459 1710 4516 criticam

425 4551 616 4608 totius
637 4549 829 4626 operis
850 4549 1088 4606 demum
1111 4546 1340 4605 curavit
1360 4546 1714 4606 O’Donovan
1770 4611 1818 4665 G
1848 4547 1885 4606 ¹)
1914 4539 1994 4594 Cf·
2017 4539 2049 4593 J
2054 4556 2179 4594 0²11·
2200 4556 2233 4592 a
2250 4557 2292 4620 {¹-
2308 4538 2654 4619 Ant-‚1L371
2674 4583 2695 4659 i
2716 4535 3055 4590 Belleflheim

431 4693 544 4698 -ψ
577 4694 654 4698 ψ
681 4693 748 4698 -ψ
1823 4608 2739 4746 e2‘303}.‘³3{1¹1³..};{3¹2535?31ss
2767 4611 3053 4730 {iiiam

509 4761 544 4828 ¹)
573 4756 737 4809 Alius
777 4757 851 4808 ab
890 4771 970 4818 e0‚
1016 4755 1085 4808 de
1126 4771 1238 4823 quo
1280 4771 1451 4822 supra
1478 4755 1544 4816 ΙΙ,
1575 4758 1714 4810 1464
1767 4755 1827 4807 in
1854 4754 1947 4808 Irl.
1974 4754 2041 4816 ΙΙ,
2070 4756 2204 4824 32Ο;
2246 4756 2379 4822 361;
2423 4752 2516 4815 111,
2543 4755 2677 4811 701;
2719 4754 2852 4810 756ς
2894 4746 3055 4800 Esset

430 4827 666 4897 egimus.
696 4825 777 4880 Cf.
801 4826 869 4880 de
899 4830 1092 4880 nostro
1120 4825 1326 4879 Gillow
1361 4826 1419 4891 V,
1448 4830 1710 4883 511—15.
1769 4825 1879 4878 KL.
1911 4825 2002 4888 111,
2029 4827 2149 4880 680.
