3625 5193
590 281 753 334 1195

918 268 1287 322 1641—1663.
1315 264 1508 321 Theoi.
1535 262 1780 320 moralis,
1802 267 2214 333 Mascarenhas,
2242 266 2439 336 Tapia,
2467 265 2726 320 Hurtado
2753 267 2857 320 etc.

3026 282 3202 336 1196

581 449 750 509 ribus
795 449 1012 508 libellis
1060 450 1393 509 vernaculis
1438 455 1500 509 et
1550 450 1862 527 anonymis
1921 448 1980 534 (1
1996 447 2165 531 649).
2182 450 2548 528 Hispalensis
2568 449 2807 509 tandem
2832 451 3045 509 ultima
3066 469 3210 509 eum

581 539 843 615 idipsum
873 539 1331 598 inculcantibus,
1350 573 1437 582 ——-
1457 540 1542 598 Ex
1574 541 1866 613 Hispanis
1919 539 2183 599 obtinuit
2199 536 2255 621 (1
2274 549 2351 604 65
2367 536 2440 620 1),
2458 540 2520 598 in
2541 559 2662 615 qua
2679 544 2740 597 et
2760 539 2909 597 obiit
2933 548 3029 602 25.
3049 541 3206 616 Aug.

583 627 998 704 praetermisso
1031 628 1214 687 Paulo
1247 629 1502 687 Duran
1534 629 1715 688 Rotae
1753 647 1862 687 au·

583 717 789 786 ditore,
822 716 959 776 dein
989 717 1314 793 urgellensi
1358 719 1635 793 episcopo
1666 714 1726 798 (†
1766 729 1860 782 18.

582 806 751 865 Febr.
811 800 1002 885 1651)
1054 840 1141 849 --
1189 807 1258 864 de
1305 808 1689 865 contractibus
1732 812 1773 866 t.
1824 818 1858 870 3

585 895 827 969 scripsit
864 895 1068 954 Petrus
1114 896 1147 952 d
1167 914 1199 954 e
1231 894 1469 954 Onate
1502 897 1555 954 S.
1588 896 1644 955 J.
1682 895 1861 955 Valli·

585 985 887 1044 soletanus
935 981 995 1065 (†
1039 994 1139 1046 31.
1187 985 1319 1044 Dec.
1376 981 1567 1065 1646)
1586 1029 1599 1055 ,
1648 986 1864 1044 Romae

593 1082 935 1136 1646-54
970 1072 1033 1131 in
1066 1072 1106 1136 f.
1136 1106 1224 1116 —
1256 1073 1700 1152 Disquisitiones
1742 1093 1862 1133 mo-

587 1164 739 1221 rales
771 1163 834 1220 in
877 1172 926 1225 1.
950 1170 1006 1221 2.
1040 1179 1086 1220 S.
1111 1162 1365 1221 Thomae
1396 1163 1585 1222 edidit
1602 1163 1865 1222 Leander

584 1252 991 1310 Montanus
1039 1250 1103 1309 O.
1148 1251 1282 1327 Cap.
1329 1252 1692 1322 Murciensis,
1739 1253 1862 1311 Ma-

583 1340 717 1399 triti
757 1349 1132 1403 1653.1660
1167 1351 1209 1397 t.
1248 1349 1283 1401 2
1319 1341 1380 1398 in
1411 1341 1479 1410 f.;
1512 1343 1866 1418 quaestiones

583 1430 815 1487 selectas
832 1430 1143 1506 reyulares,
1177 1429 1253 1487 ib.
1284 1439 1481 1498 16463
1513 1451 1598 1508 qq.
1620 1433 1866 1490 morales

1920 640 2089 694 1657
2126 651 2174 688 a.
2208 630 2419 688 aetatis
2444 638 2541 692 76.
2575 628 2772 687 Vitam
2803 629 2932 704 ejus
2964 632 3206 705 aposto-

1919 719 2111 788 licam,
2145 719 2305 794 piam
2326 724 2386 777 et
2405 717 2745 794 religiosam
2766 718 3045 793 pluribus
3066 736 3211 793 pro-

1919 808 2108 866 secuti
2153 811 2298 867 sunt
2329 808 2376 865 D
2395 804 2659 888 avila¹)
2693 811 2755 866 et
2786 807 3082 866 Antonius
3130 806 3214 864 de

1919 896 2189 966 Lorea,
2242 896 2468 955 Matriti
2529 906 2689 958 1676
2745 895 2806 954 in
2856 897 2890 958 f.
2942 896 3026 954 Ex
3074 897 3214 971 ejus

1919 986 2194 1061 operibus
2225 985 2575 1062 prodierunt
2612 980 2943 1065 tantum²):
2991 985 3213 1044 Catena

1921 1076 2159 1134 moralis
2205 1075 2499 1134 doctrinae
2548 1079 2590 1132 t.
2643 1086 2695 1138 l.
2747 1074 2818 1133 de
2871 1073 3212 1133 actionibus

1921 1164 2244 1224 moralibus
2289 1168 2349 1223 et
2393 1183 2595 1223 earum
2642 1162 2954 1239 principiis
3000 1163 3061 1221 in
3099 1182 3209 1240 ge-

1919 1253 2109 1312 nerali
2140 1253 2200 1311 ll.
2237 1264 2293 1322 5,
2341 1252 2572 1329 Hispali
2612 1263 2776 1316 1654
2825 1253 2888 1312 in
2918 1252 2988 1321 f.;
3046 1261 3102 1314 2.
3135 1252 3214 1309 de

1919 1343 2229 1403 virtutibus
2258 1349 2310 1400 et
2341 1343 2494 1400 vitiis
2522 1342 2585 1400 in
2606 1340 2815 1418 specie,
2850 1360 2986 1417 pars
3019 1341 3212 1416 prior,

1920 1432 1991 1491 de
2023 1431 2153 1502 fide,
2207 1450 2310 1507 spe
2354 1436 2415 1490 et
2460 1432 2724 1501 caritate,
2777 1430 3099 1507 prudentia
3149 1434 3220 1489 et

585 1519 666 1576 ib.
726 1527 925 1588 16463
975 1514 1377 1599 praeterea¹):
1432 1519 1866 1579 Commentaria
1913 1521 2174 1596 justitia,
2221 1521 2301 1579 ib.
2343 1530 2503 1583 1657
2553 1521 2616 1579 in
2650 1520 2686 1577 f.
2721 1519 2842 1578 Alii
2890 1519 3035 1578 tomi
3083 1538 3210 1578 non

586 1607 838 1665 literalia
857 1613 908 1664 et
926 1608 1172 1665 moralia
1191 1608 1252 1666 in
1281 1608 1316 1666 l.
1335 1608 1559 1685 Esther,
1593 1609 1671 1667 ib.
1696 1621 1721 1672 1
1737 1618 1860 1671 647

580 1698 644 1754 in
677 1695 715 1753 f.
752 1729 830 1740 ——
868 1695 958 1752 De
973 1697 1356 1756 sacramentis
1385 1698 1449 1755 in
1474 1717 1693 1775 yenere,
1729 1699 1867 1756 etde

587 1785 893 1860 baptismo,
925 1785 1371 1857 confirmatione,
1398 1787 1746 1846 eucharistia
1765 1805 1867 1846 nec

587 1893 701 1932 non
731 1874 801 1931 de
829 1874 1116 1948 sacrificio
1146 1876 1354 1933 missae
1375 1875 1710 1952 disputavit
1726 1876 1864 1934 Em-

587 1963 829 2021 manuel
856 1962 916 2019 M
930 1982 964 2021 a
979 1982 1007 2021 s
1024 1982 1055 2022 c
1069 1983 1103 2020 a
1118 1983 1149 2021 r
1166 1982 1198 2022 e
1211 1982 1254 2021 n
1266 1963 1305 2021 h
1322 1984 1356 2023 a
1372 1961 1461 2043 8²)
1493 1964 1866 2041 Olisiponen-

589 2053 669 2110 sis
704 2049 765 2132 (†
801 2060 899 2114 28.
932 2052 1080 2116 Nov.
1122 2052 1310 2129 1654)
1351 2054 1622 2113 Lutetiae
1655 2055 1867 2113 Parisi-

586 2160 757 2200 orum
795 2151 959 2203 1656
1012 2142 1077 2199 in
1119 2142 1156 2200 f.
1204 2175 1290 2188 ——-—
1334 2143 1513 2202 Plura
1560 2149 1870 2219 paraverat

588 2231 801 2290 Petrus
846 2230 930 2288 de
972 2231 1209 2308 'Papia
1240 2231 1304 2293 Ο.
1340 2232 1539 2291 Praed.
1588 2232 1869 2291 Villoriae

588 2319 870 2379 dioecesis
929 2320 1397 2379 salmanticensis
1447 2325 1623 2380 natus
1683 2331 1866 2391 1582,

587 2409 691 2484 qui
736 2408 1094 2485 theologiam
1138 2408 1338 2469 docuit
1372 2411 1554 2469 variis
1598 2410 1661 2469 in
1705 2411 1868 2470 locis.

588 2499 835 2556 Demum
868 2518 903 2556 a
944 2498 1218 2574 Philippo
1264 2497 1359 2556 IV.
1406 2499 1603 2559 delata
1652 2499 1704 2558 ei
1753 2500 1872 2558 fuit

589 2586 867 2647 cathedra
909 2587 1189 2662 primaria
1233 2589 1589 2649 salmantiua
1621 2584 1868 2671 (1623),

590 2696 723 2735 mox
756 2676 1248 2746 conimbricensis
1283 2697 1457 2752 quam
1491 2685 1689 2738 tamen
1714 2697 1870 2737 com-

590 2766 885 2840 plutensis
917 2784 1055 2823 suae
1088 2785 1282 2825 amore
1320 2774 1526 2842 captus
1561 2769 1870 2827 recusavit.

590 2854 1023 2912 Crotoniensem
1068 2873 1304 2930 quoque
1349 2855 1412 2913 in
1459 2857 1732 2916 ulteriori
1765 2858 1870 2916 Ca-

589 2942 774 3000 labria
803 2942 1108 3001 ecclesiam
1140 2942 1489 3019 deprecatus
1523 2950 1631 3015 est,
1677 2946 1777 3004 sed
1811 2951 1873 3004 et

590 3031 993 3107 segobiensem
1038 3032 1091 3090 ei
1131 3032 1392 3092 delatam
1427 3031 1652 3116 (1640)
1700 3053 1869 3093 recu-

589 3138 716 3179 sare
748 3121 809 3179 in
842 3121 1036 3180 animo
1068 3124 1212 3191 erat,
1246 3123 1310 3180 ni
1342 3124 1685 3183 mandatum
1708 3142 1870 3182 sum-

588 3210 669 3268 mi
702 3210 997 3286 pontificis
1028 3210 1415 3270 irrevocabile
1446 3214 1702 3271 nuncius
1735 3233 1870 3288 pro·

586 3300 841 3359 tulisset.
874 3300 1005 3359 Mox
1038 3300 1130 3358 illi
1152 3301 1395 3359 ecclesia
1415 3302 1872 3378 compostellana

587 3389 788 3449 oblata
820 3389 953 3461 fuit,
1006 3409 1210 3448 verum
1245 3390 1411 3448 illam
1444 3394 1745 3466 acceptare
1777 3410 1868 3450 re·

585 3479 751 3547 nuit;
798 3479 872 3537 ad
904 3479 1284 3557 saguntinam
1328 3482 1525 3538 tamen
1571 3499 1631 3539 se
1677 3484 1872 3538 trans-

585 3568 735 3627 ferre
780 3574 1016 3628 coactus
1061 3572 1152 3627 est
1183 3588 1234 3627 a.
1279 3578 1462 3637 1644,
1508 3570 1608 3627 sed
1661 3569 1732 3627 ad
1767 3589 1871 3628 va·

586 3658 892 3725 lentinam‚
927 3659 1023 3716 cui
1053 3657 1333 3734 adjuncta
1352 3664 1477 3716 erat
1508 3660 1676 3735 regni
1698 3678 1871 3735 prae·

1922 1612 2292 1687 prodierunt.

2016 1799 2158 1852 524.
2199 1789 2283 1848 De
2316 1788 2521 1847 multis
2552 1787 2846 1861 variisque
2890 1806 3212 1862 argumen-

1922 1878 2016 1936 tis·
2053 1878 2390 1954 disputavit
2438 1877 2687 1935 Thomas
2737 1875 3089 1935 Hurtado
3141 1876 3212 1934 Ο.

1924 1967 2070 2026 Cler.
2103 1986 2224 2044 reg.
2272 1967 2412 2025 min.
2445 1966 2780 2034 ToletanuS,
2833 1964 2936 2040 qui
2969 1965 3218 2032 Romae.

1924 2057 2222 2132 Compluti
2253 2059 2313 2114 et
2350 2054 2735 2113 Salmanticae
2769 2072 2991 2112 sacram
3037 2054 3218 2113 theo-

1925 2145 2140 2222 logiam
2187 2145 2389 2203 docuit
2433 2143 2681 2213 sodales,
2733 2146 2794 2200 et
2840 2133 3058 2218 magna
3102 2143 3214 2201 do-

1925 2234 2150 2294 ctrinae
2182 2234 2340 2292 fama
2371 2252 2445 2292 ss.
2465 2233 2674 2292 literas
2706 2231 2770 2290 in
2804 2232 3097 2290 academia
3123 2233 3218 2290 hi·

1926 2323 2201 2398 spalensi.
2249 2321 2500 2399 Vigebat
2530 2322 2688 2380 enim
2719 2320 2960 2397 ingenio
2994 2329 3057 2379 et
3087 2322 3212 2380 elo·

1925 2412 2184 2488 quentia,
2220 2411 2530 2486 literisque
2561 2410 2906 2486 theologicis
2939 2429 3059 2469 non
3092 2428 3206 2467 me·

1925 2501 2180 2560 diocrem
2213 2500 2595 2559 conciliorum
2643 2501 2703 2557 et
2748 2517 3058 2566 canonum,
3105 2517 3206 2574 pa-

1926 2594 2090 2650 trum
2123 2589 2195 2648 ad
2240 2590 2382 2650 haec
2414 2609 2486 2649 ss.
2519 2591 2580 2648 et
2626 2608 2906 2649 amoenae
2950 2588 3210 2664 antiqui·

1926 2680 2067 2739 tatis
2112 2680 2423 2739 lectionem
2474 2677 2904 2757 adjunxerat-⁹1).
2955 2678 3032 2736 Ea
3075 2680 3208 2734 erat

1928 2768 2019 2828 vel
2056 2769 2298 2844 juvenis
2343 2762 2567 2850 (1618)
2613 2768 2839 2845 ingenii
2889 2768 3205 2843 capacitate

1927 2862 1989 2917 et
2022 2858 2346 2927 alacritate,
2381 2861 2451 2916 ut
2483 2857 2892 2926 salmanticae,
2940 2857 3078 2914 dum
3108 2873 3208 2912 ca·

1928 2948 2189 3023 pitulum
2204 2946 2722 3005 Franciscanorum
2754 2944 3035 3023 generale⁵
3061 2944 3220 3003 cele·

1927 3037 2220 3107 braretur,
2272 3035 2659 3095 ostentandae
2691 3034 2989 3093 doctrinae
3035 3053 3228 3092 causa

1927 3144 2050 3184 uua
2080 3130 2140 3183 et
2185 3126 2387 3183 eadem
2432 3124 2525 3183 die
2570 3124 2905 3183 universam
2949 3123 3217 3198 angelici

1927 3214 2322 3290 praeceptoris
2356 3233 2543 3285 mane,
2589 3210 2960 3272 subtilissimi
3006 3217 3222 3270 autem

1930 3303 2086 3362 Scoti
2105 3321 2346 3379 vespere
2366 3303 2723 3380 theologiam
2744 3301 3220 3377 propugnaverit

1929 3389 1992 3471 (†
2020 3402 2181 3454 1659
2217 3412 2267 3454 a.
2289 3392 2499 3451 aetatis
2524 3388 2648 3471 70).
2682 3391 2838 3449 Haec
2856 3390 2984 3464 ejus
3005 3408 3212 3465 opera:

1937 3481 2238 3539 Tratactus
2269 3482 2420 3539 varii
2451 3482 2862 3539 resolutionum
2882 3480 3208 3545 moralium,

1929 3569 2209 3647 Lugduni
2258 3580 2417 3633 1651
2461 3589 2512 3627 v.
2563 3579 2596 3631 2
2652 3570 2713 3626 in
2760 3567 2828 3627 f..
2881 3568 2941 3625 in
2990 3566 3212 3642 quibus

1931 3662 2136 3719 auctor
2165 3677 2226 3717 se
2272 3662 2368 3717 sat
2410 3660 2608 3717 laxum
2654 3657 2921 3726 exhibet;
2968 3657 3086 3714 imo
3118 3655 3214 3731 ip·

586 3745 832 3813 sectura,
900 3746 1155 3804 transire
1218 3746 1458 3806 omniuo
1520 3747 1877 3806 detrectavit
1934 3751 2058 3807 sius
2092 3766 2217 3806 esse
2263 3747 2549 3806 dicuntur
2579 3749 2780 3823 plures
2829 3765 2898 3805 ex
2930 3764 3093 3821 prop.
3129 3754 3218 3807 45

588 3828 834 3913 (1648),
867 3852 973 3891 nec
996 3835 1416 3893 cordubensem
1441 3836 1794 3910 admisisset,
1812 3838 1874 3895 ni
1933 3838 2006 3896 ab
2041 3835 2372 3895 Alexandro
2405 3836 2531 3895 VII.
2563 3835 2872 3894 damnatis.
2915 3833 3213 3893 Resoluti-

586 3921 723 3993 plus
756 3921 820 3977 in
866 3941 935 3977 ea
966 3922 1185 3980 laboris
1217 3927 1277 3981 et
1321 3924 1460 3982 boni
1494 3926 1686 4002 operis
1721 3922 1873 4005 (eam
1935 3945 2116 3984 onum
2148 3924 2464 3985 moralium
2498 3926 2558 3983 ll.
2591 3923 2670 3982 VI
2702 3926 2772 3983 de
2800 3942 3052 4000 conyrua
3081 3941 3218 3980 sus·

588 4009 774 4081 pestis
852 4013 983 4066 tum
1058 4009 1402 4093 infestabat)
1486 4015 1878 4088 praevidisset
1937 4017 2238 4073 tentatione
2268 4016 2773 4073 ecclesiasticorum
2797 4016 3052 4072 omnium
3083 4015 3209 4067 tam

663 4234 702 4299 ¹)
727 4230 909 4300 Hujus
928 4233 1173 4286 auctoris
1193 4252 1309 4295 non
1331 4236 1396 4288 fit
1415 4235 1629 4290 mentio
1649 4236 1711 4288 in
1736 4237 1877 4292 bibl.

589 4300 649 4359 O.
677 4302 809 4371 Cap.
848 4306 1074 4357 auctore
1104 4304 1386 4359 Bernardo
1414 4323 1447 4359 a.
1475 4305 1744 4363 Bononia.
1791 4308 1872 4363 Cf.

587 4370 654 4424 de
681 4389 744 4425 eo
772 4374 1038 4428 Sbaralea
1065 4393 1118 4444 p.
1146 4380 1268 4437 485.

661 4450 699 4505 2)
728 4445 889 4498 Alius
914 4461 946 4497 a
971 4446 1328 4501 Ferdinando
1363 4447 1420 4500 M
1436 4464 1470 4500 a
1485 4465 1512 4498 r
1527 4446 1640 4500 tin
1658 4465 1686 4502 e
1705 4467 1733 4501 z
1758 4450 1878 4502 Ma-

587 4515 856 4567 scarenha
897 4520 1025 4583 post
1061 4518 1437 4587 gubernatam
1481 4519 1713 4572 rectoris
1752 4538 1876 4574 mu-

589 4600 718 4662 nere
767 4585 1261 4643 conimbricensem
1303 4588 1553 4642 scholam
1607 4590 1873 4660 episcopo

588 4654 815 4708 silvensi
855 4660 902 4725 (†
928 4661 1013 4714 28.
1052 4659 1180 4714 Jan.
1223 4662 1383 4728 1628)
1401 4702 1413 4717 .
1474 4661 1634 4730 cujus
1689 4665 1876 4717 exstat

589 4725 861 4779 tractatus
886 4729 947 4780 de
972 4734 1193 4785 auxiliis
1217 4734 1429 4785 divinae
1451 4737 1661 4812 gratiae
1688 4733 1761 4787 ad
1786 4750 1873 4788 ac-

589 4795 680 4845 tus
705 4800 1176 4866 supernaturales,
1204 4801 1467 4870 Lugduni
1496 4807 1635 4859 1615
1660 4803 1722 4856 in
1746 4809 1798 4859 4.

1936 4104 2287 4163 secularium
2310 4123 2486 4179 quam
2515 4103 2878 4179 regularium
2899 4100 3224 4173 utriusque

1937 4212 2128 4264 sexus,
2177 4193 2407 4269 Hispali
2447 4201 2646 4259 1659;
2697 4192 2972 4251 Coloniae
3011 4197 3170 4253 1661
3198 4212 3214 4257 ς

1934 4284 2002 4340 de
2017 4284 2326 4341 residentia
2339 4301 2510 4340 sacra
2529 4281 2589 4340 ll.
2607 4280 2733 4350 ΧΠ,
2752 4280 3028 4356 Lugduni
3049 4288 3117 4341 16
3128 4288 3216 4340 60

1934 4392 1986 4430 v.
2025 4381 2057 4433 2
2094 4372 2157 4429 in
2185 4371 2250 4441 f.;
2284 4370 2677 4430 resolutiones
2698 4369 3226 4428 orthodoxomora·

1936 4462 2035 4528 leS,
2058 4461 2456 4528 scholasticae,
2474 4458 2784 4517 historicae
2802 4459 2871 4516 de
2886 4477 3028 4527 vero,
3047 4459 3232 4516 unico

2008 4669 2046 4733 ¹)
2075 4666 2137 4717 ln
2164 4663 2365 4718 Teatro
2393 4664 2463 4718 de
2487 4663 2574 4718 las
2599 4662 2673 4716 Es
2717 4678 2910 4716 annas.

2005 4742 2046 4807 ⁴²)
2073 4734 2154 4789 cf.
2184 4735 2403 4789 Echard
2430 4735 2498 4802 11,
2520 4738 2651 4792 588:
2725 4749 2790 4788 oe
2806 4733 2915 4788 KL.
2940 4732 3033 4797 xl,
3056 4738 3226 4790 1214.

2003 4811 2046 4879 ⁸)
2075 4807 2158 4861 Cf.
2183 4807 2328 4861 Bibl.
2353 4807 2497 4877 hisp.
2526 4825 2580 4864 n.
2608 4807 2675 4871 ll,
2700 4809 2823 4863 304.
