3625 5193
599 237 718 292 955
976 226 1348 280 1641—1663.
1377 222 1571 278 Theol.
1598 222 1770 279 schol.
1797 224 1860 277 in
1885 223 2101 294 Belgio,
2127 222 2363 290 Sisvius‚
2390 223 2649 291 Polman,
2678 224 2838 289 Loth,
3098 243 3221 295 956

593 411 718 486 ipse
763 408 1105 478 offenderet,
1159 409 1331 484 cujus
1377 407 1716 484 opinionem
1762 408 1876 466 im-
1933 426 2076 467 cura
2104 410 2166 466 P.
2199 408 2700 484 d'Elbecque,
2748 410 2854 485 qui
2900 410 3223 486 posthuma

590 517 856 576 pugnare
902 500 1213 574 cogeretur
1225 494 1293 577 1).
1345 498 1535 574 Opera
1579 498 1709 573 ejus
1742 516 1878 572 pro·
1933 498 2063 571 ejus
2098 515 2277 572 opera
2319 497 2589 574 vulgavit
2621 499 3000 574 Antwerpiae
3039 509 3223 562 1678.

592 588 834 646 dierunt
875 587 1253 663 Antwerpiae
1308 596 1471 652 1698
1519 595 1563 644 t.
1612 597 1649 648 6
1695 586 1760 645 111
1805 586 1877 657 f.;
1933 586 2216 646 Ediderat
2278 605 2517 662 quoque
2568 587 2792 647 Silvius
2841 588 2917 651 D.
2976 589 3227 647 Thomae

591 676 836 735 Parisiis
875 685 1075 744 1714;
1123 676 1385 735 Venetiis
1442 684 1624 739 1726.
1674 675 1878 734 Priora
1934 675 2043 752 Aq.
2078 677 2353 751 opuscula
2376 696 2407 734 e
2439 694 2577 734 mss.
2598 676 2764 735 codd.
2786 677 3117 747 emendata,
3140 678 3221 737 ib.

594 776 630 827 4
666 767 1146 841 complectuntur
1176 765 1306 841 ejus
1350 766 1786 823 commentarios
1815 765 1879 822 in
1943 774 2106 827 1609
2137 784 2193 823 v.
2228 774 2261 824 2
2300 765 2362 822 in
2386 775 2455 834 8;
2490 767 2889 824 instructiones
2908 772 3219 838 pastorum

596 855 892 913 Summam
924 874 969 916 s.
1015 854 1284 929 Thomas,
1330 872 1477 928 quos
1518 853 1876 929 ,compluri·
1933 872 1972 912 a
2002 873 2050 917 s.
2074 854 2211 912 Car.
2246 854 2604 913 Borromaeo
2636 854 2726 912 ed.
2761 854 2836 913 ad
2859 854 3223 931 belgicarum

589 945 704 1002 bus
726 942 866 1001 hinc
895 943 1035 1002 inde
1054 943 1487 1019 flagitantibus,
1521 944 1640 1001 imo
1662 942 1736 1001 ad
1766 943 1878 1000 im·
1934 943 2317 1002 ecclesiarum
2362 962 2537 1002 usum
2579 943 3049 1003 accommodatas
3068 987 3082 1012 ,
3145 944 3225 1002 ib.

589 1033 1020 1109 portunitatem
1042 1050 1233 1107 usque
1248 1032 1750 1109 perurgentibus‘
1775 1031 1876 1090 de·
1941 1042 2134 1094 1616:
2175 1040 2374 1100 1624;
2422 1033 2668 1092 Lovanii
2709 1041 2865 1095 1701
2906 1032 2971 1091 in
3007 1042 3077 1101 83
3120 1052 3219 1092 en-

588 1141 754 1181 mum
775 1120 1050 1198 publicae
1085 1121 1203 1179 luci
1227 1121 1412 1191 dedit,
1447 1126 1509 1180 et
1541 1122 1645 1196 qui
1666 1120 1879 1179 deinde
1932 1121 2219 1179 chiridion
2238 1119 2301 1181 P.
2319 1122 2631 1194 Binsfeldii
2648 1121 3059 1181 notationibus
3078 1141 3218 1181 auc-

591 1229 762 1286 saepe
795 1210 1165 1286 prodierunt,
1200 1210 1384 1268 Duaci
1413 1218 1875 1280 1620—1635;
1932 1213 2064 1268 tum
2084 1212 2146 1268 et
2164 1209 2554 1279 illustratum,
2576 1210 2760 1268 Duaci
2788 1219 2988 1281 1622;
3031 1220 3226 1281 1626;

596 1313 622 1363 1
639 1308 1030 1363 622-1648
1052 1321 1066 1368 3
1106 1308 1538 1362 1649-1662
1559 1319 1573 1365 ς
1603 1301 1877 1357 Antwer-
1940 1306 2104 1361 1633
2126 1298 2191 1356 111
2214 1307 2249 1360 8
2270 1319 2283 1367 ;
2307 1298 2609 1357 Summam
2627 1300 2996 1358 conciliorum
3011 1300 3223 1363 Barth.

590 1390 719 1465 piae
761 1396 923 1451 1684
974 1384 1088 1470 (ed.
1124 1382 1242 1469 4.);
1294 1393 1336 1450 t.
1372 1398 1425 1451 5.
1459 1387 1879 1464 complectitur
1937 1388 2275 1446 Carranzae
2347 1386 2754 1447 additionibus
2832 1388 3219 1457 illustratam,

590 1478 769 1551 plura
787 1472 1147 1557 opusculff),
1181 1477 1303 1535 scil.
1336 1478 1404 1535 de
1427 1478 1668 1535 motione
1688 1478 1879 1549 primi
1942 1485 2104 1539 1639
2140 1477 2202 1533 in
2239 1486 2307 1544 83
2359 1485 2519 1540 1648
2557 1480 2618 1536 et
2648 1477 2811 1535 alibi.

590 1568 845 1641 motoris,
881 1564 1066 1623 Duaci
1107 1575 1272 1626 1609
1308 1566 1370 1623 111
1392 1576 1463 1635 4;
1496 1567 1565 1623 de
1592 1573 1747 1624 statu
1776 1566 1876 1624 ho·

594 1656 765 1712 »uinis
795 1656 931 1731 post
962 1659 1291 1729 peccatum,
1324 1654 1401 1711 ib.
1442 1664 1637 1723 1614;
1680 1665 1875 1723 1616;
2025 1663 2168 1716 406.
2213 1653 2457 1712 Praeter
2489 1653 2747 1713 Silvium
2778 1672 2811 1713 e
2841 1653 3050 1730 Belgio
3082 1674 3223 1732 pro-

600 1752 801 1813 16243
835 1746 1124 1801 orationes
1154 1743 1514 1820 theologicas
1538 1739 1644 1823 (14
1667 1744 1745 1819 4-
1769 1739 1876 1822 13)
1932 1743 2204 1802 dierunt:
2268 1742 2528 1801 Joannes
2570 1743 2878 1802 Polman
2939 1743 3223 1803 ecclesiae

591 1832 670 1889 ib.
711 1842 738 1894 1
753 1841 869 1894 621
913 1832 980 1889 in
1002 1841 1036 1896 8
1059 1853 1072 1901 ;
1105 1834 1423 1890 orationem
1452 1833 1878 1909 apologeticam
1934 1831 2287 1890 cathedralis
2308 1832 2729 1891 cameracensis
2749 1832 3067 1892 canonicus
3086 1832 3220 1892 the·

590 1939 696 1995 pro
731 1939 775 1982 s.
808 1921 1044 1991 Thomu,
1088 1930 1272 1992 1624,
1316 1924 1376 1979 et
1404 1922 1654 1980 alteram
1695 1921 1768 1981 de
1800 1940 1875 1980 ss,
1931 1920 2177 1997 ologalis
2229 1917 2289 2001 (†
2333 1918 2539 1997 1649),
2591 1922 2695 1997 qui
2740 1941 2848 1997 pro
2893 1919 3224 1999 theologiae

591 2010 898 2069 Trinitatis
929 2010 1078 2069 festo
1125 2010 1469 2069 solemniter
1507 2011 1875 2082 celebrandO,
1932 2009 2231 2068 tironibus
2276 2009 2670 2068 utilissimum
2718 2010 3051 2086 composuit
3100 2010 3223 2069 bre-

599 2107 797 2169 16333
849 2100 911 2162 11.
946 2099 1041 2169 VI,
1088 2100 1156 2157 de
1179 2102 1517 2175 praecipuis
1561 2102 1700 2173 fidei
1748 2119 1876 2159 nos-
1932 2100 2185 2157 viart‘um
2215 2100 2599 2176 theoloqicum,
2658 2100 2895 2174 saepius
2927 2116 3222 2169 recusum,

589 2196 715 2247 trae
763 2191 1162 2248 controversiis
1210 2190 1420 2247 breves
1480 2188 1722 2264 quidem
1775 2188 1878 2247 sed
1934 2192 2005 2245 ut
2022 2187 2268 2246 Lovanii
2305 2196 2472 2249 1729
2506 2188 2569 2245 111
2606 2195 2672 2257 8;
2707 2188 3024 2247 Mediolani
3053 2198 3219 2251 1873

589 2277 766 2347 docti,
803 2278 976 2337 solidi
1000 2281 1063 2336 et
1094 2278 1365 2348 modesti,
1410 2288 1607 2347 1638;
1659 2280 1876 2337 resolu·
1933 2294 2074 2335 cura
2104 2277 2196 2334 Al.
2230 2277 2467 2335 Piatelli
2498 2277 2555 2335 J.
2586 2277 2652 2334 U.
2686 2277 2751 2334 D.
2783 2295 2853 2335 ex
2880 2275 3110 2335 oblatis
3144 2296 3220 2335 ss.

589 2369 768 2425 tiones
797 2367 1004 2437 variae,
1044 2386 1191 2442 quas
1222 2367 1389 2425 dedit
1422 2367 1496 2425 ab
1528 2387 1577 2424 a.
1621 2375 1878 2427 1612-
1933 2364 2135 2427 Ambr.
2168 2369 2229 2423 et
2247 2366 2453 2435 Caroli,
2488 2366 2554 2423 in
2585 2384 2704 2440 quo
2724 2384 2927 2425 omnes
2944 2366 3220 2425 notiones

598 2465 762 2518 1644
811 2455 884 2514 ad
925 2474 1094 2514 casus
1143 2455 1259 2513 sibi
1301 2455 1636 2537 propositos
1672 2452 1882 2535 (Duaci
1934 2456 1994 2512 et
2012 2453 2321 2523 axiomata,
2353 2474 2505 2529 quae
2537 2454 2600 2513 in
2620 2454 2902 2512 universa
2919 2454 3217 2531 theologia

600 2554 761 2608 1640
813 2547 874 2603 et
915 2554 1078 2607 1644
1115 2548 1157 2603 t.
1195 2540 1278 2626 2).
1335 2543 1670 2603 Admodum
1722 2544 1878 2603 enim
1934 2546 2272 2613 occurrunt,
2320 2543 2513 2603 nitide
2544 2547 2604 2603 et
2649 2543 2932 2603 distincte
2963 2544 3221 2619 exponit.

589 2637 860 2691 versatus
893 2637 1020 2691 erat
1049 2635 1111 2690 in
1143 2633 1440 2709 theologia
1472 2633 1699 2702 morali,
1741 2633 1879 2691 hinc
1934 2667 1985 2673 —
2005 2632 2341 2691 Ludovieus
2361 2633 2756 2692 BetrandusL
2775 2634 2905 2692 oth
2933 2633 2999 2695 Ο.
3020 2633 3219 2692 Praed.

592 2741 634 2780 s.
670 2722 1006 2798 Alphonsus
1037 2722 1211 2779 illum
1232 2722 1576 2780 auctoribus
1611 2722 1877 2780 classi·
1935 2720 2576 2798 Andomaropolitanus
2640 2723 3015 2798 praepositus
3085 2741 3218 2799 pro-

591 2811 656 2869 ci
675 2831 700 2866 s
750 2813 1127 2878 annumerat,
1180 2831 1212 2867 a
1245 2810 1411 2886 Gury
1441 2828 1580 2869 vero
1624 2811 1877 2869 dicitur:
1935 2809 2163 2868 vinciae
2226 2811 2570 2869 Germaniae
2602 2811 2895 2869 inferioris
2928 2814 2990 2869 et
3035 2811 3222 2871 Duaci

595 2897 1014 2968 ,Probabilista
1044 2898 1406 2957 moderatus,
1442 2900 1705 2976 Ingenio,
1740 2900 1878 2959 soli·
1935 2899 2266 2975 theologiae
2297 2900 2578 2977 magister
2612 2896 2673 2982 (†
2716 2909 2811 2962 15.
2833 2899 2960 2959 Oct.
3001 2897 3219 2981 1662),

591 2987 781 3044 ditate
813 2987 1196 3046 clarissimus.
1249 2988 1464 3065 Magna
1505 2989 1695 3064 pollet
1740 3008 1876 3048 auc·
1936 2988 2235 3046 variorum
2267 2992 2579 3048 auctorum
2620 2990 2807 3048 libros
2839 2988 3025 3048 Duaci
3054 2990 3219 3048 evul-

589 3075 831 3134 toritate
892 3076 1052 3135 inter
1113 3077 1456 3154 theologos!
1528 3078 1879 3137 Prodierant
1932 3077 2059 3152 gari
2111 3078 2343 3136 curavit
2392 3079 2635 3153 suisque
2696 3078 3217 3137 observationibus

589 3168 788 3223 autem
826 3166 949 3241 jam
983 3184 1052 3224 ex
1098 3169 1266 3240 parte
1299 3167 1482 3224 Duaci
1524 3176 1686 3230 1638
1721 3169 1786 3225 111
1821 3177 1876 3229 4.
1933 3163 2339 3248 illustravit1),
2374 3170 2446 3224 ut
2464 3167 2594 3225 Did.
2616 3167 2889 3225 Alvari
2921 3166 3218 3227 tranensis

590 3254 808 3313 Tomus
859 3264 915 3316 6.
978 3255 1244 3314 continet
1293 3258 1766 3314 commentarium
1814 3258 1878 3314 in
1933 3254 2357 3330 archiepiscopi
2401 3257 2469 3313 de
2499 3256 2803 3315 concordia
2856 3255 3019 3314 liberi
3063 3257 3222 3314 arbi-

592 3343 856 3403 Genesim
906 3341 1114 3424 (Duaci
1174 3354 1294 3407 163
1307 3342 1402 3424 9),
1453 3345 1721 3403 Exodum
1769 3340 1875 3426 (ib.
1932 3346 2037 3401 trii
2066 3362 2193 3401 cum
2234 3347 2450 3422 qratia,
2505 3353 2667 3409 1635
2717 3345 2782 3402 in
2817 3353 2887 3415 83
2938 3346 3219 3418 opuscula

599 3429 808 3513 1644),
861 3434 1181 3492 Levitieum
1230 3442 1280 3492 et
1325 3435 1616 3492 Numeros
1661 3433 1876 3510 (usque
1932 3433 2239 3507 tripartita
2282 3434 2483 3492 Franc.
2531 3433 2604 3492 de
2649 3435 2957 3492 Arauxo
3007 3432 3071 3491 O.
3105 3434 3218 3503 Pr.‚

587 3522 658 3579 ad
692 3540 739 3581 0.
765 3533 865 3593 34,
901 3524 996 3581 0111
1028 3523 1387 3582 immortuus
1420 3518 1552 3604 est).
1587 3524 1670 3581 De
1702 3541 1770 3581 οο
1790 3522 1878 3581 ait
1939 3529 2136 3592 1633;
2171 3523 2544 3581 directorium
2575 3524 2948 3582 conscientiae
2964 3523 3024 3580 F.
3050 3522 3218 3581 Joan.

590 3612 908 3671 Calmet:
947 3613 1457 3687 ,Brevisquidem
1479 3618 1586 3682 est,
1617 3613 1718 3671 sed
1742 3631 1874 3687 per·
1931 3610 2003 3667 de
2050 3610 2106 3667 la
2139 3612 2353 3682 Cruz,
2413 3621 2613 3682 16323
2665 3612 2820 3670 Guil.
2868 3611 3110 3687 Pepin
3155 3613 3219 3670 in

589 3700 798 3759 doctus
848 3703 1065 3777 planus
1105 3706 1165 3759 et
1214 3700 1500 3776 locuples,
1553 3701 1615 3759 in
1666 3720 1783 3777 quo
1832 3721 1875 3762 e.
1931 3700 2257 3757 universam
2322 3701 2588 3760 Genesim
2647 3703 2930 3774 eoepositio
2992 3701 3218 3759 absolu·

590 3789 930 3864 Scripturae
964 3790 1213 3847 literalis
1250 3808 1458 3848 sensus
1505 3808 1572 3849 ac
1623 3790 1876 3865 sparsim
1930 3790 2179 3864 tissima,
2240 3797 2403 3851 1634
2456 3791 2520 3848 in
2573 3801 2630 3852 4.
2706 3791 2930 3849 Labore
2981 3789 3221 3866 proprio

591 3877 920 3951 spiritualis
943 3887 1005 3935 et
1023 3878 1312 3953 mysticus
1333 3878 1594 3955 genuine
1614 3881 1676 3936 et
1698 3880 1877 3954 juxta
1930 3877 2240 3953 evulgavit
2270 3878 2662 3937 Resolutiones
2702 3880 3036 3956 theoloqieas
3074 3875 3207 3938 illu-

591 3982 665 4021 53.
728 3968 970 4039 patrum
1031 3969 1293 4023 mentem
1355 3967 1644 4028 eruitur}
1731 3968 1874 4024 Pro-
1930 3968 2139 4024 strt‘um
2201 3968 2607 4040 difficultatum
2661 3970 3103 4044 contingentium
3153 3967 3218 4025 in

588 4053 830 4110 dierunt
881 4053 1022 4111 haec
1054 4053 1171 4111 duo
1205 4055 1530 4128 posteriora
1573 4056 1876 4114 volumina
1929 4055 2136 4131 Belgio
2167 4056 2231 4114 in
2267 4065 2348 4118 24
2383 4060 2695 4128 tractatus,
2747 4077 2853 4132 per
2884 4076 2981 4132 qq.
3028 4059 3090 4114 et
3121 4075 3215 4114 ar-

1929 4144 2150 4203 ticulos
2195 4145 2436 4216 divisae,
2486 4146 2563 4204 ib.
2604 4155 2805 4216 1653;
2867 4155 3029 4210 1663
3064 4146 3128 4203 in
3159 4145 3215 4212 fs

668 4281 702 4349 ¹)
732 4278 816 4330 lta
842 4279 903 4331 in
924 4279 1048 4348 ejus
1077 4275 1196 4330 vita
1219 4293 1306 4347 op.
1336 4280 1376 4331 t.
1399 4283 1448 4334 5.
1472 4280 1723 4348 praefixa
1749 4295 1875 4332 auc·
1929 4233 2003 4334 in.
2023 4233 2243 4334 ‘lunius
2276 4237 2513 4334 praete?
2546 4234 2667 4294 alia
2685 4235 2956 4311 dispumat
2986 4234 3059 4293 de
3091 4253 3212 4292 ma?

587 4353 703 4403 mre
733 4349 1012 4404 Norbam
1052 4347 1168 4403 d'E
1190 4349 1348 4404 γοα
1367 4367 1503 4418 que
1543 4349 1606 4408 Ο.
1645 4350 1730 4406 pr·
1791 4350 1872 4403 Cf·
1929 4325 2209 4381 tnmonio
2231 4322 2617 4392 clandestmo,
2651 4323 2725 4382 de
2744 4324 2966 4394 duone,
3000 4323 3073 4381 de
3092 4342 3218 4380 ma-

587 4421 689 4475 Th.
717 4422 999 4475 Leuridan
1029 4422 1090 4474 in
1113 4420 1306 4475 Revue
1327 4421 1425 4475 des
1459 4422 1712 4477 Sciences
1738 4421 1872 4475 0001.
1929 4411 2031 4487 gia
2061 4410 2352 4471 diabolica
2383 4416 2445 4470 et
2475 4413 2779 4471 maleficiis
2818 4431 3112 4489 sagarum,
3144 4411 3217 4469 de

587 4495 730 4549 1894
756 4493 825 4558 11,
852 4496 1161 4564 193-2083
1197 4492 1737 4554 289-311;J0urn.
1778 4492 1875 4545 des
1929 4499 2107 4558 variis
2157 4500 2470 4560 ordinibus
2523 4501 2815 4578 religiosis
2863 4505 2971 4561 etc.
3034 4500 3217 4560 Plura

588 4564 1063 4699 εᾶξῦἒέῗῶᾒὲἒ·
1269 4655 1276 4668 ⁴
1482 4634 1493 4646 .
1533 4636 1542 4646 .
1928 4592 2130 4647 tamen
2182 4592 2325 4649 sunt
2369 4588 2432 4647 in
2484 4588 2593 4649 hoc
2638 4609 2829 4667 opere,
2878 4608 3028 4665 quae
3073 4589 3217 4647 lima

1031 4653 1156 4689 men
1198 4638 1578 4704 praetermisit
1615 4653 1698 4700 ea,
1726 4650 1874 4705 quae

588 4705 816 4774 scripsit
839 4706 1049 4761 Silvius
1079 4707 1348 4761 adversus
1376 4707 1655 4762 novitates
1686 4708 1873 4778 janse-

587 4777 802 4830 nianas.
832 4776 914 4830 cf.
944 4777 1126 4832 Feller
1151 4778 1300 4843 Vm,
1327 4782 1431 4835 118
2008 4781 2045 4850 ¹)
2074 4776 2156 4833 Cf.
2185 4778 2449 4847 Foppens
2473 4778 2544 4843 II,
2570 4782 2706 4840 826;
2750 4778 2968 4834 Echatd
3000 4777 3065 4844 ΙΙ,
3092 4781 3215 4834 571.
