3625 5193
468 248 581 301 461
1145 231 1485 287 Huntlaeus.
1518 230 1845 301 Grysaldu8‚
1873 234 2193 298 CattaneuS,
2224 231 2403 284 Razzi.
2959 248 3082 300 462

466 436 694 492 semper
727 417 904 475 laude
953 417 1332 493 Mussiponti,
1366 418 1642 478 Lutetiae
1690 424 1751 479 et
1805 439 1994 479 neus
2044 418 2516 487 MediolanensiS‚
2552 420 2795 493 propter
2826 417 3086 492 pruden-

464 507 837 582 Burdigalae.
871 506 1172 565 Nuncium
1204 508 1594 582 apostolicum
1627 509 1750 585 egit
1805 510 1949 567 tiam
1983 513 2044 567 et
2074 506 2443 584 gubernandi
2482 506 2891 564 dexteritatem
2927 507 3086 564 ordi-

466 595 526 653 in
585 595 891 664 Hibernia,
957 595 1174 653 Christi
1241 597 1631 656 confessorem
1685 598 1748 655 in
1804 599 1899 656 nis
1920 598 2257 674 provinciae
2289 615 2395 671 per
2410 595 2776 671 Hungariam
2793 596 3086 670 praeposi-

465 684 678 760 Anglia
712 688 773 742 et
805 683 1015 752 Scotia,
1063 684 1169 742 ubi
1217 703 1477 744 carceres
1523 690 1585 744 et
1617 687 1746 745 vin-
1802 691 1921 756 tua,
1956 706 2132 762 quem
2165 686 2648 761 archiepiscopus
2688 683 3086 760 salisburgen-

465 773 596 831 cnla
645 791 962 848 perpessus
1013 774 1179 850 regia
1227 776 1575 850 cognatione
1637 776 1745 833 im-
1805 777 1886 834 sis
1906 776 2294 852 Wolfgangus
2314 773 2708 832 Theodoricus
2741 773 2893 830 tanti
2927 773 3082 841 fecit,

463 862 798 936 punitatem
873 861 1085 921 virtuti
1172 863 1462 940 largiente
1538 865 1743 923 evasit.
1802 868 1875 923 ut
1905 884 2041 924 eum
2073 863 2240 939 prius
2272 864 2614 940 theologum
2668 861 2780 920 sibi
2812 862 3087 939 selegerit

466 950 706 1008 Daniam
740 969 978 1026 quoque
1009 954 1070 1009 et
1103 951 1475 1011 Germaniam
1509 972 1574 1011 ac
1605 953 1744 1011 reli-

463 1058 637 1114 quam
689 1039 810 1097 fere
841 1040 1138 1115 Europam
1188 1040 1535 1117 plerumque
1566 1042 1745 1117 pedes

463 1127 634 1186 homo
684 1127 747 1185 id
798 1128 1026 1198 aetatis,
1091 1129 1438 1200 nobilitatis,
1501 1131 1745 1190 virtutis

463 1216 814 1293 peragravit,
847 1219 918 1274 ut
948 1235 1073 1274 rem
1106 1218 1460 1277 catholicam
1478 1239 1740 1295 praeser-

461 1305 568 1363 tim
603 1305 666 1362 in
700 1305 909 1375 Scotia,
935 1307 1030 1364 cui
1051 1307 1316 1365 missioni
1338 1308 1445 1366 diu
1467 1309 1741 1385 praefuit,

460 1399 845 1468 promoveret.
865 1394 1028 1453 Obiit
1038 1396 1285 1454 Parisiis
1305 1398 1552 1473 16.Apr.
1577 1408 1649 1460 16
1662 1407 1739 1459 20

459 1501 610 1541 anno
646 1483 859 1541 aetatis
899 1494 997 1546 79.
1030 1484 1260 1542 Edidit:
1314 1485 1741 1545 Controversia-

461 1591 588 1629 rum
651 1573 1004 1631 christianae
1061 1575 1197 1646 fidei
1245 1575 1523 1634 adversus
1571 1577 1744 1650 hujus

459 1663 730 1735 temporis
790 1661 1102 1720 haereticos
1162 1664 1413 1735 epitome,
1469 1665 1741 1725 Coloniae

467 1759 627 1812 1620
673 1755 715 1806 1.
771 1759 805 1811 3
856 1750 918 1808 in
967 1759 1021 1813 8.
1068 1751 1155 1813 ed.
1207 1761 1261 1811 2.
1293 1785 1379 1795 —
1414 1753 1740 1811 Guilelmus

458 1838 964 1897 Patrisonius
998 1835 1339 1923 (Paterson)
1375 1841 1439 1899 Ο.
1474 1842 1528 1900 S.
1563 1844 1737 1919 Aug,

458 1927 684 1995 ScotuS,
747 1927 913 2003 typis
974 1928 1137 1986 dedit
1211 1929 1328 1988 The
1389 1929 1742 1990 Protaestants

463 2016 752 2091 Theoloyie
783 2017 1132 2093 containing
1148 2018 1250 2075 the
1267 2019 1421 2077 True
1439 2020 1739 2079 Solutions

456 2104 570 2162 and
604 2104 880 2162 Grounds
899 2105 967 2162 of
979 2107 1253 2182 Religion
1273 2108 1393 2165 this
1414 2108 1527 2184 day
1547 2109 1739 2166 main-

458 2193 677 2268 teyned
742 2193 858 2250 and
917 2194 1279 2254 intrincated
1331 2197 1577 2255 betwixt
1639 2198 1739 2255 the

456 2281 825 2340 Protestants
854 2284 969 2340 and
986 2284 1319 2343 Catholicks
1339 2282 1738 2364 (Mechliniae)

465 2379 646 2431 1620.
712 2403 797 2412 ——
859 2371 1162 2431 Hibernas
1227 2378 1355 2431 erat
1416 2375 1738 2432 Richardus

456 2459 919 2536 Stanihurst
953 2457 1013 2541 (†
1053 2458 1267 2544 1618).

552 2648 689 2698 197.
724 2636 1019 2705 Quosdam
1062 2641 1240 2699 etiam
1287 2642 1464 2699 Italia
1512 2642 1737 2699 submi-

455 2727 568 2796 sit;
616 2726 828 2784 horum
858 2730 980 2786 tres
1029 2729 1192 2787 fuere
1224 2749 1293 2787 ex
1327 2730 1531 2788 ordine
1564 2732 1737 2789 Prae-

453 2814 811 2874 dicatorum:
864 2818 1088 2876 Paulus
1140 2818 1586 2894 Grysaldus,
1633 2840 1737 2894 pa-

451 2904 567 2961 tria
599 2905 948 2975 PerusinuS‚
983 2925 1159 2978 quem
1190 2908 1418 2965 Echard
1456 2905 1554 2987 (H,
1582 2904 1735 2987 369)

452 3012 697 3068 magnae
748 2999 810 3052 et
860 2993 1183 3054 laboriosae
1233 2996 1505 3054 lectionis
1552 2996 1736 3055 fuisse

449 3082 723 3152 testatur,
772 3082 875 3140 sed
921 3102 1042 3141 non
1090 3084 1178 3142 ita
1220 3085 1478 3142 absoluti
1514 3085 1736 3142 criterii

454 3166 513 3249 (†
554 3168 764 3250 1609).
798 3172 1078 3231 Prostant
1105 3174 1235 3247 ejus
1256 3174 1587 3231 Decisiones
1602 3174 1737 3246 fidei

450 3260 752 3317 catholic-ae
782 3267 832 3317 et
863 3262 1208 3334 apostolicae
1252 3282 1321 3320 ex
1354 3281 1431 3320 88.
1466 3262 1733 3337 Scriptu-

451 3365 671 3417 rarum,
693 3348 788 3405 bb.
805 3367 946 3407 rom.
962 3350 1308 3424 pontificum
1321 3351 1733 3426 diplomatum,

449 3454 522 3497 ss.
556 3436 942 3495 conciliorum
976 3439 1242 3497 fontibus
1288 3460 1351 3497 ac
1395 3444 1733 3498 sanctorum

449 3526 634 3600 gestis
669 3525 953 3584 deductae
999 3532 1060 3585 et
1105 3528 1168 3585 in
1214 3547 1333 3586 uno
1365 3529 1733 3604 alphabetico

450 3613 654 3671 ordine
703 3614 998 3686 collectae,
1047 3616 1265 3691 quibus
1312 3617 1641 3675 infidelium
1675 3621 1736 3675 et

450 3703 968 3762 mohammedanae
1002 3710 1195 3764 sectae
1229 3725 1476 3775 πῖθι-88,
1513 3706 1732 3764 Judae-

448 3808 615 3848 orum
647 3792 895 3866 perfidia
927 3798 988 3851 et
1008 3794 1294 3864 haereseS,
1331 3814 1482 3867 quae
1498 3795 1570 3853 ab
1592 3795 1733 3852 orbe

448 3880 680 3938 condito
713 3880 776 3939 in
810 3881 1026 3940 Christi
1057 3882 1372 3941 Ecclesiam
1410 3888 1554 3941 sunt
1568 3902 1732 3959 gras-

449 3973 624 4038 satae,
659 3970 1061 4040 confutantur,
1109 3976 1288 4046 atque
1335 3992 1367 4029 a
1413 3972 1578 4030 falsis
1623 3972 1732 4029 irn—

446 4058 709 4132 posturis
743 4059 1114 4118 inimicorum
1130 4060 1419 4118 Ecclesiae
1435 4061 1579 4119 fides
1603 4061 1732 4119 vin-

446 4145 680 4205 dicatur
712 4151 773 4205 et
803 4151 1237 4223 propugnatur,
1273 4149 1536 4207 Venetiis
1567 4158 1728 4211 1582

445 4234 506 4292 in
529 4246 565 4297 4
585 4257 598 4305 ;
630 4248 700 4299 15
715 4245 814 4301 87;
836 4237 890 4294 ei
908 4236 1070 4312 operi
1103 4238 1367 4295 insertus
1387 4241 1479 4296 est
1498 4239 1734 4295 »ereneus

445 4328 646 4382 contra
679 4326 944 4384 Graecos.
965 4359 1043 4368 —
1073 4325 1456 4384 Sebastianus
1481 4327 1568 4385 Ca
1587 4331 1654 4385 tt
1671 4347 1732 4384 a·

443 4495 675 4619 {azione
702 4495 792 4549 del
818 4496 1053 4551 Decreto
1097 4498 1155 4551 di
1185 4497 1478 4561 Grazian0‚
1505 4498 1607 4552 che
1636 4498 1729 4550 ab·

480 4565 628 4620 iamo
654 4568 716 4620 in
743 4586 782 4626 s,
810 4567 1031 4631 Fedele‚
1071 4568 1356 4622 dettatura
1396 4568 1490 4621 del
1535 4573 1728 4621 nostro

443 4636 502 4689 P.
528 4639 644 4693 JaC.
674 4638 902 4692 Gordon
930 4637 1176 4693 Huntleo
1206 4640 1430 4693 Scozese
1471 4639 1529 4691 in
1561 4639 1730 4694 Pont-

442 4708 759 4833 a-Nssoulssou
786 4709 936 4780 negli
963 4711 1095 4763 anni
1124 4714 1278 4776 1580,
1304 4713 1391 4773 81,
1412 4713 1498 4774 82,
1517 4714 1604 4767 83.
1627 4711 1729 4763 che

443 4779 502 4832 vi
553 4797 589 4832 u
640 4783 869 4836 ettore.“

1801 973 1868 1013 ac
1898 953 2213 1029 pastoralis
2226 951 2647 1010 sollicitudinis
2665 950 3082 1009 administrum

1801 1048 1863 1101 et
1893 1042 2240 1118 adjutorem,
2288 1041 2523 1099 demum
2574 1039 2646 1098 ad
2680 1040 3084 1115 episcopatum

1800 1132 2195 1190 chiemensem
2239 1128 2603 1204 promoverit
2636 1123 2883 1208 (1589),
2928 1129 3085 1186 unde

1802 1241 1838 1279 a
1869 1221 2167 1279 Clemente
2198 1218 2355 1278 VIII.
2391 1219 2463 1277 ad
2496 1217 2792 1275 eccleciam
2824 1217 3083 1293 vigleva-

1799 1305 2103 1388 nensem1)
2155 1308 2482 1366 translatus
2534 1310 2626 1364 est
2678 1301 2738 1384 (†
2791 1315 2890 1368 28.
2941 1309 3084 1380 Apr.

1806 1411 1832 1461 1
1850 1408 1971 1461 609
1993 1418 2042 1456 a.
2059 1398 2272 1455 aetatis
2294 1392 2420 1477 64).
2453 1395 2657 1453 Edidit
2672 1399 2905 1468 praeter
2938 1395 3084 1453 alia:

1798 1488 2182 1546 Euchiridion
2214 1486 2286 1544 de
2320 1484 2703 1545 sacramentis
2736 1484 2810 1543 N.
2832 1483 2912 1552 L.,
2948 1503 3082 1542 cen-

1800 1576 1958 1634 suris
1990 1575 2402 1634 ecclesiasticis
2454 1574 2641 1647 deque
2688 1573 2897 1646 primis
2932 1573 3085 1631 chri-

1799 1665 2025 1723 stianae
2073 1664 2377 1739 religionis
2422 1662 2811 1730 rudimentis;
2860 1662 3086 1720 accedit

1797 1753 1995 1812 brevis
2028 1753 2302 1811 doctrina
2333 1752 2622 1810 catholica
2663 1769 2841 1824 super
2872 1752 3084 1810 errori-

1798 1842 1912 1900 bus
1964 1842 2229 1900 moderni
2282 1840 2586 1915 temporis,
2621 1839 2856 1897 Patavii
2898 1849 3083 1907 1584,

1797 1933 1968 2004 cujus
2019 1931 2130 1988 alia
2181 1933 2472 2003 auctaque
2524 1929 2707 1986 editio
2758 1928 2998 1986 videtur
3047 1928 3085 1986 l.

1797 2020 2154 2094 inscrIptus:
2192 2019 2574 2076 Euchiridion
2606 2036 2823 2091 eorum,
2857 2020 3086 2093 quaein

1797 2111 2238 2166 controversiam
2315 2104 2619 2181 vocantur,
2731 2105 3084 2181 Ingolstadii

1809 2207 1967 2259 1589
2004 2197 2064 2253 in
2102 2206 2170 2266 ὃς
2204 2197 2535 2268 Explicatio
2568 2194 2631 2250 in
2665 2194 3083 2252 catechismum

1795 2304 2124 2353 romanum,
2159 2285 2235 2341 ib.
2280 2294 2472 2353 159ος
2508 2282 2810 2340 Summum
2841 2301 3081 2340 casuum

1794 2375 2185 2448 conscientiae,
2236 2373 2297 2429 in
2344 2391 2460 2447 qua
2507 2372 2767 2429 breviter
2811 2389 2877 2428 ac
2911 2372 3083 2447 plane

1796 2463 1977 2521 dubia
1997 2462 2069 2519 ad
2092 2465 2247 2519 certa
2270 2461 2460 2535 capita
2481 2460 2686 2518 ordine
2710 2459 3082 2534 alphabetico

1795 2555 2031 2611 revocat
2079 2559 2259 2627 atque
2291 2550 2556 2620 resolvit,
2604 2548 2871 2607 Tridenti
2917 2557 3079 2611 1592

1795 2643 1859 2701 in
1893 2651 1948 2713 83
1992 2652 2175 2710 1600;
2219 2650 2403 2709 1603;
2436 2639 2666 2697 Brixiae
2707 2648 2891 2701 1609.
2924 2640 3081 2696 Aue-

1795 2735 1892 2789 tor
1923 2749 2139 2807 quoque
2169 2729 2389 2787 dicitur
2408 2729 2653 2802 catuloqi
2684 2729 3081 2802 episcoporum

1794 2821 2214 2879 chiemensium.
2263 2817 2368 2891 qui
2417 2817 2713 2892 reperitur
2760 2816 2822 2873 in
2855 2816 3084 2892 Mezger

1795 2909 2041 2966 historia
2091 2907 2527 2982 salisburgensi.
2579 2939 2665 2948 —-
2718 2905 3079 2980 Seraphinus

1795 2996 2019 3054 Razzi
2097 2993 2303 3076 (latine
2365 2990 2629 3072 Bactius)
2703 2994 2744 3050 F
2749 2995 3081 3052 lorentinus

1794 3082 2134 3167 (1531—0.
2191 3081 2384 3164 1613)
2432 3084 2524 3140 vir
2567 3081 2835 3163 evasit2)‚
2885 3084 3082 3158 inquit

1793 3174 2021 3232 Echard
2073 3170 2176 3252 (ΙΙ,
2216 3170 2384 3253 386),
2442 3172 2749 3240 „omnium
2798 3173 3077 3247 partium,

1793 3265 1993 3321 orator
2039 3268 2099 3319 et
2131 3266 2305 3337 poeta
2349 3264 2606 3333 utraque
2654 3260 2857 3336 liugua
2893 3262 3081 3318 latina

1792 3355 1854 3410 et
1871 3356 2110 3410 etrusca
2125 3350 2378 3426 elegans
2413 3350 2820 3424 philosophus,
2855 3350 3077 3407 mathe—

1792 3440 2143 3497 maticarum
2176 3439 2346 3497 etiam
2381 3438 2629 3512 perituS,
2665 3437 2979 3512 theologus
3014 3438 3075 3495 in

1790 3528 1964 3587 nodis
1998 3548 2115 3603 qua
2161 3527 2542 3602 speculativis
2588 3545 2706 3599 qua
2752 3526 3077 3584 moralibus

1792 3617 2090 3675 solvendis
2152 3617 2348 3673 clarus
2399 3618 2459 3673 et
2504 3614 2832 3690 expeditus,
2895 3615 3075 3673 eccle-

1791 3708 1998 3763 siastes
2030 3709 2156 3762 tota
2174 3705 2351 3762 Italia
2365 3704 2724 3772 nominatus,
2759 3704 3077 3761 historicus

1790 3794 2042 3870 diligens
2076 3798 2136 3851 et
2167 3794 2597 3868 antiquitatum
2630 3792 3074 3851 curiosissimus

1789 3885 2101 3951 scrutator,
2155 3882 2374 3956 pietate
2424 3901 2772 3955 morumque
2824 3882 3073 3957 integri-

1788 3975 1912 4030 tate
1964 3971 2321 4047 spectabilis,
2386 3971 2729 4045 disciplinae
2792 3971 3076 4047 regularis

1791 4060 2285 4127 studiosissimus,
2320 4079 2437 4117 non
2460 4078 2725 4118 morosus
2748 4065 2949 4118 tamen
2970 4077 3076 4117 nec

1868 4287 1907 4354 ¹)
1934 4283 2092 4336 Hanc
2118 4282 2567 4346 translationem,
2608 4284 2772 4351 cujus
2815 4282 3077 4334 meminit

1791 4355 2010 4409 Echard
2059 4356 2124 4417 ΙΙ,
2168 4359 2291 4418 369,
2338 4354 2563 4407 videtur
2588 4355 2874 4423 ignorasse
2914 4352 2968 4403 Μ
2984 4371 3075 4405 ez·

1789 4444 1872 4495 ge
1890 4444 1915 4477 r
1940 4427 2002 4479 in
2028 4443 2130 4478 sua
2156 4425 2285 4479 hist.
2313 4424 2607 4493 salisburg.
2633 4424 2670 4479 l.
2698 4429 2746 4480 5.
2777 4442 2821 4477 c.
2844 4430 2945 4481 10..
2974 4424 3074 4491 qui

1792 4497 2052 4550 nonnihil
2078 4496 2450 4565 aenigmatice
2467 4497 2534 4549 de
2557 4495 2658 4548 hoc
2681 4494 2940 4549 Cattanei
2968 4495 3074 4547 dis-

1789 4586 1944 4622 cessu
1969 4567 2240 4635 loquitur.

1866 4644 1906 4709 ²³)
1935 4639 2070 4708 Ejus
2115 4640 2287 4692 frater
2333 4638 2515 4691 senior
2560 4636 2829 4690 Silvanus
2876 4637 2983 4689 fuit
3009 4638 3071 4690 O.

1791 4709 2042 4765 Camald.
2095 4711 2283 4773 abbas,
2328 4709 2567 4777 scriptor
2609 4713 2667 4762 et
2730 4709 3073 4778 biographus

1791 4782 2005 4851 pariter
2030 4781 2287 4851 diligens
