3625 5193
390 272 473 325 73
1058 253 1361 318 Arboreus,
1389 252 1643 322 Hortola,
1672 252 1888 320 Lorete,
1918 252 2193 308 Martinez
2220 255 2328 307 etc.
2932 270 3010 322 74

392 439 722 499 melitensis
773 439 1059 499 dioecesis
1110 438 1493 511 carnotensis,
1558 439 1673 497 lin·
1733 439 2164 516 Hispaniarum
2198 458 2335 516 rege
2356 438 2691 498 destinatus
2712 433 2773 520 (†
2801 432 3014 518 1566).

389 548 547 607 guae
596 528 902 587 hebraicae
952 528 1252 604 professor
1282 528 1482 604 regius
1513 529 1672 603 pari·
1734 531 1940 587 Annos
1981 538 2055 591 13
2091 532 2283 588 rector
2302 530 2430 587 erat
2463 527 2795 587 academiae
2826 527 3019 585 barci-

396 618 628 686 siensiS,
664 620 898 693 praeter
928 617 1042 676 alia
1061 616 1337 692 reliquit:
1361 618 1458 675 Ad
1477 619 1676 693 mysti·
1735 618 2038 687 nonensiS,
2091 617 2287 677 dictus
2338 637 2373 676 a
2420 617 2693 693 Philippo
2725 617 2800 673 II.
2840 616 3020 674 abbas

396 725 490 766 cos
520 726 567 765 s.
597 707 944 779 Scripturae
962 725 1162 764 sensus
1178 708 1348 764 varia
1367 707 1680 765 dictionum
1735 707 1926 767 Villae
1937 704 2219 765 Bertandi
2239 706 2397 765 OSA.
2415 706 2560 781 Ejus
2578 709 2696 766 est:
2729 706 2804 764 In
2825 704 3021 762 Canti-

392 796 735 874 siynificatio
766 814 900 854 cum
921 795 1419 855 demonstratione
1440 795 1681 856 70561)-
1737 815 1869 855 cum
1898 795 2253 854 canticorum
2284 795 2702 854 dilucidissima
2744 794 3021 868 explana-

392 884 784 944 domadarum
815 884 1097 954 DanieliS,
1146 884 1383 942 Parisiis
1422 893 1585 947 1575
1621 883 1685 941 in
1740 888 1823 945 tio
1854 885 1919 943 in
1949 885 2254 961 Isagogen,
2276 883 2669 959 paraphrasin
2687 887 2748 942 et
2767 894 2798 946 5
2825 886 3022 957 poste·
3139 930 3142 931 ν

401 983 457 1038 8.
493 1009 576 1017 —
625 973 665 1032 J
677 994 710 1033 o
726 994 760 1031 a
774 994 817 1032 n
830 992 872 1031 n
887 993 919 1032 e
936 991 964 1031 s
1009 974 1062 1031 A
1076 992 1107 1031 r
1122 973 1161 1031 'o
1178 992 1212 1031 o
1226 992 1258 1030 r
1272 991 1303 1030 e
1319 993 1361 1032 u
1376 992 1404 1032 s
1437 971 1684 1055 (Alabri,
1742 975 1927 1034 riores
2008 973 2296 1048 plenioris
2370 972 2881 1047 interpretationis
2962 972 3023 1029 ll.

400 1063 475 1121 de
506 1058 764 1144 l'Arbre)
788 1061 1222 1133 LaudunensiS‚
1257 1061 1462 1121 doctor
1482 1061 1682 1121 sorbo·
1742 1063 2099 1133 distributa3
2121 1061 2263 1120 item
2284 1062 2531 1138 Isagoge
2550 1062 2737 1120 totius
2760 1080 2803 1118 s.
2827 1060 3025 1135 Scrip-

400 1153 572 1210 nicus
620 1148 673 1231 (l
695 1161 772 1214 53
784 1148 868 1231 6),
930 1155 1168 1227 praeter
1218 1169 1395 1226 opera
1455 1150 1686 1226 phiolo-
1744 1155 1915 1212 turae
1933 1151 2196 1211 ordinem
2221 1157 2282 1209 et
2301 1151 2590 1209 rationem
2616 1151 3025 1225 complectenS,

401 1241 645 1316 sophica
675 1244 738 1298 et
770 1240 1191 1299 commentaria
1222 1239 1285 1297 in
1305 1238 1691 1298 Aristotelem
1744 1241 2068 1301 Barcinone
2108 1246 2306 1310 15833
2355 1238 2618 1298 Venetiis
2659 1247 2823 1301 1585
2876 1239 2940 1297 in
2973 1247 3027 1298 4.

397 1332 608 1388 auctor
626 1332 718 1387 est
737 1330 947 1389 horum
971 1347 1219 1404 operum
1232 1325 1278 1410 ²)
1297 1352 1311 1389 ε
1336 1329 1691 1402 Theosophia

406 1418 803 1494 complectens
836 1418 1264 1493 expositionem
1297 1418 1558 1477 locorum
1580 1415 1691 1475 dif-

405 1506 723 1565 ficiliorum
756 1506 821 1565 V.
858 1525 924 1565 ac
957 1508 1028 1566 N.
1062 1508 1143 1576 T„
1173 1506 1410 1565 Parisiis
1453 1515 1615 1568 1540
1650 1507 1692 1562 t.

413 1605 447 1657 2
503 1595 565 1653 in
615 1595 653 1658 f.
713 1605 912 1665 15533
966 1596 1423 1654 commentarius
1455 1597 1518 1653 in
1550 1595 1695 1653 Pro·

402 1685 600 1743 verbio
632 1686 976 1757 Salomonis,
1011 1684 1258 1744 Parisiis
1306 1694 1467 1747 1549
1516 1684 1580 1742 in
1624 1683 1696 1754 f.;

410 1776 473 1831 in
509 1773 883 1832 Ecclesiasten
937 1782 987 1832 et
1041 1773 1341 1833 Canticum
1390 1781 1564 1849 cant„
1618 1771 1697 1830 ib.

414 1872 1074 1934 15313153731553;
1115 1863 1699 1939 inIVevanyelistas,

411 1950 649 2009 Parisiis
721 1960 920 2021 1529;
992 1961 1148 2013 1551
1180 1973 1194 2023 3
1257 1951 1587 2026 explanatio
1638 1952 1701 2008 in

409 2059 605 2098 omnes
636 2059 717 2115 ep.
753 2039 928 2098 Pauli
958 2040 1119 2099 edita
1152 2040 1217 2099 in
1236 2040 1637 2116 Theosophiae
1655 2042 1699 2096 t.

411 2128 541 2198 111„
575 2128 819 2187 Parisiis
860 2138 1023 2193 1553
1060 2129 1124 2187 in
1149 2128 1186 2191 f.
1211 2129 1444 2188 Obiisse
1463 2128 1704 2187 videtur

410 2227 684 2279 c.1569.

513 2440 612 2492 35.
646 2431 730 2488 Ex
764 2429 1054 2503 Hispanis
1083 2430 1287 2504 plures
1319 2429 1609 2489 adducere
1628 2429 1704 2486 li·

414 2525 529 2590 cet,
554 2520 829 2592 quamvis
860 2523 922 2577 et
953 2518 1068 2594 ipsi
1098 2538 1218 2578 non
1250 2522 1418 2577 tanta
1448 2518 1705 2578 nominis

417 2609 719 2686 gaudeant
739 2608 1098 2668 celebritate.
1128 2608 1365 2667 Cosmas
1386 2609 1705 2667 Damianus

417 2699 472 2756 H
490 2717 525 2756 o
543 2718 573 2755 r
588 2705 614 2755 t
630 2717 671 2756 u
692 2697 814 2756 lan
830 2717 934 2767 ue,
964 2697 1143 2774 vulgo
1163 2697 1415 2756 Hortola
1438 2716 1562 2756 can.
1583 2715 1704 2772 reg.

416 2805 464 2845 e.
519 2789 690 2862 Aug,
744 2786 1242 2862 Perpinianensis‚
1307 2786 1412 2862 qui
1465 2784 1705 2861 juvenis

423 2885 497 2939 21
539 2896 586 2933 a.
613 2876 739 2951 jam
773 2875 1079 2933 adhibitus
1112 2874 1231 2933 fuit
1260 2875 1455 2934 socius
1493 2873 1709 2933 laboris

416 2965 485 3023 in
515 2965 757 3022 edendis
789 2963 990 3022 bibliis
1035 2964 1389 3040 polyglottis
1443 2963 1708 3039 complu·

417 3053 710 3112 tensibuS.
776 3053 1103 3112 Barcinone
1165 3053 1706 3129 metaphysicorum

421 3141 761 3201 Aristotelis
796 3142 999 3210 libros,
1035 3141 1174 3200 dein
1207 3160 1252 3200 s.
1286 3142 1538 3200 Thomae
1571 3158 1709 3200 con-

420 3231 738 3299 clusioneS,
787 3230 1044 3306 denique
1094 3249 1136 3288 s,
1171 3230 1506 3304 Scripturae
1538 3230 1707 3288 volu-

423 3320 588 3377 mina
633 3319 874 3394 publice
919 3322 1014 3378 est
1055 3319 1486 3394 interpretatus
1533 3321 1595 3375 et
1638 3317 1710 3376 ad

421 3408 723 3484 synodum
755 3408 1147 3466 tridentinam
1194 3409 1305 3466 sub
1357 3407 1458 3466 Pio
1489 3407 1585 3466 IV.
1637 3406 1711 3464 ab

428 3668 578 3722 alios
604 3671 780 3737 1564).
810 3700 876 3708 —
902 3665 1234 3722 Ambrosius
1261 3666 1316 3718 M
1333 3666 1437 3719 ile
1454 3665 1567 3719 tiu
1585 3683 1610 3719 s
1648 3663 1711 3720 Ο.

428 3739 568 3793 Min.
598 3738 900 3808 theologus
942 3738 1288 3808 parisiensis,
1315 3736 1416 3806 qui
1442 3740 1511 3791 ut
1534 3753 1713 3807 popu·

425 3812 549 3865 lum
577 3813 885 3863 trecensem
920 3825 955 3862 a
996 3809 1322 3863 calviniana
1347 3808 1568 3862 haeresi
1594 3808 1714 3861 vin·

424 3882 646 3935 dicaret
668 3880 965 3934 insudavit
1006 3881 1067 3934 in
1114 3879 1468 3950 explicandis
1495 3896 1559 3933 ex
1586 3897 1713 3949 sug-

420 3954 586 4023 gesto
631 3951 1056 4006 difficilioribus
1101 3970 1142 4006 s.
1188 3952 1513 4021 Scripturae
1558 3950 1713 4017 locis,

426 4025 638 4093 quibus
666 4023 1014 4077 Calvinistae
1039 4023 1442 4076 abutebantur.
1469 4022 1621 4076 Hinc
1634 4038 1715 4076 re·

430 4094 610 4163 liquit
669 4094 1078 4149 commentaria
1127 4094 1190 4147 in
1240 4093 1619 4164 Evangelium
1672 4111 1715 4151 s.

430 4165 710 4222 Matthaei
736 4169 795 4219 et
818 4164 881 4218 in
908 4181 998 4235 ep,
1025 4183 1070 4222 s.
1096 4164 1265 4220 Pauli
1292 4165 1367 4236 (fl.
1395 4168 1572 4223 1575).

505 4241 544 4306 Ι)
572 4239 659 4291 On
687 4239 826 4306 peut
848 4236 986 4290 tirer
1011 4237 1309 4306 beaucoup
1337 4237 1404 4290 de
1430 4236 1603 4307 profit
1620 4234 1717 4289 des

427 4325 665 4362 oeuvres
691 4308 760 4363 de
785 4310 876 4362 cet
897 4306 1090 4362 habile
1128 4308 1474 4377 theologien,
1503 4322 1634 4376 sage
1661 4309 1720 4360 et

428 4380 658 4434 modere
685 4379 825 4434 dans
852 4395 939 4433 ses
957 4378 1306 4442 sentimenta,
1333 4379 1435 4433 net
1457 4381 1517 4432 et
1538 4377 1718 4448 precis

430 4450 577 4504 dans
604 4468 690 4506 ses
715 4448 1084 4520 expressions.
1129 4451 1217 4504 lta
1242 4449 1482 4519 Rigault
1504 4449 1565 4502 in
1593 4448 1717 4502 Dic·

431 4522 572 4576 tion.
622 4523 691 4576 de
740 4522 800 4576 la
849 4521 1008 4575 Bible
1057 4521 1144 4575 ed.
1186 4521 1520 4592 Vigouroux
1560 4519 1719 4573 Paris

431 4595 656 4676 189521’
684 4597 807 4651 888.
858 4591 1021 4645 Rich.
1062 4591 1258 4648 Simon
1286 4591 1431 4647 Hist.
1471 4592 1593 4645 crit.
1621 4592 1718 4646 des

430 4681 772 4805 ἓέὲῗῗὲὲἶᾙ
780 4664 1717 4805 mi⁰¹³¹¹2³gi¹3{·.‚3113320¹‡ffi{?m?321

430 4811 742 4878 exegetarn.
773 4806 856 4862 Cf.
873 4751 1048 4860 &gret
1073 4806 1138 4872 ll,
1170 4813 1237 4864 75
1264 4825 1305 4860 S.

1750 1332 1833 1390 De
1896 1348 2015 1404 quo
2079 1346 2257 1404 opere
2337 1327 2427 1386 ita
2489 1327 2703 1387 statuit
2764 1328 3029 1386 Andreas

1750 1417 2207 1478 Schottusin
2227 1417 2369 1476 bibl.
2388 1416 3033 1493 hisp.:,Hebraeorum

1750 1512 2210 1582 sanctorumque
2272 1510 2510 1581 patrum
2572 1505 2768 1565 omnia
2839 1500 3030 1585 (sunt)

1750 1598 1938 1657 tincta
1986 1594 2335 1670 disciplima,
2386 1594 2608 1670 quibus
2659 1594 2811 1653 nihil
2858 1595 2922 1652 in
2968 1612 3035 1651 eo

1752 1704 1967 1764 genere
2018 1684 2307 1760 scriptum
2341 1683 2463 1742 vidi
2501 1682 2853 1753 accuratim,
2902 1702 3034 1741 cum

1757 1796 1791 1834 a
1822 1774 2126 1835 veteribus
2160 1773 2400 1849 graecis,
2434 1772 2707 1849 Origene,
2750 1773 3036 1848 NyesenO,

1760 1862 2183 1940 Olympiodoro
2247 1861 2600 1931 discesseris,
2667 1860 2824 1935 quod
2887 1860 3038 1920 nihil

1759 1972 1881 2012 non
1915 1971 1983 2011 ex
2019 1950 2357 2010 divinarum
2385 1950 2690 2009 literarum
2741 1950 3041 2026 myrothe-

1761 2042 1851 2101 cio
1884 2040 2156 2100 hauserit
2205 2042 2265 2098 et
2301 2059 2432 2098 cum
2486 2039 2539 2096 (1.
2588 2038 2835 2097 Joannis
2887 2040 3043 2114 Apo-

1761 2130 1991 2207 calypsi
2025 2128 2347 2204 diligenter
2398 2128 2811 2203 compararit‘
2858 2127 3041 2196 Quam

1763 2222 1826 2278 in
1880 2218 2116 2277 laudem
2169 2216 2272 2275 alii
2321 2210 2777 2275 concinunt.⁹—
2824 2216 3049 2291 Gaspar

1761 2308 1807 2366 G
1825 2326 1946 2366 raz
1962 2326 2040 2364 ar
2061 2308 2496 2364 commentatus
2516 2308 2610 2364 est
2639 2304 3046 2363 Michaeam

1757 2397 2128 2473 prophetam,
2170 2393 2553 2452 Salmanticae
2592 2402 2775 2455 1570.
2809 2426 2894 2436 —-
2929 2393 3037 2452 Eo·

1759 2485 1894 2544 dem
1926 2504 1973 2542 a.
1994 2482 2322 2542 Barcinone
2341 2482 2739 2558 Hieronymus
2770 2482 3040 2540 Lorete

1762 2569 2101 2655 (Lauretus)
2153 2571 2218 2634 Ο.
2271 2571 2324 2630 S.
2376 2570 2591 2631 Bened.
2653 2570 3039 2641 castellantia,

1763 2662 2149 2722 cervariensis
2181 2661 2366 2720 abbas
2399 2679 2443 2724 a.
2476 2659 2687 2719 Felicis
2735 2660 3041 2735 guixolen-

1764 2753 1845 2812 sis
1877 2752 1942 2809 in
1974 2753 2166 2810 lucem
2197 2750 2394 2808 emisit
2421 2750 2683 2808 fructum
2717 2748 2935 2807 laboris
2959 2758 3038 2810 30

1762 2859 2054 2899 annorum
2094 2840 2308 2898 Silvam
2343 2839 2755 2914 alleyoriarum
2798 2839 2970 2896 totius
2998 2858 3042 2895 8.

1765 2930 2107 3004 Scripturae
2125 2931 2390 3005 mysticos
2408 2928 2531 2992 eius
2549 2946 2748 2985 sensus
2765 2934 2816 2984 et
2834 2944 3042 3003 mayna

1764 3038 1837 3078 ea:
1859 3025 2032 3093 parte
2079 3018 2330 3075 literales
2371 3018 2818 3091 complectentem
2824 3036 2849 3089 ,·
2893 3034 3044 3089 quae

1765 3109 1985 3166 iterum
2033 3105 2255 3181 prodiit
2301 3105 2562 3164 Venetiis
2615 3113 2815 3172 1575;
2876 3112 3040 3166 1587

1764 3217 1819 3255 v.
1876 3205 1909 3258 2
1962 3195 2025 3253 in
2079 3204 2149 3266 4;
2200 3194 2441 3252 Parisiis
2515 3202 2711 3262 15843
2775 3191 3045 3251 Coloniae

1767 3284 2133 3362 Agrippinae
2173 3293 2358 3354 1701,
2405 3301 2523 3358 quo
2577 3300 2748 3357 opere
2798 3285 3045 3339 conatus

1767 3378 1857 3433 est
1889 3372 2167 3448 amplecti
2199 3372 2411 3441 omnia,
2441 3372 2505 3429 in
2549 3372 2770 3445 quibus
2816 3369 3045 3443 aliquid

1766 3462 2082 3538 allegoriae
2162 3461 2476 3535 scriptores
2559 3459 2791 3535 alcujus
2871 3462 3045 3517 notae

1766 3544 2198 3628 invenerantl)
2245 3581 2315 3592 -
2362 3548 2653 3605 Martinus
2703 3547 3046 3604 Martinez

1768 3638 2247 3714 Cantapretensis
2294 3636 2564 3711 scripsit:
2611 3635 3046 3712 Hypotyposeon

1768 3729 2212 3803 theoloyicarum
2261 3728 2375 3783 sive
2423 3726 2757 3803 reqularum
2821 3726 2899 3782 ad
2959 3725 3048 3781 de·-

1767 3820 1933 3876 m‘nas
1963 3818 2289 3891 scripturas
2319 3815 2714 3890 intelliqendas
2745 3813 2804 3871 ll.
2830 3814 2896 3880 X,
2921 3812 3045 3870 Sal-

1770 3906 2060 3965 manticae
2113 3913 2274 3966 1565
2325 3903 2387 3961 in
2432 3904 2471 3961 f.
2520 3904 2646 3971 ,Ac
2691 3921 2832 3961 sane
2878 3901 3046 3969 liber,

1770 3994 1972 4070 inquit
2004 3989 2438 4072 Possevinusff),
2479 3995 2571 4050 est
2602 3991 2891 4059 eruditus,
2946 3989 3046 4048 sed

1772 4084 2060 4161 legendus
2092 4083 2211 4153 ille,
2246 4082 2350 4156 qui
2394 4102 2442 4143 a.
2492 4081 2669 4157 hujus
2718 4079 2899 4139 seculi
2949 4087 3046 4142 82.

1773 4172 2164 4232 Salmanticae
2225 4188 2475 4229 excusus
2525 4174 2632 4239 est,
2682 4169 2843 4244 prior
2891 4168 3050 4226 enim

1771 4262 1952 4320 editio
1984 4262 2047 4319 in
2095 4260 2287 4318 indice
2336 4262 2427 4317 est
2459 4259 2747 4317 librorum
2787 4256 3050 4332 prohibi-

1770 4355 1987 4418 torum,
2021 4350 2163 4407 haec
2195 4366 2332 4406 vero
2364 4349 2693 4424 expurgata
2723 4364 2863 4403 cura
2881 4346 3049 4402 theo-

1771 4440 2044 4516 logorum
2096 4436 2506 4511 inquisitionis
2568 4436 2905 4511 hispanae.‘
2980 4434 3050 4491 In

1850 4670 1887 4729 ι)
1916 4662 1999 4715 Of.
2039 4661 2419 4732 Ziegelbauer,
2459 4658 2743 4713 Historiae
2783 4656 2861 4711 rei
2901 4656 3051 4710 liter.

1773 4734 1892 4789 ord.
1921 4733 1972 4787 S.
2001 4733 2208 4788 Bened.
2237 4751 2291 4802 p.
2319 4737 2369 4788 2.
2396 4750 2443 4788 c.
2471 4736 2520 4787 1.
2548 4749 2589 4785 s.
2616 4735 2665 4785 5.

1846 4809 1890 4876 ²)
1919 4804 2063 4858 Bibl.
2090 4803 2188 4857 sel.
2215 4804 2250 4857 l.
2276 4808 2308 4860 2
2336 4819 2382 4857 c.
2411 4806 2495 4868 15,
2524 4805 2610 4859 18.
