3625 5193
575 269 700 323 679

568 436 848 496 societate
879 436 919 495 J
921 454 1025 496 esu
1059 435 1315 495 ineunda
1333 436 1632 512 cogitavit,
1652 436 1845 494 illam·

568 546 684 601 que
714 544 918 584 revera
951 529 1115 601 patre
1146 544 1254 601 per
1271 543 1494 584 annum
1514 525 1847 584 reluctante

570 625 669 677 20.
705 616 864 690 Sept.
901 625 1065 678 1560
1102 617 1193 672 est
1235 614 1556 690 ingressus.
1606 614 1679 672 In
1722 614 1845 673 col-

565 704 721 780 legio
771 721 1010 762 romano
1058 722 1164 779 per
1211 703 1537 762 triennium
1583 703 1844 778 philoso-

564 794 732 868 phiae
765 792 987 870 insigni
1018 811 1151 851 cum
1185 791 1455 868 profectu
1475 811 1713 868 operam
1741 791 1844 851 de-

562 882 668 951 dit,
705 882 844 941 licet
886 881 1132 951 infirma,
1165 881 1283 939 imo
1316 881 1629 956 desperata
1660 899 1845 956 prope

561 971 900 1030 valetudine
931 974 1219 1031 uteretur.
1253 970 1533 1028 Nondum
1552 969 1841 1039 sacerdos,

560 1078 668 1118 nec
691 1060 1021 1137 theologuS,
1045 1078 1256 1137 magno
1277 1078 1412 1118 cum
1435 1058 1634 1118 fructu
1658 1062 1843 1133 atque

560 1150 935 1225 eloquentiae
989 1148 1492 1207 commendatione
1550 1147 1730 1207 variis
1777 1148 1841 1205 in

559 1239 697 1297 locis
728 1238 800 1296 ad
849 1238 1139 1314 populum
1182 1237 1346 1296 dixit.
1395 1237 1623 1296 Patavii
1674 1237 1840 1295 theo·

560 1327 752 1404 legiae
797 1327 1043 1386 vacabat
1089 1323 1317 1407 (1567)
1368 1330 1549 1400 atque
1602 1326 1841 1384 Genuae

559 1434 752 1474 coram
815 1416 1086 1491 patribus
1135 1415 1470 1491 provinciae
1527 1415 1722 1473 theses
1769 1433 1839 1472 ex

559 1504 928 1580 philosophia
957 1509 1136 1579 atque
1154 1503 1455 1580 theologia
1474 1523 1685 1579 magna
1703 1521 1839 1561 cum

557 1594 867 1669 dignitate,
916 1593 1209 1668 sapientia
1266 1595 1444 1667 atque
1504 1592 1839 1650 eruditione

557 1682 794 1757 publice
833 1682 1114 1740 defendit.
1165 1684 1233 1739 A.
1291 1689 1452 1743 1569
1502 1680 1837 1756 praeposito

556 1771 817 1847 generali
871 1773 1183 1829 mandante
1233 1770 1561 1828 Lovanium
1622 1769 1836 1827 latinas

555 1860 864 1918 conciones
923 1860 1240 1918 habiturus
1290 1859 1597 1921 concessit.
1668 1859 1831 1917 Post·

554 1968 734 2023 quam
766 1969 799 2005 a
830 1949 1095 2007 Cornelio
1127 1949 1166 2006 J
1168 1948 1409 2006 ansenio
1434 1947 1697 2006 sacerdos
1717 1948 1836 2006 fuit

552 2037 847 2105 initiatus,
881 2056 1032 2112 opus
1066 2055 1243 2095 suum
1262 2042 1357 2095 est
1375 2055 1688 2112 aggressus
1708 2037 1830 2095 avi-

552 2126 914 2201 dissimeque
973 2126 1345 2195 audiebatur,
1405 2126 1517 2184 etsi
1579 2126 1833 2184 subinde

551 2216 888 2274 concionem
933 2216 1303 2291 protraheret
1348 2215 1495 2274 duas
1540 2215 1603 2274 in
1635 2215 1829 2273 horas.

550 2304 884 2363 Nonnullos
915 2305 1095 2364 etium
1128 2325 1160 2361 a
1188 2323 1328 2363 vera
1371 2304 1484 2362 fide
1528 2304 1723 2362 devios
1755 2303 1828 2361 ad

549 2393 869 2452 Ecclesiam
903 2394 1157 2463 reduxit,
1200 2394 1405 2468 plures
1451 2410 1592 2452 vero
1621 2392 1824 2451 acade-

550 2482 729 2541 micos
776 2482 1012 2541 induxit
1042 2483 1114 2540 ad
1147 2482 1612 2557 amplectendam
1645 2483 1827 2540 vitam

548 2571 897 2648 religiosam.
964 2570 1319 2631 Prodierunt
1369 2571 1475 2629 hae
1519 2570 1827 2630 conciones

548 2660 817 2719 Coloniae
889 2670 1086 2730 16153
1159 2679 1367 2718 verum
1428 2660 1825 2719 Bellarminus

548 2752 905 2824 conquestus
937 2752 1045 2817 est,
1079 2767 1179 2806 eas
1213 2749 1277 2806 in
1309 2749 1415 2808 hac
1438 2748 1695 2808 editione
1715 2750 1824 2808 mi-

545 2856 661 2896 nus
701 2837 957 2896 fideliter
996 2837 1274 2896 exhiberi.
1326 2838 1479 2897 Hinc
1527 2856 1666 2897 cura
1713 2839 1824 2897 Ri-

545 2926 744 2985 verii
807 2944 958 2985 nova
988 2926 1210 3001 prodiit
1257 2927 1468 2986 editio:
1519 2926 1825 2986 Conciones

545 3015 770 3073 habitae
791 3015 1038 3073 Lovam'i
1056 3020 1195 3074 ante
1214 3037 1262 3074 a.
1284 3016 1518 3074 circiter
1540 3026 1641 3087 40,
1662 3035 1823 3075 nunc

541 3119 832 3162 consensu
864 3105 1118 3164 auctoris
1151 3106 1501 3181 publicatae,
1530 3105 1820 3165 cameraci

549 3200 747 3264 16173
781 3193 1050 3253 Coloniae
1080 3203 1241 3256 1617
1265 3196 1372 3253 etc.
1408 3194 1639 3253 Primus
1672 3214 1818 3271 quo-

541 3300 657 3357 que
688 3301 721 3341 e
752 3283 1035 3342 societate
1065 3283 1216 3341 Jesu
1245 3283 1467 3342 ibidem
1500 3303 1543 3341 S.
1564 3285 1820 3342 Thomas

540 3370 845 3430 Summam
875 3371 1221 3448 explicavit:
1263 3372 1402 3431 inde
1433 3373 1497 3430 in
1543 3373 1817 3431 memori-

538 3479 630 3518 am
664 3461 820 3520 tanti
855 3462 965 3520 viri
1010 3461 1301 3530 cathedra,
1351 3479 1468 3534 qua
1512 3462 1814 3531 utebatur,

537 3555 833 3609 asservata
863 3551 983 3609 fuit
1012 3550 1271 3609 Lovanii.
1311 3549 1444 3609 Non
1475 3553 1675 3609 tamen
1721 3550 1815 3608 in·

536 3642 701 3697 terea
718 3639 961 3715 pietatis
983 3639 1253 3697 studium
1271 3639 1696 3715 intermittens,
1712 3658 1815 3698 cu-

535 3728 760 3786 stodiae
793 3727 984 3786 cordis
1013 3746 1194 3802 quam
1233 3728 1484 3786 maxime
1527 3728 1814 3804 advigila-

535 3815 652 3882 bat,
706 3836 779 3875 ne
825 3815 1019 3873 inanis
1067 3816 1286 3892 gloriae
1331 3816 1490 3875 tinea
1535 3817 1811 3875 scientiae

535 3905 731 3963 studio
754 3904 1180 3963 innasceretur.
1214 3904 1304 3961 Ad
1324 3923 1459 3963 eum
1481 3905 1654 3962 finem
1676 3924 1810 3963 con·

534 3993 875 4052 cinnaverat
910 3992 1037 4067 ipse
1081 3991 1196 4050 sibi
1244 3993 1480 4068 regulas
1526 3993 1811 4068 quasdam

537 4081 816 4154 privatas,
844 4082 1021 4155 juxta
1052 4098 1304 4154 quarum
1335 4084 1601 4139 tenorem
1626 4082 1811 4140 vitam

534 4187 698 4227 suam
734 4186 968 4227 omnem
1000 4169 1431 4227 instituendam
1452 4170 1808 4243 decerneret,

534 4276 686 4333 quae
727 4260 862 4332 post
905 4258 1035 4333 ejus
1079 4258 1313 4317 obitum
1363 4257 1521 4319 inter
1565 4260 1809 4320 schedas

531 4350 798 4423 repertae
850 4347 922 4405 ad
971 4346 1218 4407 aliorum
1269 4348 1594 4408 utilitatem
1645 4348 1809 4425 typis

530 4435 839 4494 mandatae
859 4441 1004 4495 sunt
1019 4433 1083 4517 ¹).
1100 4437 1323 4496 Fractis
1344 4441 1543 4496 autem
1564 4443 1810 4513 propter

606 4664 643 4733 ¹)
672 4660 792 4714 Hae
815 4662 1040 4732 regulae
1064 4663 1147 4717 ita
1166 4665 1393 4718 sonant:
1421 4663 1597 4730 „Cum
1617 4679 1809 4734 exper-

527 4734 714 4786 rectus
737 4732 919 4788 lucem
947 4733 1189 4802 primam
1216 4733 1441 4798 videris,
1469 4735 1670 4789 subeat
1693 4736 1810 4788 ani-

529 4821 678 4857 mum
697 4803 982 4873 cogitati0‚
1011 4807 1067 4857 te
1093 4805 1155 4858 in
1176 4806 1283 4858 hac
1300 4806 1422 4859 vita
1438 4806 1810 4875 peregrinari:

1052 255 1422 309 1621—1640.
1449 248 1759 320 Theologia
1780 248 2030 319 positiva
2054 251 2114 303 et
2138 248 2418 319 polemica
2440 249 2503 303 in
2528 249 2712 305 Italia.

3055 268 3180 323 680

1901 435 2169 495 assiduos
2201 436 2391 494 studii
2420 436 2653 494 labores
2673 437 2932 512 corporis
2951 437 3181 496 viribus

1904 525 2161 600 patrium
2196 528 2327 600 post
2375 526 2754 600 septennium
2801 526 3041 601 repetiit
3085 543 3179 584 so-

1901 614 2028 672 lum
2078 608 2324 695 (1576),
2375 614 2567 689 iisque
2615 614 2912 689 reparatis
2965 614 3183 673 Romae

1902 703 2125 778 pariter
2169 703 2400 777 primus
2432 722 2463 761 e
2495 703 2778 761 societate
2821 702 2859 761 J
2863 721 2968 762 esu
3013 722 3180 780 prae-

1900 791 2183 850 lectiones
2214 791 2287 850 de
2318 792 2737 851 controversiis
2757 792 2896 851 fidei
2917 793 3181 868 suscepit

1899 899 2129 939 summa
2160 880 2424 939 omnium
2448 880 2851 940 satisfactione
2869 899 3179 941 accurren-

1897 969 2061 1028 tibus
2092 969 2359 1044 undique
2390 970 2798 1030 auditoribus:
2850 989 3051 1029 earum
3090 970 3178 1029 fa-

1897 1078 1993 1116 ma
2022 1076 2155 1117 mox
2193 1077 2302 1134 per
2343 1059 2617 1118 alumnos
2662 1059 2894 1136 collegii
2947 1078 3175 1136 germa-

1895 1146 2015 1205 nici
2057 1147 2123 1204 in
2167 1147 2448 1206 universa
2487 1148 2800 1206 Germania
2829 1147 3175 1225 divulgaba-

1895 1239 1999 1294 tur
2012 1231 2081 1317 1),
2116 1235 2261 1295 adeo
2295 1240 2364 1294 ut
2394 1236 2791 1295 Bellarminus
2836 1236 3179 1314 adigeretur

1895 1324 2031 1383 illas
2077 1324 2242 1401 typis
2291 1325 2589 1387 mandare.
2657 1326 2794 1384 Non
2841 1325 2928 1384 ita
2976 1330 3176 1385 tamen

1896 1413 2112 1472 studiis
2145 1416 2272 1471 erat
2303 1413 2560 1481 deditus,
2608 1419 2680 1473 ut
2711 1414 3038 1474 animarum
3071 1434 3175 1473 ne·

1894 1502 2150 1579 gligeret
2181 1520 2412 1560 curam:
2453 1502 2791 1562 confessarii
2837 1504 2996 1562 enim
3041 1522 3175 1562 mu-

1892 1610 2032 1650 nere
2076 1592 2440 1667 fungebatur
2482 1593 2547 1650 in
2591 1593 2893 1667 frequenti
2932 1592 3177 1670 collegio

1893 1698 2152 1751 romano,
2198 1683 2377 1755 atque
2426 1681 2585 1739 inter
2632 1681 2786 1739 filios
2833 1682 3175 1756 spirituales

1893 1787 1940 1834 s.
1971 1769 2326 1829 numerabat
2369 1769 2701 1846 Aloysium,
2751 1789 2927 1845 quem
2973 1771 3037 1828 in
3067 1789 3167 1829 su·

1893 1877 2091 1932 premo
2124 1857 2329 1917 morbo
2361 1865 2423 1917 et
2456 1858 2519 1916 in
2551 1859 2762 1917 mortis
2783 1878 2970 1936 agone
2992 1860 3172 1935 juvit.

1893 1946 2137 2005 Interim
2159 1966 2194 2005 a
2213 1946 2378 2005 Sixto
2399 1947 2479 2017 V.,
2493 1947 2595 2021 qui
2613 1948 2743 2023 ejus
2762 1967 2940 2023 opera
2959 1947 3024 2007 in
3043 1967 3173 2007 cor-

1886 2242 2011 2297 ideo
2038 2242 2183 2295 nihil
2209 2241 2538 2307 curandum,
2580 2259 2752 2310 quam
2778 2244 2843 2296 ut
2866 2241 3173 2295 itineribus

1886 2314 1995 2367 tuis
2036 2314 2249 2367 directe
2287 2312 2362 2367 ad
2386 2313 2568 2367 Deum
2609 2314 2794 2367 abeas.
2838 2313 3000 2367 Talia
3039 2330 3171 2368 vero

1886 2385 2164 2440 meditans
2189 2384 2388 2449 orabis,
2415 2387 2484 2441 ut
2506 2388 2772 2439 exoneret
2804 2387 2858 2438 te
2886 2385 3033 2438 Deus
3056 2400 3170 2438 sar·

1883 2456 2009 2510 cina
2047 2456 2223 2525 gravi.
2268 2456 2334 2508 ln
2370 2455 2738 2510 meditatione
2778 2458 2836 2510 et
2873 2473 2932 2510 re
2972 2455 3172 2509 divina

1884 2528 1988 2581 hoc
2015 2544 2136 2596 age,
2179 2528 2241 2579 ut
2264 2543 2393 2579 cum
2420 2528 2535 2581 Deo
2571 2544 2751 2580 unum
2778 2527 2870 2590 sis,
2912 2529 2969 2581 et
2995 2543 3168 2596 quam

1882 2599 2104 2652 minimi
2131 2599 2358 2669 pendas,
2400 2599 2448 2652 si
2476 2599 2619 2654 forte
2656 2601 2718 2652 in
2743 2616 2910 2653 sensu
2944 2600 3170 2653 animae

1882 2687 1995 2724 non
2021 2671 2097 2724 sit
2122 2670 2386 2741 voluptas
2413 2670 2557 2738 ulla;
2598 2670 2859 2726 aestimes
2886 2687 3018 2726 vero
3053 2686 3167 2723 non

1880 2743 2061 2812 ipsum
2078 2744 2134 2796 te
2149 2741 2318 2796 illum
2328 2758 2463 2808 esse,
2477 2742 2575 2811 qui
2586 2742 2848 2808 celebrat,
2860 2742 2959 2796 sed
2967 2742 3168 2805 Deum,

1881 2831 2046 2882 quem
2081 2813 2288 2880 induis,
2330 2816 2386 2867 et
2422 2813 2603 2881 cujus,
2647 2813 2874 2867 tametsi
2908 2829 3023 2867 non
3064 2829 3167 2882 pro

1879 2902 2159 2949 mensura,
2182 2900 2475 2953 personam
2498 2883 2716 2954 imples.
2745 2885 2886 2938 Cum
2903 2884 3036 2938 ante
3073 2883 3168 2935 tri-

1879 2955 2053 3009 bunal
2072 2955 2282 3008 mentis
2315 2956 2715 3009 conscientiam
2736 2955 2999 3020 excuties,
3026 2953 3167 3007 mul-

1879 3028 1971 3080 tus
1998 3026 2108 3081 eris
2132 3027 2193 3079 in
2221 3025 2457 3081 caritate
2484 3044 2621 3096 erga
2654 3027 2853 3093 Deum,
2898 3028 2956 3080 et
2982 3026 3043 3080 in
3069 3041 3167 3078 no·

1875 3114 2074 3152 xarum
2102 3097 2505 3166 disquisitione
2534 3097 2749 3164 brevis,
2804 3113 2979 3166 quam
3023 3095 3166 3149 nihil

1877 3186 2019 3239 opus
2045 3170 2130 3222 est
2149 3185 2266 3223 esse
2288 3169 2549 3230 nimiam:
2576 3186 2640 3223 ac
2659 3170 2790 3250 post
2808 3167 3076 3239 mergeris
3101 3167 3161 3220 in

1877 3240 2017 3292 mari
2042 3241 2208 3293 rubro
2235 3239 2528 3310 sanguinis
2555 3239 2779 3294 Christi.
2830 3239 2971 3293 Cum
2999 3241 3054 3293 te
3080 3240 3163 3291 in·

1876 3310 2004 3364 duis
2025 3314 2124 3365 aut
2140 3311 2395 3379 pasceris,
2422 3314 2624 3380 urgeat
2642 3313 2698 3366 te
2715 3311 3035 3382 praesentia
3050 3309 3101 3362 N
3106 3328 3163 3363 u-

1874 3382 2056 3436 minis.
2087 3382 2332 3451 Negotia
2351 3400 2419 3436 ne
2440 3398 2737 3452 perperam
2757 3398 2910 3451 agas,
2931 3381 3074 3450 quin
3094 3397 3162 3461 ea

1871 3454 3160 3594 zssssffiff.33ffi.3?3‡2t.”13{z⁸35d2?.m3.⁹.‘35¹3

1870 3595 2064 3650 lumen
2105 3596 2223 3650 Dei.
2277 3595 2459 3659 Horis,
2504 3612 2647 3664 quae
2688 3595 2859 3650 finem
2922 3594 3157 3647 aborum

1871 3667 2079 3730 ferent,
2133 3666 2405 3721 meditare
2445 3666 2643 3720 hilaris
2686 3670 2862 3735 atque
2910 3663 3156 3719 affabilis

1870 3754 2002 3803 esse,
2044 3742 2101 3792 et
2126 3755 2277 3802 cura,
2318 3742 2384 3791 ut
2411 3738 2495 3791 vis
2534 3738 2895 3806 intentioque
2936 3736 3158 3790 animae

1868 3810 2125 3864 remittat
2147 3809 2221 3863 ad
2247 3809 2581 3878 obsequium
2604 3808 2731 3864 Dei:
2758 3807 3009 3878 ejusdem
3034 3806 3159 3860 illu-

1869 3880 2172 3934 strationes
2211 3880 2391 3934 celare
2434 3879 2770 3945 memineris,
2816 3878 3049 3949 perinde
3093 3894 3158 3931 ac

1867 3950 1917 4005 si
1942 3953 2014 4005 ab
2041 3951 2155 4005 illis
2183 3951 2446 4005 obscurus
2488 3968 2648 4005 esses.
2691 3950 2881 4004 Noctu
2909 3949 3155 4012 demum,

1869 4023 2093 4091 quando
2115 4022 2372 4076 cubitum
2392 4022 2517 4086 ibis,
2545 4021 2758 4091 cogites
2772 4021 3019 4085 modum,
3046 4036 3156 4087 quo

1868 4110 2037 4163 super
2061 4110 2279 4148 crucem
2301 4092 2557 4147 Christus
2585 4092 2833 4148 membra
2858 4091 3159 4146 reclinavit

1867 4168 2100 4234 propter
2114 4182 2233 4230 neS,
2261 4169 2320 4219 et
2334 4181 2511 4230 cures,
2526 4167 2592 4219 ut
2607 4167 2663 4219 te
2679 4181 2907 4218 somnus
2924 4166 3158 4231 occupet

1865 4240 2109 4290 stratum
2136 4252 2308 4305 super
2334 4236 2573 4306 pectoris
2593 4236 2715 4305 ejus
2740 4252 2810 4288 ss,
2830 4235 3091 4289 vulnuw·

1945 4313 1983 4378 ¹)
2011 4308 2098 4360 Ita
2133 4323 2216 4363 ex.
2242 4324 2327 4376 gr.
2364 4308 2558 4361 scribit
2584 4306 2737 4363 Guil.
2767 4305 3153 4369 Whitaker,

1865 4396 2010 4432 unus
2035 4394 2065 4433 e
2091 4377 2405 4448 potioribus
2432 4377 2765 4433 Bellarmini
2797 4374 3154 4440 adversariis,

1864 4450 1925 4503 in
1952 4449 2127 4520 praef.
2155 4449 2193 4502 1.
2220 4448 2491 4504 adversus
2517 4466 2648 4503 eum
2667 4448 2841 4502 editi:
2868 4445 3155 4513 „Inter-le·

1866 4520 2042 4574 suitas
2083 4520 2393 4574 maximum
2433 4522 2492 4575 et
2524 4520 2739 4575 celebre
2779 4535 2988 4574 nomen
3011 4517 3150 4572 Rob.

1866 4591 2239 4646 Bellarminus
2265 4632 2279 4646 .
2303 4634 2315 4648 .
2343 4633 2356 4645 .
2385 4591 2484 4660 qui
2508 4590 2917 4645 controversias
2940 4587 3151 4643 theolo-

1866 4663 2021 4734 gicas
2047 4679 2268 4716 summa
2293 4662 2546 4716 omnium
2581 4661 2953 4717 admiratione
2979 4659 3152 4714 acela»

1868 4734 2223 4801 mationeque
2267 4734 2551 4798 tractavit,
2610 4734 2773 4803 cujus
2812 4732 3028 4786 dictata
3072 4729 3152 4783 sic

1866 4810 2030 4859 erant
2082 4803 2335 4859 studiose
2379 4806 2451 4858 ab
2495 4804 2853 4860 auditoribus
2895 4805 3151 4870 excepta,
