3625 5193
605 254 727 307 543

691 433 833 486 231.
866 424 1036 481 Alter
1079 425 1172 480 est
1218 420 1256 478 J
1260 440 1481 479 oannes
1531 421 1878 478 Franciscus

596 512 643 568 B
659 531 692 570 o
713 531 742 569 r
757 512 794 569 d
811 512 885 569 in
902 530 942 569 u
959 530 985 568 s
1032 512 1329 570 Romanus
1375 528 1568 586 congr.
1603 508 1876 579 Oratorii‚

597 601 1069 676 archiepiscopus
1098 599 1551 658 avennionensis
1583 593 1876 679 (†1609)‚

594 691 763 764 cujus
826 693 970 747 sunt
1018 694 1251 764 praeter
1302 688 1443 746 alia:
1497 688 1877 745 Summorum

594 778 758 836 urbis
790 782 852 836 et
882 779 1043 837 orbis
1076 780 1416 851 pontificum
1462 785 1512 835 et
1563 778 1876 851 imperato·

592 886 724 925 rum
756 870 931 926 series
946 875 995 925 et
1006 875 1182 943 qesta,
1203 866 1443 924 Parisiis
1474 874 1638 928 1604
1656 869 1698 923 t.
1722 874 1774 926 2.
1791 899 1876 908 -

590 954 628 1012 J
632 975 848 1015 oannes
880 957 1050 1032 Bapt.
1084 975 1118 1014 a
1149 956 1234 1014 Gl
1255 976 1290 1013 a
1304 974 1345 1013 n
1362 975 1396 1014 o
1431 952 1527 1035 (de
1545 950 1717 1035 Glen)
1738 954 1799 1012 Ο.
1821 955 1875 1012 S.

590 1047 740 1120 Aug.
759 1045 1101 1114 Eburensis‚
1118 1045 1360 1103 natione
1377 1044 1561 1119 Belga
1575 1040 1635 1121 (†
1657 1055 1679 1104 1
1697 1054 1767 1105 61
1786 1047 1872 1121 23),

588 1134 651 1192 in
684 1134 874 1192 lucem
921 1136 1129 1212 gallice
1175 1134 1363 1192 edidit
1377 1128 1457 1214 1):
1521 1131 1681 1190 Vitae
1728 1151 1872 1190 rom.

586 1226 915 1297 pontificum
949 1246 982 1279 ιι
1018 1223 1185 1281 Petro
1218 1242 1391 1299 usque
1423 1224 1502 1280 ad
1538 1221 1875 1279 Clementem

604 1312 765 1369 VIII.
798 1331 865 1370 ex
900 1313 1165 1370 Platinae
1198 1311 1448 1370 historia
1478 1312 1543 1368 in
1575 1311 1873 1386 epitomen

586 1401 859 1459 redactae
891 1421 956 1459 ac
980 1403 1154 1477 juxta
1174 1401 1469 1476 Onuphrii
1500 1401 1546 1457 P
1566 1420 1600 1457 a
1614 1420 1653 1457 n
1673 1401 1833 1458 vini
1851 1400 1871 1458 i

585 1491 981 1548 recensionem
1015 1491 1352 1560 ordinatae3
1387 1492 1756 1547 accesserunt
1786 1489 1871 1546 ef·

587 1577 754 1653 figies
787 1583 914 1647 etc..
950 1572 1149 1637 Le‘odii
1192 1588 1383 1647 15973
1428 1586 1623 1645 16483
1672 1578 1868 1636 Histo-

584 1671 682 1724 ria
704 1669 1057 1740 pontificalis
1102 1687 1206 1726 seu
1239 1667 1666 1725 demonstratio
1700 1686 1870 1724 verae

584 1755 871 1814 Ecclesiae
903 1776 937 1813 a
967 1756 1198 1815 Christo
1231 1756 1529 1825 fundatae,
1573 1756 1666 1814 cui
1700 1774 1868 1829 prae-

584 1845 848 1903 mittitur
879 1846 1258 1903 directorium
1294 1845 1367 1902 ad
1400 1844 1641 1902 eandem
1683 1843 1867 1902 histo-

583 1935 752 2002 riam,
787 1934 863 1991 ib.
905 1945 1092 1998 1600.
1140 1969 1226 1976 —-
1269 1934 1441 1991 Glani
1472 1934 1689 1991 sodalis
1724 1934 1866 1990 Gre-

582 2024 786 2098 gorius
808 2024 852 2080 P
868 2042 901 2081 o
918 2025 994 2099 ly
1011 2024 1048 2081 d
1065 2043 1097 2082 o
1115 2043 1145 2080 r
1160 2043 1201 2080 u
1217 2018 1306 2103 3²)
1339 2026 1609 2081 etruscus
1631 2022 1866 2097 prodire

580 2111 719 2169 fecit
768 2131 918 2186 opus
969 2113 1352 2187 inscriptum:
1418 2112 1861 2187 Greyorianum,

580 2201 638 2257 in
676 2219 792 2275 quo
826 2202 895 2259 de
939 2212 1013 2263 14
1049 2201 1347 2276 Gregoriis
1387 2200 1769 2278 pontificibus
1803 2205 1866 2257 et

591 2298 662 2350 13
700 2291 994 2366 Gregoriis
1027 2290 1316 2366 episcopis
1350 2294 1410 2348 et
1440 2290 1512 2347 de
1543 2308 1662 2347 uno
1696 2308 1861 2365 pres-

577 2378 785 2453 bytero
820 2399 1143 2455 eorumque
1175 2379 1335 2450 vitis,
1369 2379 1636 2437 moribus
1670 2389 1730 2435 et
1760 2397 1861 2453 ge-

578 2468 683 2524 stis
714 2469 855 2544 agit,
890 2468 1223 2526 Florentiae
1265 2476 1447 2529 1589.
1499 2467 1577 2524 Le
1611 2468 1777 2542 Long
1809 2468 1860 2523 ei

576 2556 859 2615 adscribit
890 2558 1069 2616 etiam
1103 2557 1167 2614 in
1199 2576 1305 2615 sua
1321 2555 1601 2614 Biblioth.
1636 2575 1677 2613 s.
1711 2574 1860 2613 com-

576 2649 865 2704 mentaria
899 2647 959 2703 in
993 2647 1274 2721 pleraque
1322 2646 1447 2703 loca
1493 2643 1566 2702 ad
1601 2645 1857 2708 Galatas,

576 2733 765 2792 Lucae
822 2743 983 2796 1625
1032 2735 1097 2791 111
1147 2744 1203 2794 4.
1249 2767 1335 2775 -
1382 2733 1637 2791 Joannes
1669 2735 1856 2792 Anto-

576 2822 711 2879 nius
744 2822 1094 2880 Brandus
1128 2822 1289 2879 tertii
1322 2822 1547 2880 ordinis
1579 2822 1632 2879 S.
1651 2823 1855 2879 Franc.

576 2908 830 2976 Siculus,
866 2911 956 2969 vir
989 2929 1122 2968 vere
1155 2911 1290 2985 pius
1325 2915 1385 2968 et
1416 2911 1642 2978 doctuS‚
1677 2930 1854 2986 prop-

572 3003 735 3055 terea
767 3019 800 3056 a
832 3000 1129 3058 Clemente
1166 2999 1316 3058 VIII.
1359 3000 1598 3059 Romam
1632 3001 1854 3058 accitus

572 3083 639 3167 (†
677 3098 697 3147 1
720 3098 771 3150 3.
807 3089 937 3164 Maj.
982 3085 1192 3167 1608),
1215 3088 1380 3147 dedit
1404 3088 1745 3164 Cronoloyt'a
1764 3087 1853 3147 ἅθ’

569 3179 773 3234 smnmi
804 3175 1093 3250 Pometia,
1128 3178 1342 3237 Romae
1386 3187 1546 3240 1608
1577 3180 1640 3236 111
1676 3187 1732 3239 4.
1767 3211 1852 3221 -—

570 3265 964 3343 Hieronymus
1028 3267 1469 3325 Beroardus
1534 3268 1598 3325 O.
1651 3267 1850 3325 Praed.

568 3360 814 3413 venetus
847 3356 1084 3432 scripsit
1115 3357 1333 3414 Istoria
1363 3357 1500 3414 delle
1530 3359 1636 3413 vite
1665 3356 1754 3413 de'
1776 3376 1849 3414 88.

555 3448 841 3517 pontefici,
892 3446 1154 3505 Venetiis
1207 3455 1367 3507 1612
1424 3445 1487 3502 in
1540 3455 1593 3506 4.
1627 3478 1715 3488 —
1768 3447 1851 3503 De

565 3534 922 3610 Hieronymo
982 3535 1140 3592 Rub
1163 3553 1243 3592 eo
1296 3535 1620 3610 biographo
1673 3534 1847 3593 Nico·

564 3625 642 3680 lai
676 3623 769 3680 IV.
796 3626 923 3698 jam
957 3624 1189 3700 egimus
1224 3623 1332 3692 11³,
1372 3633 1517 3684 440.
1550 3624 1689 3680 Fuit
1722 3623 1849 3697 ipse

563 3712 878 3770 Clementis
914 3712 1069 3770 VIII.
1105 3713 1382 3769 medicus.
1416 3711 1666 3786 Scripsit
1699 3731 1846 3785 quo·

642 3925 675 3983 ¹)
704 3915 832 3968 Alia.
858 3917 1112 3984 ejusdem
1130 3933 1299 3985 opera
1315 3917 1384 3969 of.
1400 3915 1459 3968 in
1490 3916 1533 3969 Ο
1551 3934 1575 3969 s
1593 3918 1705 3970 sin
1720 3936 1759 3986 g
1774 3935 1801 3970 e
1819 3935 1846 3969 r

558 3985 700 4039 Bibl.
730 3987 1135 4054 Aug.;Revista
1162 3988 1462 4055 Augustin.
1488 3992 1640 4044 1884.
1664 3990 1705 4058 Ι,
1723 3994 1844 4045 142.

560 4088 626 4097 -
669 4058 928 4111 Ceterum
975 4061 1032 4110 et
1078 4058 1406 4112 Dominicus
1457 4058 1501 4112 T
1518 4076 1545 4113 e
1560 4078 1614 4113 m
1631 4078 1668 4130 p
1685 4077 1713 4113 e
1730 4079 1753 4112 s
1771 4062 1797 4113 t
1811 4078 1844 4113 a

556 4128 844 4182 Romanus
872 4128 1087 4182 edidit:
1148 4134 1295 4184 Vitae
1319 4150 1648 4185 summorum
1671 4137 1842 4200 ponti-

556 4203 713 4266 ficum
755 4221 789 4254 a
829 4204 1037 4253 christo
1077 4205 1207 4255 Jesu
1248 4205 1320 4256 ad
1362 4205 1654 4256 Clementem
1692 4206 1737 4255 V
1733 4205 1843 4259 III.

555 4289 682 4325 cum
711 4272 1006 4340 effigiebus
1047 4289 1239 4326 eorum
1267 4290 1333 4326 ex
1361 4272 1611 4327 nummis
1638 4289 1702 4325 ac
1729 4273 1842 4341 pic-

556 4345 697 4396 turis
725 4342 1020 4411 excerptiS,
1050 4342 1259 4397 Romae
1290 4349 1428 4402 1596
1454 4344 1515 4398 in
1541 4349 1605 4414 8;
1636 4349 1791 4401 1600.

632 4423 669 4484 ²)
698 4415 854 4467 Alius
872 4415 942 4467 ab
960 4431 1024 4467 eo
1042 4419 1126 4468 est
1156 4416 1201 4467 V
1223 4434 1253 4470 a
1270 4416 1287 4467 1
1307 4435 1335 4469 e
1353 4433 1379 4467 r
1399 4416 1416 4468 i
1436 4434 1471 4468 u
1491 4434 1515 4469 s
1541 4415 1842 4469 Polidorus

556 4483 618 4538 Ο.
644 4486 799 4548 Min„
839 4487 1001 4554 cujus
1041 4489 1205 4541 suut:
1252 4490 1497 4542 Praetica
1528 4490 1841 4540 Erat-cista·

553 4574 673 4608 rum
702 4556 773 4608 ad
801 4556 1101 4610 daemones
1141 4565 1197 4612 et
1240 4558 1515 4612 maleficia
1560 4557 1840 4626 expellen-

554 4625 707 4689 dum,
728 4626 945 4680 Patavii
967 4633 1103 4684 1582
1124 4651 1134 4690 ς
1158 4634 1312 4690 1587,
1330 4629 1427 4682 sed
1443 4630 1599 4698 proh.
1620 4629 1840 4682 decreto

553 4701 603 4751 7.
616 4696 741 4750 Jan.
765 4703 900 4754 1707
921 4720 931 4768 ;
954 4702 1014 4753 de
1028 4704 1180 4766 festis
1195 4704 1376 4755 diebus
1393 4700 1838 4754 Christianorum

552 4784 615 4820 ac
642 4767 671 4820 J
680 4768 1005 4832 missorum,
1036 4770 1262 4840 Lipsiae
1291 4775 1448 4829 1597.

999 240 1370 293 1601—1620.
1398 234 1546 289 Hist.
1573 232 1909 303 pontificum
1938 250 2073 289 rom.
2102 232 2399 297 Bordinus‚
2426 232 2687 286 Brandus
2715 236 2821 289 etc.

3093 253 3221 305 544

1937 438 2053 493 que
2087 420 2408 479 Historiam-
2462 421 2858 478 Ravennatum
2910 421 2971 477 ll.
3008 421 3104 479 XI.
3158 422 3226 479 in

1933 510 2082 567 thes.
2116 511 2299 585 antiq.
2333 510 2405 567 It.
2439 513 2481 566 t.
2517 510 2608 567 VI.

2028 698 2169 750 232.
2204 689 2399 747 Gestis
2446 707 2822 747 romanorum
2871 688 3224 763 pontificum

1935 778 2286 853 subjicimus
2329 786 2460 836 acta
2505 778 2835 852 legatorum
2880 778 3220 836 eorundem.

1935 867 2045 923 Pro
2079 867 2330 925 historia
2376 866 2772 924 ecclesiastica
2823 867 3220 941 archiepisco·

1933 960 2108 1030 patus
2169 956 2526 1014 coloniensis
2598 973 2825 1014 necnon
2906 964 2965 1012 et
3026 957 3222 1033 Belgii

1931 1045 2177 1103 notitiae
2209 1044 2502 1120 pretiosae
2547 1044 2920 1120 colliguntur
2960 1064 3025 1102 ex
3060 1047 3222 1120 epis—

1930 1134 2070 1191 tolis
2151 1138 2211 1191 et
2268 1134 2415 1192 actis
2479 1133 2707 1191 Octavii
2768 1133 2927 1191 Mirti
2990 1134 3213 1192 Fran-

1930 1222 2199 1298 gipani
2245 1224 2450 1281 nuncii
2483 1222 2790 1297 apostolici
2823 1222 2979 1296 apud
3014 1223 3216 1281 aulam

1929 1311 2340 1369 coloniensem.
2374 1312 2623 1387 Collegit
2639 1330 2705 1369 ea
2724 1307 2904 1391 (393)
2928 1330 3033 1386 pro
3055 1332 3219 1370 more

1929 1400 2383 1476 diligentissime
2417 1400 2498 1458 St.
2531 1400 2711 1458 Ehses
2741 1401 2806 1458 in
2837 1419 2928 1473 op.
2966 1400 3222 1468 Quellen

1928 1489 2051 1546 und
2066 1489 2502 1566 Forschungen.
2536 1488 2641 1545 Die
2662 1490 2868 1548 Colner
2885 1490 3216 1548 Nuntiatur

1925 1596 1980 1651 p.
2021 1586 2073 1637 2.
2110 1578 2348 1637 Ottavio
2381 1578 2557 1635 Mirto
2579 1578 2935 1654 Frangipani
2970 1580 3030 1635 in
3053 1580 3214 1637 Koln

1935 1676 2387 1733 1587-1590,
2423 1667 2763 1725 Paderborn
2805 1675 2985 1729 1809.
3028 1669 3212 1726 Porro

1925 1755 2288 1832 Frangipani
2321 1756 2514 1831 patria
2545 1760 2675 1812 erat
2707 1756 3116 1831 neapolitanus
3150 1778 3212 1817 n.

1925 1863 1969 1902 c.
2015 1854 2196 1913 1542,
2232 1846 2539 1920 episcopus
2592 1846 2907 1919 cajacensis
2963 1842 3210 1924 (1572),

1924 1934 2059 1991 dein
2101 1943 2262 1996 1592
2300 1933 2677 2002 tricariensIS,
2712 1934 2951 1991 demum
2984 1935 3209 1993 archie-

1922 2025 2200 2096 piscopus
2222 2022 2557 2081 tarentinus
2600 2020 2831 2099 (1605;
2878 2021 2913 2089 †
2950 2032 3048 2083 24.
3083 2023 3209 2081 Jul.

1930 2108 2143 2193 1612).
2207 2112 2457 2170 Strenue
2497 2111 2814 2169 admodum
2846 2112 3084 2170 functus
3117 2118 3212 2170 est

1921 2219 2166 2258 munere
2198 2202 2379 2276 legati
2411 2200 2721 2275 apostolici
2752 2200 2815 2258 in
2846 2201 3068 2258 bonum
3103 2202 3210 2259 Ec-

1920 2289 2134 2347 clesiae
2167 2290 2324 2347 inter
2357 2290 2629 2365 ingentes
2663 2308 2814 2363 quae
2849 2307 2910 2346 se
2943 2308 3205 2364 oppone-

1922 2378 2068 2435 bant
2101 2377 2480 2436 difficultates
2496 2374 2560 2458 ι).
2607 2411 2695 2421 -—
2741 2378 2915 2435 Alius
2950 2380 3208 2437 nuncius

1919 2466 2035 2525 fuit
2086 2467 2469 2525 Germanicus
2522 2467 2953 2541 Malaspina
3015 2486 3082 2524 ex
3128 2468 3205 2525 il-

1917 2555 2096 2613 lustri
2160 2556 2436 2632 prosapia
2497 2559 2680 2615 natus
2743 2556 2933 2630 patria
3000 2557 3206 2633 Ligur.

1917 2645 2158 2704 Romam
2191 2646 2431 2704 veniens
2482 2646 2746 2703 adlectus
2792 2653 2882 2703 est
2927 2645 3085 2703 inter
3118 2647 3208 2704 fa—

1914 2734 2172 2792 miliares
2207 2735 2471 2810 Gregorii
2507 2735 2683 2801 XIII„
2721 2736 2823 2808 qui
2857 2753 2992 2792 eum
3029 2753 3072 2792 8.
3099 2736 3204 2793 Se-

1918 2823 2041 2880 veri
2074 2824 2414 2898 episcopum
2447 2823 2601 2881 dixit
2648 2832 2824 2886 1583.
2859 2824 3073 2889 Missus
3112 2831 3207 2883 est

1913 2912 2175 2985 primum
2225 2914 2483 2970 nuncius
2533 2912 2605 2970 ad
2659 2912 2930 2970 Cal-olum
2968 2914 3204 2989 Styriae

1912 3001 2288 3059 archiducem
2328 2998 2574 3081 (1580),
2628 3020 2804 3076 quem
2857 3002 3109 3060 solerter
3142 3007 3205 3060 et

1910 3089 2146 3148 fortiter
2172 3091 2331 3166 juvit
2364 3091 2427 3148 in
2459 3090 2847 3148 restauranda
2902 3110 3006 3164 per
3036 3092 3200 3149 illam

1909 3179 2210 3254 regionem
2225 3180 2488 3238 Ecclesia
2503 3179 2806 3251 catholica,
2819 3178 2977 3237 unde
2991 3198 3200 3238 exosus

1909 3267 2026 3325 fuit
2041 3269 2513 3343 protestantibus
2525 3265 2592 3346 2).
2625 3267 2762 3325 Inde
2778 3271 3090 3343 promotus
3108 3273 3200 3328 est

1908 3358 2165 3415 nuncius
2215 3357 2288 3414 ad
2336 3359 2532 3415 aulam
2579 3375 2907 3422 caesaream
2944 3377 3198 3434 pragen-

1908 3464 2028 3503 sem
2064 3443 2308 3526 (1584).
2341 3446 2539 3522 Longe
2573 3444 2875 3503 difficilior
2908 3446 3020 3504 suit
3051 3447 3204 3505 haec

1906 3537 2265 3593 nunciatura
2296 3538 2426 3592 tum
2450 3536 2523 3592 ob
2547 3534 2834 3607 majorem
2857 3539 3196 3609 protestan-

1907 3623 2060 3680 tium
2123 3624 2535 3681 auctoritatem
2616 3623 2779 3696 apud
2867 3623 3191 3695 Caesarem,

1981 3853 2018 3918 ¹)
2048 3847 2128 3901 Cf.
2170 3847 2331 3916 plura
2373 3848 2442 3901 de
2491 3865 2554 3900 eo
2597 3848 2656 3900 in
2706 3866 2795 3918 op.
2844 3848 2937 3903 eit.
2983 3848 3194 3901 introd.

1902 3937 2031 3987 pag.
2062 3919 2406 3972 XIII—LXI.

1975 3995 2017 4061 ²)
2045 3991 2181 4060 Ejus
2210 3990 2269 4042 in
2296 3991 2405 4044 hoc
2434 4007 2660 4043 munere
2682 4007 2958 4045 successor
2976 3990 3089 4041 fuit
3103 3990 3189 4043 JO.

1901 4061 2157 4116 Andreas
2185 4060 2224 4114 C
2243 4079 2274 4114 a
2289 4062 2311 4114 1
2328 4061 2344 4115 i
2365 4081 2402 4132 g
2419 4078 2452 4113 a
2467 4062 2528 4114 ri
2557 4061 2929 4131 Brisighellae
2947 4060 3018 4112 ad
3037 4075 3192 4112 mon-

1899 4132 2046 4187 tium
2074 4132 2242 4203 pedes
2265 4137 2401 4189 1527
2427 4152 2499 4196 11.,
2529 4133 2820 4201 utriusque
2847 4131 2907 4186 Si
2949 4133 3188 4184 naturae

1899 4204 2318 4267 referendarius,
2378 4204 2508 4258 dein
2568 4204 2752 4272 episco
2799 4222 2864 4256 us
2963 4201 3190 4256 rictino-

1898 4275 2098 4328 riensis
2153 4275 2468 4346 (Bertinoro
2510 4279 2688 4336 1579).
2814 4275 2954 4328 iesus
3000 4274 3190 4328 fuerat

1897 4346 2055 4414 prius
2097 4348 2342 4401 nuncius
2383 4346 2444 4399 in
2493 4346 2814 4406 poloniam:
2867 4345 3189 4399 Alexandro

1897 4417 2179 4473 Montalto
2209 4417 2352 4472 sixti
2372 4417 2435 4472 V.
2454 4417 2669 4488 nepoti,
2695 4416 2967 4470 cardinali
2986 4416 3185 4485 juveni

1898 4493 2019 4542 erat
2061 4507 2094 4541 a
2138 4489 2381 4552 secretis,
2428 4489 2559 4542 dein
2601 4487 2829 4542 Urbano
2870 4488 3009 4551 VII„
3056 4486 3187 4540 Gre-

1898 4560 2059 4629 gorio
2088 4561 2232 4620 XIV,
2262 4564 2320 4615 et
2345 4559 2619 4614 Clementi
2646 4560 2793 4614 vm.
2835 4559 2940 4612 Vix
2967 4575 3184 4611 annum

1899 4632 2178 4701 transegit
2224 4631 2462 4687 Graecii.
2515 4631 2652 4700 Ejus
2681 4639 2800 4687 acta
2839 4635 2896 4683 et
2922 4631 3079 4700 gesta
3104 4644 3187 4682 re-

1897 4708 2084 4756 censet
2111 4703 2561 4771 Reichenberger
2587 4721 2675 4771 op.
2705 4703 2798 4757 cit.
2830 4705 3186 4771 p.433—469

1899 4785 1944 4845 tt
1973 4780 2056 4830 19.
2084 4775 2211 4827 Jau.
2242 4779 2418 4846 1613).
