3625 5193
596 268 718 322 579
967 253 1336 307 1601-1620.
1360 248 1392 301 J
1398 264 1464 300 us
1488 245 1823 301 canonicum
1848 245 1909 299 in
1937 245 2095 315 Hisp.
2122 244 2293 309 Pessa,
2319 243 2592 308 Marzilla,
2621 241 2841 305 Gai-zia,
3085 258 3209 313 580

592 436 932 513 gationibus
963 435 1035 493 de
1067 434 1301 492 auxiliis
1338 433 1729 492 adversarius,
1761 433 1872 490 Re·
1929 431 2225 506 adjunctis
2287 428 2785 488 declarationibus
2858 429 3217 491 auctoritate

591 525 855 600 pudiatis
887 521 1369 582 albarrazinensis
1409 521 1684 582 ecclesiae
1714 521 1876 580 infu-
1932 521 2248 596 apostolica
2277 519 2473 586 editis,
2507 536 2658 592 quae
2688 517 2984 576 habentur
2998 519 3062 577 in
3086 531 3138 581 4.
3159 540 3214 579 v.

594 615 668 672 lis
700 613 928 671 dierum
961 612 1176 689 plenus
1195 629 1408 687 magno
1428 611 1592 669 urbis
1612 628 1876 669 moerore
1931 608 2299 668 decisionum
2347 608 2530 666 Rotae
2574 625 2867 675 romanae,
2904 608 3216 668 Salmanti-

593 697 908 784 moriturl)
957 701 1171 759 Romae
1222 720 1269 757 a.
1326 708 1403 760 72
1456 701 1633 758 natus
1692 707 1876 761 1612.
1933 716 2031 757 cae
2072 708 2235 761 1613
2288 697 2352 755 in
2406 706 2471 764 4;
2522 694 2760 755 Pinciae
2818 705 3001 766 1618,
3066 716 3217 774 opus

595 792 774 850 Plura
803 790 1069 867 ejusdem
1101 782 1342 870 operass)
1375 788 1447 846 ad
1470 788 1878 863 inquisitionis
1934 786 2231 862 quondam
2246 785 2612 861 prohibitum
2628 801 2697 842 ex
2714 784 2925 860 regula
2938 788 3219 861 generali.

594 880 859 939 tribunal
890 878 1247 937 referuntur.
1295 877 1450 935 Hinc
1480 878 1660 936 etiam
1689 876 1880 936 edidit
1934 875 2260 951 Scripserat
2274 869 2320 955 ¹)
2369 892 2607 949 quoque
2652 874 3081 946 Par-aphrasim
3124 875 3219 934 in-

595 970 982 1029 Directorium
998 961 1470 1047 inquisitorumss)
1488 965 1878 1041 Nic.Eyme-
1933 967 2156 1024 textam
2190 964 2438 1023 editioni
2483 963 2765 1039 vulgatae
2811 965 2875 1020 in
2917 963 3220 1023 Pentateu-

597 1058 748 1117 rici
781 1075 915 1116 cum
938 1055 1355 1115 commentario
1384 1065 1580 1126 1570;
1623 1063 1881 1119 1585—
1934 1055 2120 1129 chum,
2145 1051 2540 1112 Salmanticae
2565 1060 2729 1114 1600
2751 1072 2764 1121 ;
2809 1061 2971 1115 1610
2995 1053 3058 1110 in
3076 1053 3115 1115 f.
3138 1086 3219 1097 —-

601 1158 627 1209 1
647 1156 801 1218 5873
850 1145 1109 1204 Venetiis
1150 1154 1270 1206 160
1283 1155 1336 1207 7.
1381 1144 1689 1203 Nonnulla
1731 1143 1880 1202 refe·
1938 1143 2023 1202 De
2072 1142 2348 1215 beneficiis
2377 1142 2701 1199 tractatum
2748 1141 2978 1209 utilem,
3022 1142 3224 1201 erudi-

596 1240 817 1295 runtur
846 1233 920 1293 ad
950 1234 1086 1292 illos
1136 1235 1386 1303 sanctos,
1440 1251 1696 1307 quorum
1741 1251 1879 1291 cau-
1935 1236 2066 1290 tum
2115 1233 2176 1289 et
2226 1231 2487 1305 plenum,
2538 1230 2657 1288 imo
2709 1230 2771 1288 in
2822 1229 2930 1288 hac
2978 1231 3225 1290 materia

598 1344 726 1385 sam
757 1323 1054 1400 promovit
1074 1322 1258 1397 judex
1277 1320 1653 1396 apostolicus.
1684 1321 1881 1396 Scrip-
1938 1320 2269 1390 classicum,
2318 1318 2564 1394 scripsit
2613 1317 2899 1377 Nicolaus
2931 1318 3220 1390 Garzia,

600 1416 681 1473 sit
709 1417 1013 1489 praeterea
1042 1411 1430 1485 detemporali
1447 1429 1622 1486 rayno
1647 1410 1879 1480 Christi,
1938 1409 2275 1478 Abulensis,
2302 1408 2457 1483 juris
2488 1406 2804 1481 utriusque
2834 1407 3133 1482 professor
3162 1411 3227 1468 et

599 1503 816 1561 Romae
856 1510 1014 1563 1611
1056 1500 1119 1558 in
1155 1509 1224 1569 43
1258 1501 1434 1558 etiam
1457 1499 1521 1557 in
1539 1498 1883 1557 Roccaberti
1937 1497 2002 1556 in
2062 1498 2291 1574 patriae
2351 1496 2521 1556 urbis
2582 1495 2828 1555 ecclesia
2887 1498 3221 1568 canonicuS,

598 1590 743 1650 bibl.
774 1592 940 1666 pont.
975 1592 1018 1650 t.
1049 1589 1176 1658 XII,
1213 1597 1578 1651 256—361.
1625 1589 1879 1646 Decisio·
1940 1586 2442 1662 Caesaraugustae
2479 1594 2643 1648 1609
2679 1588 2740 1643 et
2772 1585 2998 1643 Matriti
3036 1595 3223 1657 16133

600 1699 700 1738 nes
746 1698 789 1737 s.
841 1679 1020 1737 Rotae
1067 1677 1140 1736 ab
1188 1695 1255 1736 eo
1303 1677 1584 1736 formatas
1645 1675 1885 1752 collegit
1937 1678 1980 1733 t.
2017 1684 2051 1737 2
2087 1677 2151 1735 in
2182 1675 2239 1743 f„
2275 1673 2545 1733 Coloniae
2582 1682 2785 1743 16183
2848 1675 3225 1751 Antwerpiae

599 1768 907 1842 ediditque
938 1766 1196 1825 Didacus
1228 1767 1367 1824 Ant.
1388 1765 1636 1824 Frances
1666 1765 1739 1824 de
1759 1765 1883 1823 Ur·
1947 1774 2146 1834 16183
2199 1764 2437 1822 Genuae
2482 1772 2676 1832 16363
2718 1771 2879 1825 1658
2915 1761 3104 1845 etc.2).
3138 1798 3220 1808 —

602 1857 798 1932 ritig
817 1855 964 1913 oiti
1014 1855 1516 1930 Caesaraugustae
1564 1856 1606 1912 t.
1662 1863 1696 1916 2
1747 1853 1814 1911 in
1845 1853 1881 1910 f.
1938 1850 3036 1927 JoannesBuizaetLlamazaresjuris
3050 1871 3225 1912 cano-

597 1955 633 2009 '1
654 1954 799 2016 648,
839 1954 1025 2007 1650.
1059 1943 1180 2002 Sub
1212 1942 1313 2001 Pio
1345 1942 1441 2001 IV.
1475 1947 1537 2003 et
1567 1943 1670 2002 Pio
1694 1943 1755 2001 V.
1790 1960 1883 2000 so·
1940 1943 2059 2002 nici
2079 1942 2299 2010 doctor,
2332 1941 2533 2017 legum
2565 1940 2967 2015 imperialium
3000 1942 3228 2017 profes-

605 2035 730 2093 cius
759 2033 1001 2092 illorum
1031 2032 1164 2102 fuit,
1216 2032 1322 2107 qui
1355 2031 1752 2092 emendationi
1764 2014 1884 2089 'de-
1941 2050 2057 2112 sor,
2094 2030 2566 2105 archipresbyter
2609 2028 2682 2087 de
2725 2029 2786 2086 la
2815 2030 3001 2088 Matas
3034 2035 3096 2089 et
3124 2051 3229 2107 pa-

606 2123 755 2183 creti
785 2122 1053 2181 Gratiani
1067 2120 1507 2191 incumbebant,
1540 2122 1635 2180 cui
1669 2119 1888 2197 adjecit
1942 2115 2154 2200 ro'clius
2184 2119 2299 2178 loci
2331 2118 2428 2176 del
2461 2118 2710 2194 But-gos,
2728 2118 2974 2192 reliquit
3003 2126 3228 2178 tracta-

605 2212 1030 2272 adnotationes.
1108 2210 1573 2271 Canonizationis
1648 2227 1887 2269 causam
1943 2217 2036 2282 tus
2066 2210 2320 2267 diversos
2367 2224 2652 2282 perquam
2699 2207 2880 2266 utiles
2931 2203 3069 2289 (10)
3103 2226 3228 2268 om-

608 2299 904 2371 Didaci‚
938 2299 1389 2377 Hyacinthi,
1436 2297 1884 2375 Baymundi,
1942 2298 2123 2357 nibus
2154 2295 2474 2373 praecipue
2518 2295 2947 2366 ecclesiasticis,
2996 2297 3233 2356 Pinciae

606 2390 858 2449 Caroli
920 2390 1052 2448 Bor.
1104 2391 1165 2447 et
1212 2388 1662 2447 Franciscae
1722 2388 1887 2449 Rom.
1952 2387 2197 2450 1604in
2216 2383 2741 2447 4.—Joannesde
2769 2385 3230 2445 NarbonaTo-

601 2478 918 2555 promovit,
950 2478 1216 2553 plurium
1236 2495 1472 2552 quoque
1502 2478 1652 2535 vitas
1681 2474 1886 2543 edidit,
1945 2477 2199 2544 letanus,
2233 2472 2621 2533 decretalium
2661 2473 2971 2548 professor,
3004 2474 3228 2533 archie-

606 2568 692 2627 ita
753 2587 797 2630 s,
877 2568 1105 2644 Raym
1127 2565 1315 2625 undi
1395 2566 1612 2625 Romae
1688 2572 1848 2627 1601
1874 2584 1888 2634 ;
1944 2564 2174 2641 piscopi
2203 2563 2454 2623 toletani
2486 2562 2743 2623 vicarius
2773 2567 2834 2623 et
2852 2562 3032 2623 abbas
3045 2564 3234 2639 maj0r

611 2675 656 2715 s.
690 2657 963 2715 Didaci
995 2656 1058 2718 ll.
1096 2665 1152 2725 3,
1185 2654 1402 2713 Romae
1444 2663 1644 2724 15893
1696 2671 1739 2710 e.
1774 2652 1890 2711 Ca·
1947 2652 2370 2729 complutensis
2433 2651 2507 2710 ad
2567 2652 2871 2710 ecclesiam
2934 2652 3031 2710 SS.
3094 2653 3232 2711 MM.

607 2745 761 2805 roli
792 2747 877 2814 B„
901 2744 1133 2819 Hispali
1160 2752 1355 2812 1609;
1391 2760 1434 2799 s.
1468 2742 1892 2801 Franciscae
1945 2743 2110 2801 Justi
2159 2744 2220 2800 et
2269 2741 2529 2799 Pastoris
2581 2740 2817 2815 scripsit
2867 2740 2939 2799 de
2972 2743 3232 2821 appella-

608 2833 789 2903 Rom.‚
823 2834 1037 2891 Romae
1075 2840 1259 2895 1608.
1310 2831 1362 2889 A
1393 2830 1712 2890 Baluzio
1745 2831 1891 2888 dici·
1947 2834 2095 2891 tione
2155 2852 2187 2888 a
2235 2829 2455 2889 vicario
2507 2829 2582 2888 ad
2627 2830 2987 2905 episcopum,
3039 2830 3236 2890 'soleti

606 2924 712 2979 tur
745 2920 880 2990 ,vir
926 2920 1305 2979 doctissimus
1356 2922 1417 2978 et
1464 2920 1743 2979 laudatus
1773 2937 1892 2978 non
1958 2930 2121 2983 1615
2159 2920 2224 2978 in
2258 2929 2312 2980 4.

610 3010 802 3068 solum
835 3009 908 3069 ab
958 3008 1318 3078 hominibus,
1372 3008 1475 3083 qui
1521 3009 1724 3067 eodem
1756 3026 1893 3066 cum

610 3098 742 3174 ipso
773 3098 1052 3157 vixerunt
1095 3100 1377 3174 tempore,
1432 3097 1534 3155 sed
1587 3097 1767 3156 etiam
1819 3096 1893 3154 ab
2041 3106 2185 3159 249.
2218 3096 2479 3154 Joannes
2513 3095 2892 3165 Gutierez,
2941 3096 3235 3169 Placenti-

611 3187 746 3258 illis,
781 3187 885 3262 qui
932 3187 1118 3246 secuti
1161 3189 1368 3261 postea
1409 3181 1632 3267 sunt4).
1666 3221 1751 3228 -—
1783 3186 1891 3244 Pe·
1948 3204 2082 3257 nus,
2117 3185 2442 3244 advocatus
2461 3184 2739 3260 primum,
2766 3184 2900 3242 dein
2918 3184 3234 3244 canonicus

611 3279 742 3336 trus
822 3276 1169 3335 Vincentius
1237 3275 1590 3334 Marzilla
1666 3274 1893 3333 ordinis
1948 3273 2265 3334 doctoralis
2277 3276 2337 3332 et
2350 3273 2687 3350 theologiae
2704 3273 3016 3346 professor,
3037 3274 3237 3342 ,inter

612 3384 656 3424 e.
690 3367 831 3424 Ben.
883 3365 1466 3441 Caesaraugustanus
1512 3368 1573 3423 et
1618 3363 1891 3439 Compos·
1950 3364 2215 3440 insignes
2248 3361 2569 3437 Hispaniae
2600 3380 2705 3420 seu
2735 3362 2935 3420 verius
2962 3362 3233 3438 Europae

610 3454 787 3514 tellas
818 3455 1147 3532 theologiae
1167 3454 1493 3531 professor:
1528 3453 1767 3512 Decreta
1796 3471 1893 3510 sa·
1951 3453 2138 3512 totius
2180 3451 2338 3526 juris
2383 3451 2748 3510 consultores
2796 3469 3014 3510 nomen
3055 3469 3232 3510 suum

612 3562 753 3603 cros.
787 3546 1012 3603 concilii
1041 3545 1344 3602 tridentini
1372 3543 1451 3601 ad
1480 3560 1616 3601 suos
1646 3560 1897 3623 quaeque
1950 3539 2538 3601 honorificentissimo
2568 3539 2697 3600 loco
2717 3543 3092 3614 posterorum
3112 3559 3232 3598 me-

612 3633 806 3692 iitulos
818 3634 1131 3693 secundum
1145 3632 1296 3696 iuris
1309 3631 1628 3690 methodum
1646 3630 1892 3707 redegit,
1951 3630 2170 3689 moriae
2202 3629 2561 3687 consecravit
2578 3630 3023 3707 ingeniosissimi
3041 3629 3234 3706 elogio

1944 3720 2082 3795 jure
2115 3719 2360 3777 ornatus
2404 3736 2439 3775 a
2486 3717 2732 3793 Caspare
2763 3717 3025 3776 Antonio
3058 3718 3103 3776 Τ
3120 3717 3235 3777 he-

1953 3826 1980 3866 s
1999 3826 2177 3866 auro
2222 3807 2284 3864 in
2327 3806 2616 3881 principio
2662 3808 2954 3865 tractatus
2985 3806 3059 3866 de
3090 3826 3237 3883 aug-

1951 3900 2151 3955 mento
2184 3890 2573 3976 monetaess).‘
2649 3895 2840 3970 Opera
2887 3896 3036 3970 ejus,
3085 3914 3236 3970 quae

691 3874 730 3941 ¹)
759 3869 840 3923 Cf.
888 3870 1259 3937 Erythraeum
1306 3869 1492 3923 Pinac.
1537 3889 1593 3940 p.
1635 3876 1684 3926 1.
1722 3872 1896 3935 imag.

615 3945 714 3998 80;
765 3940 881 3994 Liv.
909 3941 1099 4008 Meyer
1127 3941 1268 3993 Hist.
1296 3944 1545 3995 controv.
1573 3942 1640 3995 de
1668 3941 1896 3994 auxiliis

617 4011 651 4070 ι.
680 4014 728 4067 3,
757 4028 800 4064 Ο,
827 4015 878 4066 2,
1953 3985 2026 4043 ad
2059 3988 2381 4058 utrumque
2422 3984 2527 4058 jus
2580 3986 2870 4058 spectant,
2923 4001 3097 4059 saepe
3129 4002 3239 4042 nec

693 4084 732 4149 ²)
761 4082 974 4136 Horum
1004 4083 1268 4136 elenchus
1295 4083 1364 4136 cf.
1389 4083 1447 4135 in
1479 4082 1774 4151 bibl.hisp.
1803 4099 1896 4135 no·
1953 4092 2073 4132 uno
2105 4074 2233 4132 loco
2265 4072 2427 4147 prelo
2459 4072 2726 4148 subjecta
2768 4072 2947 4143 fuere,
2995 4071 3237 4130 demum

616 4168 686 4204 va
713 4152 754 4216 1⁹
779 4157 914 4223 459;
943 4153 1173 4207 Schustss
1201 4154 1294 4220 ΠΙ,
1323 4158 1442 4211 734·
1953 4163 2135 4221 simul
2183 4161 2535 4238 prodierunt
2582 4160 2954 4237 Antwerpiie
2994 4168 3156 4223 1618
3191 4163 3235 4218 t.

619 4223 1900 4364 A12>JEJ0as0¹1¹15mthffl
1962 4261 2036 4313 1⁴
2089 4251 2155 4310 in
2202 4250 2259 4321 f·›
2312 4249 2591 4326 Lugduni
2858 4253 2901 4307 ¹2-
2940 4258 3009 4320 8³

619 4371 773 4423 1625.
804 4367 1180 4422 Concinnavit
1222 4370 1420 4421 auctor
1446 4370 1634 4421 noster
1659 4368 1897 4421 Instruc-
2014 4376 2029 4379 “
2046 4376 2129 4381 ““
2156 4374 2276 4381 —‘

620 4439 832 4493 tionem
874 4457 968 4492 seu
1014 4443 1235 4494 Praxim
1303 4441 1708 4507 Inqueitomun,
1752 4455 1897 4505 quae
2030 4441 2069 4509 ¹)
2100 4437 2178 4491 De
2218 4438 2386 4507 hujus
2426 4438 2595 4491 nimis
2633 4439 2762 4491 laxa
2803 4438 3069 4507 opinione
3094 4436 3239 4492 circa

621 4510 836 4577 prodiit
881 4511 942 4563 in
991 4527 1079 4579 op.
1127 4510 1279 4564 Caes,
1333 4510 1576 4562 Carenae
1620 4514 1683 4563 cle
1727 4514 1899 4576 officio
1956 4509 2360 4562 communionis
2412 4510 2794 4576 frequentiam
2845 4510 2913 4569 cf,
2961 4509 3116 4577 Lugo
3166 4509 3236 4563 de

618 4596 662 4633 s.
710 4581 1089 4649 Inquisitiom's,
1139 4582 1439 4635 Cremonae
1473 4585 1626 4645 1655,
1673 4580 1898 4647 aliaque
1959 4581 2131 4634 Enuh.
2161 4580 2304 4648 disp.
2334 4585 2417 4637 17.
2445 4598 2485 4633 s.
2514 4585 2561 4637 1.

623 4651 896 4716 opuscula
922 4652 1132 4719 gemini
1159 4650 1497 4717 argumenti.
2032 4660 2069 4718 ⁹)
2098 4652 2179 4704 Cf.
2210 4652 2331 4705 Nic.
2360 4651 2677 4704 Antonium
2700 4650 2840 4706 Bibl.
2858 4650 2925 4705 fl.
2944 4649 3098 4714 N.11‚
3117 4652 3239 4709 153.

695 4727 735 4784 ⁴)
763 4719 828 4772 In
866 4724 1057 4777 annot.
1098 4723 1170 4774 acl
1205 4718 1338 4775 dial.
1366 4727 1450 4778 20.
1500 4724 1565 4776 A.
1597 4723 1899 4793 Augustini
2030 4731 2069 4788 ³)
2096 4723 2238 4776 Bibl.
2267 4722 2334 4777 Η.
2363 4728 2411 4779 1.
2441 4727 2573 4791 7Ο8;
2602 4721 2927 4778 cf.Journal
2944 4720 3012 4775 de
3028 4721 3244 4774 Sava-ns

622 4789 692 4844 de
718 4790 935 4845 emend.
964 4791 1224 4846 Gratiani
1252 4793 1335 4847 ed.
1364 4797 1517 4850 1672.
1956 4799 2041 4857 95,
2074 4798 2338 4850 538-43-
