3625 5193
409 288 534 342 953

1428 270 1748 324 Franciscus
1776 269 2006 326 Silvius.

2905 286 3032 339 954

404 461 506 516 tur
519 454 585 537 ¹).
619 458 844 515 Auctor
875 458 1075 514 tamen
1107 454 1334 514 sincere
1366 455 1693 515 doctrinam
1749 456 1916 526 Quod
1950 457 1998 515 si
2033 453 2130 538 (ut
2161 458 2484 515 humanum
2506 459 2600 516 est
2632 452 2775 539 labi)
2808 458 3036 532 aliquid

404 547 755 607 catholicam
788 544 1027 616 amavit,
1078 544 1216 603 hinc
1246 543 1543 603 damnatis
1590 564 1695 621 per
1748 546 2015 605 fortassis
2045 546 2221 605 aliter
2251 564 2344 604 me
2374 545 2585 615 dicere,
2624 547 2894 618 scribere,
2930 547 3033 606 do-

408 647 715 695 romanum
736 634 1077 711 pontificem
1095 633 1368 692 Jansenii
1388 633 1692 693 erroribus
1748 653 1878 694 cere
1908 635 2237 713 contingat,
2272 653 2341 694 ex
2372 653 2531 694 nunc
2562 635 2745 695 habeo
2775 654 2881 712 pro
2913 655 3035 695 non

406 744 504 785 eos
536 744 603 784 ex
638 724 808 784 corde
838 722 1194 799 reprobavit.

496 913 641 967 405.
674 903 881 977 Neque
913 902 1104 979 Belqis
1146 901 1312 960 deest
1343 901 1544 979 magni
1583 921 1689 961 no·

406 993 583 1051 minis
612 991 929 1067 theologus
950 990 1179 1049 scholae
1196 990 1541 1049 Franciscus
1567 991 1691 1049 Sil-

403 1083 577 1141 vius
629 1078 738 1161 (du
787 1079 957 1150 Bois,
1013 1075 1294 1160 Sylvius).
1359 1079 1550 1138 Natus
1601 1082 1694 1139 est

402 1170 653 1229 Braniae
705 1168 947 1228 Comitis
996 1163 1582 1249 (Braine-le-Comte)
1629 1169 1692 1228 in

404 1259 720 1319 Hannonis
746 1269 772 1320 1
789 1268 822 1320 5
833 1266 867 1320 8
885 1268 932 1328 1,
968 1258 1231 1333 satisque
1249 1262 1480 1316 mature
1495 1260 1693 1317 totum

404 1367 465 1408 30
496 1348 694 1407 studio
713 1347 882 1406 dedit
913 1347 1205 1422 simulque
1225 1350 1285 1405 et
1316 1347 1570 1406 orationi
1590 1365 1692 1406 su-

405 1457 517 1514 pra
565 1456 743 1513 quam
793 1437 1194 1495 adolescentes
1256 1455 1395 1495 suae
1446 1436 1689 1494 aetatis:

410 1527 550 1586 hinc
579 1526 847 1585 omnium
878 1526 943 1584 in
975 1544 1036 1583 se
1057 1524 1436 1584 convertebat
1466 1524 1692 1584 animos

409 1636 475 1674 ac
519 1618 746 1675 ceteros
796 1614 1225 1690 condiscipulos
1272 1613 1346 1673 ad
1395 1614 1690 1673 virtutum

406 1704 751 1764 exercitium
783 1703 1045 1779 exemplo
1077 1721 1183 1762 3110
1233 1704 1508 1778 potenter
1539 1703 1692 1762 invi-

407 1794 592 1852 tabat.
627 1792 1034 1868 Philosophiae
1052 1792 1316 1866 primum
1346 1792 1410 1850 in
1442 1792 1691 1868 collegio

408 1883 584 1959 regis,
619 1881 1002 1940 scholasticae
1036 1880 1174 1939 dein
1206 1881 1543 1958 theologiae
1588 1881 1691 1939 do-

1747 724 1925 783 dicto.
1958 725 2051 783 Ita
2082 743 2175 783 me
2207 724 2368 783 Deus
2415 727 2632 783 amem
2697 724 2865 784 Hanc
2895 743 3033 784 vero

1746 813 2237 889 protestationem
2258 813 2514 890 singulis
2533 813 2742 873 diebus
2760 814 3032 873 lectioni-

1748 903 1861 962 bus
1891 902 2150 979 publicis
2184 901 2494 979 praemisit
2525 902 2772 979 adjectis
2803 903 3032 963 verbis:

1750 992 2050 1068 ,Spiritus
2080 1011 2125 1052 s.
2156 992 2349 1068 gratia
2382 991 2686 1051 illuminet
2733 1010 2941 1052 sensus
2973 997 3035 1052 et

1748 1081 1924 1140 corda
1953 1083 2175 1140 nostra.
2206 1080 2449 1139 Custodi
2481 1081 2632 1140 hanc
2662 1082 3033 1140 voluntatem

1749 1169 1997 1229 Domine
2030 1171 2246 1229 Deua<
2282 1169 2459 1228 Varia
2492 1169 2741 1229 diversis
2775 1171 2838 1228 iu
2871 1171 3031 1239 locis,

1748 1259 1933 1319 Duaci
1977 1258 2331 1336 praesertim
2372 1261 2435 1317 et
2466 1258 2715 1318 Braniae
2759 1258 3032 1318 fundavit

1747 1349 1941 1406 officia
1970 1353 2031 1408 et
2064 1347 2363 1416 beneficia,
2397 1347 2618 1423 quibus
2637 1351 2700 1406 et
2729 1349 2927 1407 cultus
2947 1348 3033 1406 di-

1747 1438 1927 1496 vinus
1960 1441 2282 1515 augeretur
2324 1439 2386 1495 et
2426 1437 2719 1496 tenuioris
2763 1436 3034 1496 fortunae

1747 1526 2205 1586 adolescentulis
2236 1526 2333 1601 pie
2379 1525 2816 1585 subveniretur.
2863 1527 3032 1585 Nun-

1747 1633 1929 1690 quam
1960 1616 2161 1676 studio
2192 1634 2298 1675 seu
2329 1614 2572 1673 lectioni
2605 1632 2803 1674 sacrae
2836 1633 2899 1673 se
2931 1616 3032 1672 de-

1747 1704 1857 1774 dit,
1890 1705 2006 1763 nisi
2050 1705 2186 1763 fusa
2227 1703 2393 1779 prius
2438 1704 2549 1762 hac
2593 1703 3034 1763 ferventissima

1747 1793 2197 1869 humillimaque
2229 1792 2521 1853 oratione:
2573 1793 2884 1863 ,Domine,
2918 1793 3034 1852 iste

1747 1882 2071 1941 vilissimus
2120 1900 2327 1941 servus
2371 1884 2516 1940 tuus
2568 1885 2629 1940 et
2673 1882 2834 1941 omni
2877 1883 3033 1941 bono

410 1970 624 2030 cendae
643 1970 1007 2047 provinciam
1023 1970 1086 2028 in
1109 1970 1407 2029 academia
1428 1970 1694 2029 duacena
1746 1972 2029 2048 indignus
2091 1972 2226 2030 vult
2284 1970 2518 2047 ingredi
2569 1971 2643 2029 ad
2708 1971 3034 2030 videndum

407 2080 457 2118 a.
519 2070 680 2123 1610
736 2060 994 2135 suscepit
1055 2061 1332 2135 totosque
1382 2069 1461 2123 30
1510 2076 1691 2117 annos
1745 2060 2058 2120 thesauros
2091 2065 2252 2128 tuos;
2302 2061 2529 2134 placeat
2558 2058 2691 2130 tibi,
2736 2063 2809 2118 ut.
2837 2060 3034 2136 ipsum

407 2149 623 2218 tenuit,
671 2166 738 2207 ac
767 2152 905 2224 post
937 2148 1175 2207 Estium
1218 2147 1573 2207 academiam
1618 2148 1692 2205 il-

406 2238 522 2296 lam
554 2256 690 2296 vere
722 2236 1064 2295 illustravit.
1105 2237 1244 2313 Egit
1272 2236 1692 2296 vicecancella-

1748 2149 2231 2225 indignissimum
2276 2148 2633 2214 introducas,
2687 2153 2746 2206 et
2792 2149 2894 2207 des
2944 2149 3033 2206 illi

1747 2240 1810 2296 in
1845 2242 2048 2297 sancta
2079 2238 2334 2297 lectione
2379 2238 2615 2295 tantum
2657 2241 2718 2295 te
2763 2236 3032 2312 diligere,

408 2326 566 2385 rium
597 2326 1023 2396 universitatiS,
1059 2325 1403 2385 canonicum
1434 2345 1476 2384 s.
1494 2326 1691 2384 Amati
1749 2331 2042 2403 quantum
2087 2331 2149 2385 te
2194 2343 2561 2403 cognoscere,
2610 2325 2752 2400 quia
2796 2325 2928 2385 nolo
2973 2331 3032 2384 te

407 2435 456 2474 a.
498 2424 662 2478 1618
710 2418 772 2473 01
804 2415 1093 2474 decanum
1129 2423 1315 2485 1622,
1364 2415 1511 2474 011111
1555 2433 1692 2473 vero
1747 2434 2116 2493 cognoscere,
2150 2415 2269 2473 nisi
2301 2418 2370 2473 111
2400 2417 2461 2473 10
2490 2414 2751 2490 diligam,
2786 2415 3035 2473 Domine

411 2514 487 2566 27
496 2504 691 2566 ‚Febn
712 2523 761 2562 a.
788 2499 1038 2583 16492).
1075 2503 1177 2562 Vir
1197 2506 1326 2562 erat
1343 2504 1693 2562 mitissimae
1749 2506 1907 2564 Deus
1940 2505 2177 2564 Creator
2221 2511 2450 2563 meus.‘
2505 2503 2636 2572 Ore,
2688 2503 2893 2572 oculis,
2942 2503 3033 2561 in-

405 2593 636 2664 indolis,
669 2592 984 2671 insigniter
1014 2591 1148 2668 pius
1187 2595 1368 2669 atque
1399 2593 1692 2653 Ecclesiae
1749 2613 1934 2665 cessu,
1952 2593 2415 2662 conversatione,
2431 2592 2665 2669 eloquio
2681 2593 3032 2652 ceterorum-

407 2682 723 2742 catholicae
754 2683 1148 2742 sincerissime
1168 2682 1457 2757 addictus,
1483 2687 1558 2741 ut
1588 2703 1691 2759 pa·
1748 2702 1865 2760 que
1900 2684 2162 2759 corporis
2209 2685 2481 2743 motuum
2535 2682 2875 2741 admirabili
2908 2702 3033 2742 mo·

406 2774 497 2831 tet
526 2792 597 2830 ex
642 2791 751 2830 sua
795 2771 1225 2848 protestatione
1271 2771 1691 2831 commentario
1748 2773 1941 2832 destia
1960 2773 2303 2832 castitatem
2336 2791 2454 2832 non
2484 2773 2723 2830 tantum
2743 2772 3034 2847 praefere-

406 2862 470 2919 in
502 2879 546 2919 s.
579 2861 861 2919 'rhomam
892 2861 1164 2936 praefixa,
1197 2879 1347 2934 quae
1378 2861 1535 2919 hisce
1561 2880 1692 2919 ver·
1747 2862 1867 2932 bat,
1917 2862 2017 2921 sed
2049 2863 2234 2921 etiam
2267 2861 2400 2920 aliis
2445 2879 2582 2920 cum
2611 2860 2744 2937 ipso
2791 2880 3036 2920 conver-

406 2950 497 3009 bis
511 2953 602 3008 est
617 2953 925 3025 concepta:
955 2950 1302 3019 ,Protestor
1322 2949 1508 3020 hodie,
1532 2949 1691 3025 quod
1748 2951 2022 3010 sant-ibus
2086 2951 2434 3028 inspirabat.
2497 2950 2574 3009 Et
2623 2950 2728 3025 qui
2787 2954 3037 3010 noverat

406 3039 468 3096 in
489 3038 601 3096 fide
633 3039 947 3098 acunitate
979 3057 1025 3097 s.
1056 3037 1266 3097 matris
1283 3038 1578 3097 Ecclesiae
1598 3057 1691 3096 ro·
1748 3041 2043 3099 castitatis
2093 3040 2290 3098 lilium
2352 3039 2552 3099 tutius
2615 3039 2775 3097 inter
2838 3039 3034 3115 spinas

406 3146 615 3187 manae
648 3126 846 3186 vivere
892 3146 957 3187 ac
987 3127 1139 3186 mori
1171 3127 1362 3202 cupio,
1413 3128 1692 3203 quodque
1747 3146 2002 3188 crescere
2023 3132 2083 3187 et
2102 3129 2453 3197 conservari,
2479 3128 2584 3186 isti
2602 3128 3035 3187 conservandae

409 3216 670 3275 actiones
702 3219 763 3275 et
791 3217 991 3275 studia
1020 3235 1150 3275 mea
1182 3216 1255 3274 ad
1288 3216 1392 3274 Dei
1424 3216 1689 3292 gloriam,
1747 3218 1964 3276 virtuti
2010 3217 2355 3276 deliciarum
2404 3216 2677 3275 inimicae
2729 3216 3034 3275 abstinen-

405 3307 466 3363 in
483 3305 777 3364 Ecclesiae
796 3305 1139 3375 utilitatem,
1174 3305 1238 3363 in
1265 3323 1455 3363 meam
1477 3308 1539 3364 et
1557 3323 1691 3381 pro·
1747 3308 1894 3366 tiam
1928 3307 2264 3377 adhibebat,
2298 3305 2560 3364 cilicium
2578 3308 2640 3363 et
2664 3305 2869 3381 jugem
2903 3322 3032 3363 cor-

407 3394 700 3452 ximorum
729 3395 981 3453 salutem
1014 3394 1285 3453 ordinare
1315 3393 1515 3464 velim,
1556 3398 1616 3453 et
1647 3413 1691 3455 s,
1747 3397 1906 3472 poris
1939 3396 2406 3472 castigationem.
2458 3393 2642 3452 Nulla
2672 3412 2735 3451 re
2767 3412 3033 3468 unquam

409 3483 772 3558 Scripturam
806 3502 1114 3559 nunquam
1135 3483 1251 3542 nisi
1275 3483 1452 3559 juxta
1482 3483 1692 3542 unani·
1749 3485 2028 3543 turbatus
2063 3488 2170 3553 est,
2205 3502 2512 3558 uunquam
2543 3482 2636 3540 ira
2661 3481 2871 3555 aliqua
2894 3481 3033 3556 plus

408 3590 558 3631 mem
612 3589 967 3631 consensum
1015 3576 1256 3649 patrum
1305 3572 1587 3647 accipiam
1632 3576 1694 3630 et
1741 3575 1910 3649 justo
1944 3576 2290 3641 0001100103,
2323 3590 2632 3646 nunquam
2656 3570 3033 3645 impatientia

407 3660 856 3736 interpretabor.
906 3658 1304 3737 Quaecunque
1347 3661 1525 3720 etiam
1569 3661 1691 3719 sive
1747 3661 1961 3729 victua,
2011 3662 2110 3718 sed
2143 3661 2373 3719 cunctis
2404 3659 2616 3717 fortior
2645 3659 2906 3717 adversis
2936 3659 3031 3717 in-

407 3749 482 3807 ad
502 3769 544 3812 3.
564 3749 815 3808 Thomae
836 3750 1133 3808 Summam
1155 3749 1548 3826 theologicam
1569 3749 1692 3808 sive
1747 3753 1841 3809 ter
1873 3750 2315 3809 adversantium
2357 3766 2605 3807 casuum
2639 3747 3033 3807 vehementis-

406 3837 471 3895 in
502 3837 1030 3914 disputationibus,
1077 3837 1435 3898 lectionibus
1482 3838 1692 3897 aliisve
1746 3839 1926 3898 simos
1956 3839 2231 3897 turbines
2264 3856 2496 3914 semper
2527 3837 2698 3896 stetit
2727 3837 3032 3903 immotus,

407 3926 721 3997 exercitiis,
756 3927 882 3986 sive
902 3946 1258 4003 quocunque
1286 3927 1411 3987 loco
1431 3928 1525 3987 vel
1544 3929 1691 3985 tem·
1746 3928 2128 4004 tranquillus,
2191 3945 2458 3997 serenus,
2523 3924 2781 4002 quietus.
2844 3925 3035 3996 Quam

407 4034 549 4091 pore
580 4014 693 4075 sim
738 4015 1030 4086 dicturus,
1079 4016 1434 4092 scripturus,
1484 4016 1689 4075 doctu·
1748 4018 1931 4077 animi
1965 4016 2487 4076 mansuetudinem
2519 4019 2580 4075 et
2625 4015 3033 4090 tranquillita-

405 4122 543 4175 111ος
595 4104 803 4176 dicam,
857 4105 1113 4163 scribam
1157 4108 1217 4163 et
1261 4105 1480 4163 docebo
1518 4105 1692 4179 juxta
1747 4112 1868 4165 tem
1899 4108 1963 4166 in
2011 4107 2289 4165 omnibus
2335 4105 2576 4181 scriptis
2623 4106 2747 4164 suis
2787 4104 3034 4181 reliquit

407 4193 658 4252 eundem
693 4194 1033 4252 unanimem
1055 4212 1407 4253 consensum
1433 4198 1689 4269 patrum.
1747 4198 2044 4267 testatam,
2092 4195 2157 4254 in
2191 4195 2412 4270 quibus
2453 4213 2572 4252 nou
2602 4213 2734 4253 raro
2780 4193 3033 4252 occasio-

1713 4266 1722 4315 ¹·
1746 4303 1883 4344 nem
1902 4287 2115 4344 nactus
2148 4284 2268 4343 vim
2287 4283 2348 4343 vi
2371 4283 2711 4359 repellendi,
2747 4301 2816 4340 ea
2835 4285 3035 4339 tamen

487 4403 523 4469 ι)
552 4398 633 4454 cf,
664 4400 878 4453 Halm-t
910 4400 1077 4454 them,
1110 4402 1338 4470 patrum
1381 4417 1564 4470 graec·
1592 4399 1629 4455 1·
1658 4405 1690 4456 2
1716 4359 1721 4499 1
1746 4373 2146 4433 moderatione
2207 4392 2353 4432 usus
2405 4374 2527 4439 est,
2592 4374 2662 4429 ut
2723 4370 3034 4469 lacessitus

409 4488 453 4525 c.
482 4476 509 4527 1
540 4479 567 4537 5
592 4474 641 4526 5.
1747 4463 1929 4522 etiam
1963 4465 2024 4521 et
2043 4462 2305 4538 graviter
2336 4461 2594 4520 offensus
2615 4477 2921 4533 nunquam
2956 4458 3029 4515 11-

485 4549 524 4607 ²)
551 4542 713 4624 Alius
739 4543 1003 4624 11δᾷοβΒῦ
1024 4543 1268 4598 Joannes
1290 4543 1326 4598 S
1343 4544 1361 4596 i
1378 4544 1399 4598 l
1416 4561 1449 4598 V
1465 4544 1484 4597 i
1502 4561 1579 4625 us
1608 4544 1694 4598 In·
1749 4570 1950 4610 vorem
1981 4551 2167 4610 livore
2187 4550 2482 4625 depulerit
2501 4549 2608 4605 aut
2638 4547 2922 4623 injuriam
2941 4547 3032 4603 in-

408 4613 665 4678 sulensis,
705 4613 1023 4669 medicinae
1063 4612 1343 4683 professor
1366 4615 1428 4668 in
1469 4632 1694 4669 univer·
1740 4641 1903 4716 juria
1935 4640 2229 4710 refutarit,
2265 4638 2368 4697 sed
2399 4637 2630 4706 blande,
2680 4636 2942 4695 suaviter
2973 4639 3034 4693 et

409 4685 578 4738 ³5³³oe
604 4686 855 4740 duacena
882 4694 928 4751 st
955 4689 1131 4751 ¹576)’
1177 4687 1338 4755 ⁰⁰j⁰⁸
1377 4690 1694 4742 “stamma‘’
1749 4731 2002 4788 humane
2048 4729 2162 4788 sibi
2207 4725 2662 4786 adversantibus
2704 4723 3029 4801 respondit,

408 4760 673 4811 nascentis
696 4761 974 4812 duacensis
994 4766 1042 4811 et
1057 4762 1430 4826 professorum
1466 4760 1691 4826 ejusdem
2305 4817 2315 4828 ‚
2361 4816 2371 4828 ,

408 4831 691 4882 encomium
718 4828 933 4898 prodiit
960 4826 1135 4881 Duaci
1164 4831 1319 4886 1563.
1747 4820 1918 4877 tanto
1951 4819 2140 4894 magis
2189 4817 2499 4883 sollicitus,
2552 4832 2627 4873 00
2673 4833 3032 4890 quemquam
