<?xml version="1.0" encoding="UTF-8"?>
<!DOCTYPE html PUBLIC "-//W3C//DTD XHTML 1.0 Transitional//EN"
    "http://www.w3.org/TR/xhtml1/DTD/xhtml1-transitional.dtd">
<html xmlns="http://www.w3.org/1999/xhtml" xml:lang="en" lang="en">
 <head>
  <title>
</title>
<meta http-equiv="Content-Type" content="text/html;charset=utf-8" />
  <meta name='ocr-system' content='tesseract 3.04.00' />
  <meta name='ocr-capabilities' content='ocr_page ocr_carea ocr_par ocr_line ocrx_word'/>
</head>
<body>
  <div class='ocr_page' id='page_1' title='image "./nomenclatorlite11hurtgoog_0163.png"; bbox 0 0 3625 5193; ppageno 0'>
   <div class='ocr_carea' id='block_1_1' title="bbox 394 233 2353 307">
    <p class='ocr_par' dir='ltr' id='par_1_1' title="bbox 394 233 2353 307">
     <span class='ocr_line' id='line_1_1' title="bbox 394 233 2353 307; baseline -0.002 -14"><span class='ocrx_word' id='word_1_1' title='bbox 394 252 518 306; x_wconf 84' lang='lat'><strong>309</strong></span> <span class='ocrx_word' id='word_1_2' title='bbox 1057 234 1349 307; x_wconf 86' lang='lat' dir='ltr'><strong>Santoni0‚</strong></span> <span class='ocrx_word' id='word_1_3' title='bbox 1374 235 1629 299; x_wconf 64' lang='lat' dir='ltr'><strong>Famem,</strong></span> <span class='ocrx_word' id='word_1_4' title='bbox 1657 233 2088 299; x_wconf 83' lang='lat' dir='ltr'><strong>Commendone,</strong></span> <span class='ocrx_word' id='word_1_5' title='bbox 2116 234 2353 290; x_wconf 79' lang='lat' dir='ltr'><strong>Laureo,</strong></span> 
     </span>
    </p>
   </div>
   <div class='ocr_carea' id='block_1_2' title="bbox 386 253 3015 1209">
    <p class='ocr_par' dir='ltr' id='par_1_2' title="bbox 386 253 3015 1209">
     <span class='ocr_line' id='line_1_2' title="bbox 2878 253 3008 307; baseline 0.046 -6"><span class='ocrx_word' id='word_1_6' title='bbox 2878 253 2911 305; x_wconf 79' lang='lat'><strong>:3</strong></span> <span class='ocrx_word' id='word_1_7' title='bbox 2929 255 2948 305; x_wconf 87' lang='lat'>1</span> <span class='ocrx_word' id='word_1_8' title='bbox 2966 256 3008 307; x_wconf 87' lang='lat'>0</span> 
     </span>
     <span class='ocr_line' id='line_1_3' title="bbox 391 413 3003 500; baseline 0.002 -24"><span class='ocrx_word' id='word_1_9' title='bbox 391 419 528 478; x_wconf 91' lang='lat' dir='ltr'><strong>dein</strong></span> <span class='ocrx_word' id='word_1_10' title='bbox 558 418 921 478; x_wconf 88' lang='lat' dir='ltr'><strong>tricariensis</strong></span> <span class='ocrx_word' id='word_1_11' title='bbox 954 413 1198 500; x_wconf 84' lang='lat'><strong>(1586),</strong></span> <span class='ocrx_word' id='word_1_12' title='bbox 1250 421 1362 480; x_wconf 93' lang='lat' dir='ltr'><strong>sub</strong></span> <span class='ocrx_word' id='word_1_13' title='bbox 1409 421 1568 480; x_wconf 84' lang='lat' dir='ltr'><strong>Sixto</strong></span> <span class='ocrx_word' id='word_1_14' title='bbox 1601 422 1670 480; x_wconf 88' lang='lat' dir='ltr'><strong>V.</strong></span> <span class='ocrx_word' id='word_1_15' title='bbox 1725 420 1979 480; x_wconf 86' lang='lat' dir='ltr'><strong>donatus</strong></span> <span class='ocrx_word' id='word_1_16' title='bbox 2012 439 2043 478; x_wconf 91' lang='lat' dir='ltr'><strong>e</strong></span> <span class='ocrx_word' id='word_1_17' title='bbox 2076 419 2325 479; x_wconf 90' lang='lat' dir='ltr'><strong>consilio</strong></span> <span class='ocrx_word' id='word_1_18' title='bbox 2357 438 2403 478; x_wconf 94' lang='lat' dir='ltr'><strong>s.</strong></span> <span class='ocrx_word' id='word_1_19' title='bbox 2435 420 2627 479; x_wconf 87' lang='lat' dir='ltr'><strong>Caroli</strong></span> <span class='ocrx_word' id='word_1_20' title='bbox 2646 421 3003 480; x_wconf 87' lang='lat' dir='ltr'><strong>Borromaei.</strong></span> 
     </span>
     <span class='ocr_line' id='line_1_4' title="bbox 389 507 3015 586; baseline 0.001 -20"><span class='ocrx_word' id='word_1_21' title='bbox 389 507 678 586; x_wconf 75' lang='lat' dir='ltr'>Magister</span> <span class='ocrx_word' id='word_1_22' title='bbox 709 525 755 567; x_wconf 92' lang='lat' dir='ltr'><strong>s.</strong></span> <span class='ocrx_word' id='word_1_23' title='bbox 786 509 1013 584; x_wconf 84' lang='lat' dir='ltr'><strong>palatii,</strong></span> <span class='ocrx_word' id='word_1_24' title='bbox 1066 509 1171 584; x_wconf 90' lang='lat' dir='ltr'><strong>qui</strong></span> <span class='ocrx_word' id='word_1_25' title='bbox 1223 529 1359 569; x_wconf 90' lang='lat' dir='ltr'><strong>eum</strong></span> <span class='ocrx_word' id='word_1_26' title='bbox 1410 509 1548 569; x_wconf 91' lang='lat' dir='ltr'><strong>dein</strong></span> <span class='ocrx_word' id='word_1_27' title='bbox 1595 511 1669 569; x_wconf 92' lang='lat' dir='ltr'><strong>ad</strong></span> <span class='ocrx_word' id='word_1_28' title='bbox 1723 509 1837 568; x_wconf 85' lang='lat' dir='ltr'><strong>Vix</strong></span> <span class='ocrx_word' id='word_1_29' title='bbox 1896 528 2161 584; x_wconf 89' lang='lat' dir='ltr'><strong>unquam</strong></span> <span class='ocrx_word' id='word_1_30' title='bbox 2204 508 2322 566; x_wconf 78' lang='lat' dir='ltr'><strong>fuit</strong></span> <span class='ocrx_word' id='word_1_31' title='bbox 2364 510 2620 568; x_wconf 86' lang='lat' dir='ltr'><strong>nuncius</strong></span> <span class='ocrx_word' id='word_1_32' title='bbox 2670 510 3015 584; x_wconf 85' lang='lat' dir='ltr'><strong>pontificius</strong></span> 
     </span>
     <span class='ocr_line' id='line_1_5' title="bbox 390 593 3008 681; baseline 0.001 -26"><span class='ocrx_word' id='word_1_33' title='bbox 390 615 572 673; x_wconf 87' lang='lat' dir='ltr'><strong>pagos</strong></span> <span class='ocrx_word' id='word_1_34' title='bbox 588 596 906 656; x_wconf 87' lang='lat' dir='ltr'><strong>catholicos</strong></span> <span class='ocrx_word' id='word_1_35' title='bbox 923 598 1226 658; x_wconf 80' lang='lat' dir='ltr'><strong>Helvetiae</strong></span> <span class='ocrx_word' id='word_1_36' title='bbox 1251 599 1417 658; x_wconf 90' lang='lat' dir='ltr'><strong>misit</strong></span> <span class='ocrx_word' id='word_1_37' title='bbox 1438 593 1667 681; x_wconf 84' lang='lat'>(1586-</span> <span class='ocrx_word' id='word_1_38' title='bbox 1725 599 1786 656; x_wconf 92' lang='lat' dir='ltr'><strong>in</strong></span> <span class='ocrx_word' id='word_1_39' title='bbox 1820 601 1913 657; x_wconf 88' lang='lat' dir='ltr'><strong>tot</strong></span> <span class='ocrx_word' id='word_1_40' title='bbox 1944 597 2244 656; x_wconf 87' lang='lat' dir='ltr'><strong>adhibitus</strong></span> <span class='ocrx_word' id='word_1_41' title='bbox 2275 597 2706 674; x_wconf 84' lang='lat' dir='ltr'><strong>legationibus:</strong></span> <span class='ocrx_word' id='word_1_42' title='bbox 2751 618 2813 657; x_wconf 91' lang='lat' dir='ltr'><strong>se</strong></span> <span class='ocrx_word' id='word_1_43' title='bbox 2844 600 3008 658; x_wconf 88' lang='lat' dir='ltr'><strong>enim</strong></span> 
     </span>
     <span class='ocr_line' id='line_1_6' title="bbox 398 681 3007 767; baseline -0 -20"><span class='ocrx_word' id='word_1_44' title='bbox 398 681 611 767; x_wconf 84' lang='lat'><strong>1587).</strong></span> <span class='ocrx_word' id='word_1_45' title='bbox 645 687 911 744; x_wconf 76' lang='lat' dir='ltr'><strong>Decessit</strong></span> <span class='ocrx_word' id='word_1_46' title='bbox 946 695 1043 748; x_wconf 89' lang='grc'><strong>29.</strong></span> <span class='ocrx_word' id='word_1_47' title='bbox 1076 687 1241 745; x_wconf 83' lang='lat' dir='ltr'><strong>Febr.</strong></span> <span class='ocrx_word' id='word_1_48' title='bbox 1282 697 1470 751; x_wconf 82' lang='lat'><strong>1592.</strong></span> <span class='ocrx_word' id='word_1_49' title='bbox 1517 690 1668 748; x_wconf 81' lang='lat' dir='ltr'><strong>Acta</strong></span> <span class='ocrx_word' id='word_1_50' title='bbox 1726 686 2171 746; x_wconf 74' lang='lat' dir='ltr'><strong>commendabat</strong></span> <span class='ocrx_word' id='word_1_51' title='bbox 2202 686 2568 757; x_wconf 77' lang='lat' dir='ltr'><strong>dexteritate,</strong></span> <span class='ocrx_word' id='word_1_52' title='bbox 2600 687 2920 763; x_wconf 87' lang='lat' dir='ltr'><strong>prudentia</strong></span> <span class='ocrx_word' id='word_1_53' title='bbox 2944 691 3007 746; x_wconf 90' lang='lat' dir='ltr'><strong>et</strong></span> 
     </span>
     <span class='ocr_line' id='line_1_7' title="bbox 388 774 3004 853; baseline 0.001 -20"><span class='ocrx_word' id='word_1_54' title='bbox 388 776 688 853; x_wconf 73' lang='lat' dir='ltr'><strong>leqaeionis</strong></span> <span class='ocrx_word' id='word_1_55' title='bbox 736 774 916 833; x_wconf 88' lang='lat' dir='ltr'><strong>habes</strong></span> <span class='ocrx_word' id='word_1_56' title='bbox 963 774 1031 832; x_wconf 89' lang='lat' dir='ltr'><strong>in</strong></span> <span class='ocrx_word' id='word_1_57' title='bbox 1060 794 1152 851; x_wconf 92' lang='lat' dir='ltr'><strong>op.</strong></span> <span class='ocrx_word' id='word_1_58' title='bbox 1186 776 1369 836; x_wconf 87' lang='lat' dir='ltr'><strong>Ehses</strong></span> <span class='ocrx_word' id='word_1_59' title='bbox 1402 797 1535 837; x_wconf 88' lang='lat' dir='ltr'><strong>mox</strong></span> <span class='ocrx_word' id='word_1_60' title='bbox 1570 779 1667 836; x_wconf 86' lang='lat' dir='ltr'><strong>cit.</strong></span> <span class='ocrx_word' id='word_1_61' title='bbox 1726 777 2038 853; x_wconf 77' lang='lat' dir='ltr'><strong>dignitate.</strong></span> <span class='ocrx_word' id='word_1_62' title='bbox 2090 775 2374 834; x_wconf 85' lang='lat' dir='ltr'><strong>Interfuit</strong></span> <span class='ocrx_word' id='word_1_63' title='bbox 2404 779 2465 833; x_wconf 92' lang='lat' dir='ltr'><strong>et</strong></span> <span class='ocrx_word' id='word_1_64' title='bbox 2495 776 2742 835; x_wconf 88' lang='lat' dir='ltr'><strong>concilio</strong></span> <span class='ocrx_word' id='word_1_65' title='bbox 2773 777 3004 835; x_wconf 91' lang='lat' dir='ltr'><strong>triden-</strong></span> 
     </span>
     <span class='ocr_line' id='line_1_8' title="bbox 388 865 3004 941; baseline 0 -19"><span class='ocrx_word' id='word_1_66' title='bbox 388 885 444 941; x_wconf 90' lang='lat' dir='ltr'><strong>p.</strong></span> <span class='ocrx_word' id='word_1_67' title='bbox 498 873 865 927; x_wconf 82' lang='lat'><strong>225—270.</strong></span> <span class='ocrx_word' id='word_1_68' title='bbox 913 898 998 906; x_wconf 94' lang='lat'>—</span> <span class='ocrx_word' id='word_1_69' title='bbox 1028 865 1360 924; x_wconf 82' lang='lat' dir='ltr'><strong>Alexander</strong></span> <span class='ocrx_word' id='word_1_70' title='bbox 1404 867 1670 925; x_wconf 83' lang='lat' dir='ltr'><strong>Farne-</strong></span> <span class='ocrx_word' id='word_1_71' title='bbox 1725 865 1883 924; x_wconf 90' lang='lat' dir='ltr'><strong>tino:</strong></span> <span class='ocrx_word' id='word_1_72' title='bbox 1927 872 2055 922; x_wconf 79' lang='lat' dir='ltr'><strong>acta</strong></span> <span class='ocrx_word' id='word_1_73' title='bbox 2100 883 2237 924; x_wconf 77' lang='lat' dir='ltr'><strong>vero</strong></span> <span class='ocrx_word' id='word_1_74' title='bbox 2283 865 2431 939; x_wconf 69' lang='lat' dir='ltr'><strong>eiua,</strong></span> <span class='ocrx_word' id='word_1_75' title='bbox 2479 883 2631 940; x_wconf 89' lang='lat' dir='ltr'><strong>quae</strong></span> <span class='ocrx_word' id='word_1_76' title='bbox 2675 865 2785 923; x_wconf 91' lang='lat' dir='ltr'><strong>hoc</strong></span> <span class='ocrx_word' id='word_1_77' title='bbox 2816 866 3004 940; x_wconf 90' lang='lat' dir='ltr'><strong>respi-</strong></span> 
     </span>
     <span class='ocr_line' id='line_1_9' title="bbox 388 952 3003 1029; baseline 0 -17"><span class='ocrx_word' id='word_1_78' title='bbox 388 954 550 1012; x_wconf 89' lang='lat' dir='ltr'><strong>sius</strong></span> <span class='ocrx_word' id='word_1_79' title='bbox 584 952 997 1011; x_wconf 89' lang='lat' dir='ltr'><strong>illustrissima</strong></span> <span class='ocrx_word' id='word_1_80' title='bbox 1034 956 1211 1029; x_wconf 90' lang='lat' dir='ltr'><strong>gente</strong></span> <span class='ocrx_word' id='word_1_81' title='bbox 1241 955 1461 1014; x_wconf 85' lang='lat' dir='ltr'><strong>Romae</strong></span> <span class='ocrx_word' id='word_1_82' title='bbox 1492 959 1670 1014; x_wconf 88' lang='lat' dir='ltr'><strong>natus</strong></span> <span class='ocrx_word' id='word_1_83' title='bbox 1728 954 1901 1013; x_wconf 88' lang='lat' dir='ltr'><strong>ciunt</strong></span> <span class='ocrx_word' id='word_1_84' title='bbox 1949 953 2282 1021; x_wconf 77' lang='lat' dir='ltr'><strong>concilium,</strong></span> <span class='ocrx_word' id='word_1_85' title='bbox 2333 954 2630 1012; x_wconf 81' lang='lat' dir='ltr'><strong>habentur</strong></span> <span class='ocrx_word' id='word_1_86' title='bbox 2673 954 2737 1012; x_wconf 91' lang='lat' dir='ltr'><strong>in</strong></span> <span class='ocrx_word' id='word_1_87' title='bbox 2768 954 3003 1013; x_wconf 88' lang='lat' dir='ltr'><strong>Miscel-</strong></span> 
     </span>
     <span class='ocr_line' id='line_1_10' title="bbox 394 1041 3007 1110; baseline -0.001 -7"><span class='ocrx_word' id='word_1_88' title='bbox 394 1052 447 1103; x_wconf 80' lang='lat'><strong>7.</strong></span> <span class='ocrx_word' id='word_1_89' title='bbox 483 1041 609 1100; x_wconf 87' lang='lat' dir='ltr'><strong>Oct.</strong></span> <span class='ocrx_word' id='word_1_90' title='bbox 647 1050 834 1110; x_wconf 85' lang='lat'><strong>1520,</strong></span> <span class='ocrx_word' id='word_1_91' title='bbox 865 1041 1203 1101; x_wconf 81' lang='lat' dir='ltr'><strong>adolescens</strong></span> <span class='ocrx_word' id='word_1_92' title='bbox 1234 1053 1308 1106; x_wconf 87' lang='lat'><strong>15</strong></span> <span class='ocrx_word' id='word_1_93' title='bbox 1344 1062 1394 1101; x_wconf 89' lang='lat' dir='ltr'><strong>a.</strong></span> <span class='ocrx_word' id='word_1_94' title='bbox 1425 1065 1458 1102; x_wconf 88' lang='lat' dir='ltr'><strong>a</strong></span> <span class='ocrx_word' id='word_1_95' title='bbox 1483 1045 1670 1103; x_wconf 90' lang='lat' dir='ltr'><strong>Paulo</strong></span> <span class='ocrx_word' id='word_1_96' title='bbox 1727 1043 1896 1101; x_wconf 89' lang='lat' dir='ltr'><strong>lanea</strong></span> <span class='ocrx_word' id='word_1_97' title='bbox 1926 1043 1986 1100; x_wconf 89' lang='lat' dir='ltr'><strong>di</strong></span> <span class='ocrx_word' id='word_1_98' title='bbox 2020 1043 2215 1102; x_wconf 86' lang='lat' dir='ltr'><strong>Storia</strong></span> <span class='ocrx_word' id='word_1_99' title='bbox 2245 1042 2499 1101; x_wconf 88' lang='lat' dir='ltr'><strong>Italiana</strong></span> <span class='ocrx_word' id='word_1_100' title='bbox 2531 1046 2572 1100; x_wconf 85' lang='lat' dir='ltr'><strong>t..</strong></span> <span class='ocrx_word' id='word_1_101' title='bbox 2605 1042 2701 1101; x_wconf 91' lang='lat' dir='ltr'><strong>VI.</strong></span> <span class='ocrx_word' id='word_1_102' title='bbox 2744 1043 3007 1101; x_wconf 84' lang='lat' dir='ltr'><strong>Decessit</strong></span> 
     </span>
     <span class='ocr_line' id='line_1_11' title="bbox 386 1130 3007 1209; baseline 0.001 -23"><span class='ocrx_word' id='word_1_103' title='bbox 386 1130 493 1189; x_wconf 84' lang='lat' dir='ltr'><strong>III.</strong></span> <span class='ocrx_word' id='word_1_104' title='bbox 527 1150 638 1189; x_wconf 84' lang='lat' dir='ltr'><strong>avo</strong></span> <span class='ocrx_word' id='word_1_105' title='bbox 670 1147 777 1188; x_wconf 91' lang='lat' dir='ltr'><strong>suo</strong></span> <span class='ocrx_word' id='word_1_106' title='bbox 809 1130 966 1188; x_wconf 88' lang='lat' dir='ltr'><strong>inter</strong></span> <span class='ocrx_word' id='word_1_107' title='bbox 986 1131 1311 1190; x_wconf 75' lang='lat' dir='ltr'><strong>cardinales</strong></span> <span class='ocrx_word' id='word_1_108' title='bbox 1332 1132 1669 1209; x_wconf 89' lang='lat' dir='ltr'><strong>adoptatus,</strong></span> <span class='ocrx_word' id='word_1_109' title='bbox 1728 1132 1820 1189; x_wconf 83' lang='lat' dir='ltr'><strong>vir</strong></span> <span class='ocrx_word' id='word_1_110' title='bbox 1850 1131 2124 1208; x_wconf 89' lang='lat' dir='ltr'><strong>insignis,</strong></span> <span class='ocrx_word' id='word_1_111' title='bbox 2158 1150 2336 1207; x_wconf 90' lang='lat' dir='ltr'><strong>quem</strong></span> <span class='ocrx_word' id='word_1_112' title='bbox 2367 1131 2688 1190; x_wconf 75' lang='lat' dir='ltr'><strong>cardinales</strong></span> <span class='ocrx_word' id='word_1_113' title='bbox 2705 1131 2858 1190; x_wconf 88' lang='lat' dir='ltr'><strong>tiara</strong></span> <span class='ocrx_word' id='word_1_114' title='bbox 2876 1132 3007 1208; x_wconf 86' lang='lat' dir='ltr'><strong>dig-</strong></span> 
     </span>
    </p>
   </div>
   <div class='ocr_carea' id='block_1_3' title="bbox 385 1218 1686 2790">
    <p class='ocr_par' dir='ltr' id='par_1_3' title="bbox 385 1218 1686 2790">
     <span class='ocr_line' id='line_1_12' title="bbox 387 1218 1671 1293; baseline 0.002 -16"><span class='ocrx_word' id='word_1_115' title='bbox 387 1219 465 1277; x_wconf 89' lang='lat' dir='ltr'><strong>ad</strong></span> <span class='ocrx_word' id='word_1_116' title='bbox 494 1219 688 1277; x_wconf 81' lang='lat' dir='ltr'><strong>varios</strong></span> <span class='ocrx_word' id='word_1_117' title='bbox 719 1218 1114 1293; x_wconf 87' lang='lat' dir='ltr'><strong>episcopatus,</strong></span> <span class='ocrx_word' id='word_1_118' title='bbox 1167 1220 1405 1279; x_wconf 89' lang='lat' dir='ltr'><strong>demum</strong></span> <span class='ocrx_word' id='word_1_119' title='bbox 1449 1222 1671 1280; x_wconf 86' lang='lat' dir='ltr'><strong>ostien-</strong></span> 
     </span>
     <span class='ocr_line' id='line_1_13' title="bbox 386 1307 1671 1388; baseline 0.002 -21"><span class='ocrx_word' id='word_1_120' title='bbox 386 1327 512 1367; x_wconf 88' lang='lat' dir='ltr'><strong>sem</strong></span> <span class='ocrx_word' id='word_1_121' title='bbox 553 1307 672 1366; x_wconf 84' lang='lat' dir='ltr'><strong>fuit</strong></span> <span class='ocrx_word' id='word_1_122' title='bbox 714 1309 1036 1382; x_wconf 88' lang='lat' dir='ltr'><strong>promotus.</strong></span> <span class='ocrx_word' id='word_1_123' title='bbox 1101 1309 1436 1383; x_wconf 89' lang='lat' dir='ltr'><strong>Purpuram</strong></span> <span class='ocrx_word' id='word_1_124' title='bbox 1476 1312 1671 1388; x_wconf 86' lang='lat' dir='ltr'><strong>gesta-</strong></span> 
     </span>
     <span class='ocr_line' id='line_1_14' title="bbox 387 1395 1671 1465; baseline 0.002 -9"><span class='ocrx_word' id='word_1_125' title='bbox 387 1398 481 1456; x_wconf 80' lang='lat' dir='ltr'><strong>vit</strong></span> <span class='ocrx_word' id='word_1_126' title='bbox 512 1417 562 1455; x_wconf 89' lang='lat' dir='ltr'><strong>a.</strong></span> <span class='ocrx_word' id='word_1_127' title='bbox 600 1405 696 1465; x_wconf 84' lang='lat'><strong>55,</strong></span> <span class='ocrx_word' id='word_1_128' title='bbox 730 1397 868 1454; x_wconf 89' lang='lat' dir='ltr'><strong>hinc</strong></span> <span class='ocrx_word' id='word_1_129' title='bbox 903 1395 1162 1456; x_wconf 89' lang='lat' dir='ltr'><strong>decanus</strong></span> <span class='ocrx_word' id='word_1_130' title='bbox 1208 1397 1324 1457; x_wconf 87' lang='lat' dir='ltr'><strong>fuit</strong></span> <span class='ocrx_word' id='word_1_131' title='bbox 1369 1400 1518 1458; x_wconf 90' lang='lat' dir='ltr'><strong>sacri</strong></span> <span class='ocrx_word' id='word_1_132' title='bbox 1552 1400 1671 1459; x_wconf 91' lang='lat' dir='ltr'><strong>col-</strong></span> 
     </span>
     <span class='ocr_line' id='line_1_15' title="bbox 388 1484 1672 1561; baseline 0.002 -17"><span class='ocrx_word' id='word_1_133' title='bbox 388 1485 537 1561; x_wconf 90' lang='lat' dir='ltr'><strong>legii</strong></span> <span class='ocrx_word' id='word_1_134' title='bbox 570 1487 631 1543; x_wconf 91' lang='lat' dir='ltr'><strong>et</strong></span> <span class='ocrx_word' id='word_1_135' title='bbox 660 1485 838 1543; x_wconf 89' lang='lat' dir='ltr'><strong>etiam</strong></span> <span class='ocrx_word' id='word_1_136' title='bbox 858 1484 1375 1545; x_wconf 81' lang='lat' dir='ltr'><strong>vicecancellarius</strong></span> <span class='ocrx_word' id='word_1_137' title='bbox 1397 1507 1672 1547; x_wconf 87' lang='lat' dir='ltr'><strong>romanae</strong></span> 
     </span>
     <span class='ocr_line' id='line_1_16' title="bbox 386 1573 1670 1651; baseline 0.002 -18"><span class='ocrx_word' id='word_1_138' title='bbox 386 1574 703 1634; x_wconf 80' lang='lat' dir='ltr'><strong>Ecclesiae.</strong></span> <span class='ocrx_word' id='word_1_139' title='bbox 767 1573 855 1631; x_wconf 93' lang='lat' dir='ltr'><strong>Ob</strong></span> <span class='ocrx_word' id='word_1_140' title='bbox 887 1574 1145 1651; x_wconf 84' lang='lat' dir='ltr'><strong>insignia</strong></span> <span class='ocrx_word' id='word_1_141' title='bbox 1192 1578 1362 1651; x_wconf 90' lang='lat' dir='ltr'><strong>gesta</strong></span> <span class='ocrx_word' id='word_1_142' title='bbox 1391 1579 1450 1635; x_wconf 89' lang='lat' dir='ltr'><strong>et</strong></span> <span class='ocrx_word' id='word_1_143' title='bbox 1480 1579 1670 1636; x_wconf 83' lang='lat' dir='ltr'><strong>virtu-</strong></span> 
     </span>
     <span class='ocr_line' id='line_1_17' title="bbox 386 1662 1669 1738; baseline 0.003 -17"><span class='ocrx_word' id='word_1_144' title='bbox 386 1665 520 1721; x_wconf 89' lang='lat' dir='ltr'><strong>tum</strong></span> <span class='ocrx_word' id='word_1_145' title='bbox 557 1665 831 1721; x_wconf 86' lang='lat' dir='ltr'><strong>ornatum</strong></span> <span class='ocrx_word' id='word_1_146' title='bbox 862 1662 979 1720; x_wconf 92' lang='lat' dir='ltr'><strong>dici</strong></span> <span class='ocrx_word' id='word_1_147' title='bbox 1001 1665 1216 1738; x_wconf 83' lang='lat' dir='ltr'><strong>potuit,</strong></span> <span class='ocrx_word' id='word_1_148' title='bbox 1252 1683 1387 1723; x_wconf 87' lang='lat' dir='ltr'><strong>cum</strong></span> <span class='ocrx_word' id='word_1_149' title='bbox 1415 1685 1669 1725; x_wconf 89' lang='lat' dir='ltr'><strong>morere-</strong></span> 
     </span>
     <span class='ocr_line' id='line_1_18' title="bbox 390 1747 1672 1833; baseline 0.001 -22"><span class='ocrx_word' id='word_1_150' title='bbox 390 1757 496 1811; x_wconf 87' lang='lat' dir='ltr'><strong>tur</strong></span> <span class='ocrx_word' id='word_1_151' title='bbox 527 1747 611 1833; x_wconf 77' lang='lat'><strong>(2.</strong></span> <span class='ocrx_word' id='word_1_152' title='bbox 645 1753 813 1809; x_wconf 86' lang='lat' dir='ltr'><strong>Mart.</strong></span> <span class='ocrx_word' id='word_1_153' title='bbox 854 1747 1081 1831; x_wconf 86' lang='lat'>1589):</span> <span class='ocrx_word' id='word_1_154' title='bbox 1131 1754 1403 1820; x_wconf 72' lang='lat' dir='ltr'><strong>,Patriae</strong></span> <span class='ocrx_word' id='word_1_155' title='bbox 1436 1757 1495 1812; x_wconf 89' lang='lat' dir='ltr'><strong>et</strong></span> <span class='ocrx_word' id='word_1_156' title='bbox 1525 1774 1672 1830; x_wconf 91' lang='lat' dir='ltr'><strong>pau-</strong></span> 
     </span>
     <span class='ocr_line' id='line_1_19' title="bbox 388 1841 1668 1918; baseline 0.002 -19"><span class='ocrx_word' id='word_1_157' title='bbox 388 1860 605 1917; x_wconf 89' lang='lat' dir='ltr'><strong>perum</strong></span> <span class='ocrx_word' id='word_1_158' title='bbox 666 1843 987 1916; x_wconf 87' lang='lat' dir='ltr'><strong>parentem,</strong></span> <span class='ocrx_word' id='word_1_159' title='bbox 1032 1841 1231 1901; x_wconf 87' lang='lat' dir='ltr'><strong>curiae</strong></span> <span class='ocrx_word' id='word_1_160' title='bbox 1278 1844 1668 1918; x_wconf 86' lang='lat' dir='ltr'><strong>splendorem,</strong></span> 
     </span>
     <span class='ocr_line' id='line_1_20' title="bbox 385 1932 1671 2006; baseline 0.002 -18"><span class='ocrx_word' id='word_1_161' title='bbox 385 1948 694 2006; x_wconf 86' lang='lat' dir='ltr'><strong>purpurae</strong></span> <span class='ocrx_word' id='word_1_162' title='bbox 724 1933 1157 1999; x_wconf 85' lang='lat' dir='ltr'><strong>ornamentum,</strong></span> <span class='ocrx_word' id='word_1_163' title='bbox 1192 1932 1538 1991; x_wconf 88' lang='lat' dir='ltr'><strong>antistitum</strong></span> <span class='ocrx_word' id='word_1_164' title='bbox 1570 1932 1671 1990; x_wconf 92' lang='lat' dir='ltr'><strong>de-</strong></span> 
     </span>
     <span class='ocr_line' id='line_1_21' title="bbox 387 2017 1671 2096; baseline 0.002 -19"><span class='ocrx_word' id='word_1_165' title='bbox 387 2037 516 2087; x_wconf 77' lang='lat' dir='ltr'><strong>cus,</strong></span> <span class='ocrx_word' id='word_1_166' title='bbox 564 2017 873 2076; x_wconf 82' lang='lat' dir='ltr'><strong>christiani</strong></span> <span class='ocrx_word' id='word_1_167' title='bbox 933 2019 1092 2078; x_wconf 89' lang='lat' dir='ltr'><strong>orbis</strong></span> <span class='ocrx_word' id='word_1_168' title='bbox 1133 2039 1419 2096; x_wconf 88' lang='lat' dir='ltr'><strong>magnum</strong></span> <span class='ocrx_word' id='word_1_169' title='bbox 1468 2020 1671 2079; x_wconf 88' lang='lat' dir='ltr'><strong>lumen</strong></span> 
     </span>
     <span class='ocr_line' id='line_1_22' title="bbox 387 2104 1670 2188; baseline 0.001 -22"><span class='ocrx_word' id='word_1_170' title='bbox 387 2109 573 2166; x_wconf 84' lang='lat' dir='ltr'><strong>fuisse</strong></span> <span class='ocrx_word' id='word_1_171' title='bbox 648 2106 954 2164; x_wconf 89' lang='lat' dir='ltr'><strong>sublatum</strong></span> <span class='ocrx_word' id='word_1_172' title='bbox 969 2104 1078 2188; x_wconf 72' lang='lat'><strong>1).‘</strong></span> <span class='ocrx_word' id='word_1_173' title='bbox 1172 2107 1261 2167; x_wconf 93' lang='lat' dir='ltr'><strong>Ob</strong></span> <span class='ocrx_word' id='word_1_174' title='bbox 1335 2109 1670 2167; x_wconf 87' lang='lat' dir='ltr'><strong>nobilitatis</strong></span> 
     </span>
     <span class='ocr_line' id='line_1_23' title="bbox 389 2195 1686 2273; baseline 0.002 -19"><span class='ocrx_word' id='word_1_175' title='bbox 389 2195 766 2272; x_wconf 88' lang='lat' dir='ltr'><strong>splendorem</strong></span> <span class='ocrx_word' id='word_1_176' title='bbox 811 2199 872 2253; x_wconf 90' lang='lat' dir='ltr'><strong>et</strong></span> <span class='ocrx_word' id='word_1_177' title='bbox 916 2196 979 2254; x_wconf 90' lang='lat' dir='ltr'><strong>in</strong></span> <span class='ocrx_word' id='word_1_178' title='bbox 1011 2197 1193 2256; x_wconf 89' lang='lat' dir='ltr'><strong>rebus</strong></span> <span class='ocrx_word' id='word_1_179' title='bbox 1224 2197 1498 2273; x_wconf 84' lang='lat' dir='ltr'><strong>gerendis</strong></span> <span class='ocrx_word' id='word_1_180' title='bbox 1532 2199 1686 2257; x_wconf 80' lang='lat' dir='ltr'><strong>dex--</strong></span> 
     </span>
     <span class='ocr_line' id='line_1_24' title="bbox 389 2285 1671 2362; baseline 0.001 -19"><span class='ocrx_word' id='word_1_181' title='bbox 389 2285 693 2343; x_wconf 77' lang='lat' dir='ltr'><strong>‘ceritatem</strong></span> <span class='ocrx_word' id='word_1_182' title='bbox 724 2302 846 2342; x_wconf 91' lang='lat' dir='ltr'><strong>non</strong></span> <span class='ocrx_word' id='word_1_183' title='bbox 878 2286 1059 2343; x_wconf 87' lang='lat' dir='ltr'><strong>semel</strong></span> <span class='ocrx_word' id='word_1_184' title='bbox 1092 2286 1312 2344; x_wconf 91' lang='lat' dir='ltr'><strong>missus</strong></span> <span class='ocrx_word' id='word_1_185' title='bbox 1330 2291 1421 2345; x_wconf 87' lang='lat' dir='ltr'><strong>est</strong></span> <span class='ocrx_word' id='word_1_186' title='bbox 1430 2287 1671 2362; x_wconf 90' lang='lat' dir='ltr'><strong>juvenis</strong></span> 
     </span>
     <span class='ocr_line' id='line_1_25' title="bbox 390 2372 1670 2450; baseline 0.002 -19"><span class='ocrx_word' id='word_1_187' title='bbox 390 2374 582 2431; x_wconf 87' lang='lat' dir='ltr'><strong>adhuc</strong></span> <span class='ocrx_word' id='word_1_188' title='bbox 631 2372 704 2430; x_wconf 90' lang='lat' dir='ltr'><strong>ad</strong></span> <span class='ocrx_word' id='word_1_189' title='bbox 736 2372 1007 2432; x_wconf 86' lang='lat' dir='ltr'><strong>Carolum</strong></span> <span class='ocrx_word' id='word_1_190' title='bbox 1041 2375 1105 2434; x_wconf 91' lang='lat' dir='ltr'><strong>V.</strong></span> <span class='ocrx_word' id='word_1_191' title='bbox 1137 2375 1278 2450; x_wconf 90' lang='lat' dir='ltr'><strong>imp.</strong></span> <span class='ocrx_word' id='word_1_192' title='bbox 1341 2377 1490 2434; x_wconf 84' lang='lat' dir='ltr'><strong>Acta</strong></span> <span class='ocrx_word' id='word_1_193' title='bbox 1541 2377 1670 2450; x_wconf 84' lang='lat' dir='ltr'><strong>ejus</strong></span> 
     </span>
     <span class='ocr_line' id='line_1_26' title="bbox 390 2462 1672 2539; baseline 0.002 -19"><span class='ocrx_word' id='word_1_194' title='bbox 390 2462 612 2539; x_wconf 87' lang='lat' dir='ltr'><strong>passim</strong></span> <span class='ocrx_word' id='word_1_195' title='bbox 643 2467 965 2520; x_wconf 87' lang='lat' dir='ltr'><strong>occurrunt</strong></span> <span class='ocrx_word' id='word_1_196' title='bbox 994 2463 1059 2521; x_wconf 92' lang='lat' dir='ltr'><strong>in</strong></span> <span class='ocrx_word' id='word_1_197' title='bbox 1078 2463 1672 2523; x_wconf 84' lang='lat' dir='ltr'><strong>Nuntiaturberichte</strong></span> 
     </span>
     <span class='ocr_line' id='line_1_27' title="bbox 390 2551 1670 2617; baseline 0.001 -7"><span class='ocrx_word' id='word_1_198' title='bbox 390 2569 498 2611; x_wconf 88' lang='lat' dir='ltr'><strong>aus</strong></span> <span class='ocrx_word' id='word_1_199' title='bbox 547 2551 950 2610; x_wconf 83' lang='lat' dir='ltr'><strong>Deutschland</strong></span> <span class='ocrx_word' id='word_1_200' title='bbox 1008 2561 1437 2617; x_wconf 82' lang='lat'>1533—-1599</span> <span class='ocrx_word' id='word_1_201' title='bbox 1483 2558 1528 2614; x_wconf 75' lang='lat' dir='ltr'><strong>t.</strong></span> <span class='ocrx_word' id='word_1_202' title='bbox 1574 2553 1670 2612; x_wconf 93' lang='lat' dir='ltr'><strong>IV.</strong></span> 
     </span>
     <span class='ocr_line' id='line_1_28' title="bbox 391 2640 1667 2719; baseline 0.001 -21"><span class='ocrx_word' id='word_1_203' title='bbox 391 2641 548 2699; x_wconf 87' lang='lat' dir='ltr'><strong>VIII.</strong></span> <span class='ocrx_word' id='word_1_204' title='bbox 595 2643 657 2698; x_wconf 92' lang='lat' dir='ltr'><strong>et</strong></span> <span class='ocrx_word' id='word_1_205' title='bbox 706 2640 855 2706; x_wconf 85' lang='lat' dir='ltr'><strong>aliis,</strong></span> <span class='ocrx_word' id='word_1_206' title='bbox 908 2660 1056 2716; x_wconf 88' lang='lat' dir='ltr'><strong>quos</strong></span> <span class='ocrx_word' id='word_1_207' title='bbox 1103 2642 1443 2717; x_wconf 87' lang='lat' dir='ltr'><strong>prodituros</strong></span> <span class='ocrx_word' id='word_1_208' title='bbox 1476 2661 1667 2719; x_wconf 88' lang='lat' dir='ltr'><strong>spera-</strong></span> 
     </span>
     <span class='ocr_line' id='line_1_29' title="bbox 392 2730 1664 2790; baseline 0.002 -2"><span class='ocrx_word' id='word_1_209' title='bbox 392 2748 545 2788; x_wconf 92' lang='lat' dir='ltr'><strong>mus.</strong></span> <span class='ocrx_word' id='word_1_210' title='bbox 573 2762 660 2772; x_wconf 93' lang='lat'><strong>—-</strong></span> <span class='ocrx_word' id='word_1_211' title='bbox 695 2730 987 2788; x_wconf 84' lang='lat' dir='ltr'><strong>Accurata</strong></span> <span class='ocrx_word' id='word_1_212' title='bbox 1008 2733 1292 2789; x_wconf 84' lang='lat' dir='ltr'><strong>Actorum</strong></span> <span class='ocrx_word' id='word_1_213' title='bbox 1315 2731 1496 2790; x_wconf 88' lang='lat' dir='ltr'><strong>editio</strong></span> <span class='ocrx_word' id='word_1_214' title='bbox 1517 2751 1664 2790; x_wconf 88' lang='lat' dir='ltr'><strong>nun·</strong></span> 
     </span>
    </p>
   </div>
   <div class='ocr_carea' id='block_1_4' title="bbox 1727 1220 2796 1296">
    <p class='ocr_par' dir='ltr' id='par_1_4' title="bbox 1727 1220 2796 1296">
     <span class='ocr_line' id='line_1_30' title="bbox 1727 1220 2796 1296; baseline -0.001 -18"><span class='ocrx_word' id='word_1_215' title='bbox 1727 1239 1872 1278; x_wconf 89' lang='lat' dir='ltr'><strong>num</strong></span> <span class='ocrx_word' id='word_1_216' title='bbox 1902 1220 2266 1296; x_wconf 87' lang='lat' dir='ltr'><strong>judicabant,</strong></span> <span class='ocrx_word' id='word_1_217' title='bbox 2303 1229 2402 1281; x_wconf 83' lang='lat'><strong>26.</strong></span> <span class='ocrx_word' id='word_1_218' title='bbox 2438 1222 2568 1290; x_wconf 87' lang='lat' dir='ltr'><strong>Deo,</strong></span> <span class='ocrx_word' id='word_1_219' title='bbox 2611 1229 2796 1283; x_wconf 83' lang='lat'><strong>1584.</strong></span> 
     </span>
    </p>
   </div>
   <div class='ocr_carea' id='block_1_5' title="bbox 1726 1398 3011 2805">
    <p class='ocr_par' dir='ltr' id='par_1_5' title="bbox 1726 1398 3011 2805">
     <span class='ocr_line' id='line_1_31' title="bbox 1827 1398 3006 1473; baseline -0.002 -14"><span class='ocrx_word' id='word_1_220' title='bbox 1827 1408 1966 1462; x_wconf 81' lang='lat'><strong>134.</strong></span> <span class='ocrx_word' id='word_1_221' title='bbox 1999 1398 2265 1456; x_wconf 86' lang='lat' dir='ltr'><strong>Nuntius</strong></span> <span class='ocrx_word' id='word_1_222' title='bbox 2310 1398 2469 1473; x_wconf 88' lang='lat' dir='ltr'><strong>apud</strong></span> <span class='ocrx_word' id='word_1_223' title='bbox 2501 1398 2776 1457; x_wconf 89' lang='lat' dir='ltr'><strong>Poloniae</strong></span> <span class='ocrx_word' id='word_1_224' title='bbox 2806 1417 3006 1473; x_wconf 86' lang='lat' dir='ltr'><strong>regem</strong></span> 
     </span>
     <span class='ocr_line' id='line_1_32' title="bbox 1727 1486 3006 1546; baseline 0.002 -3"><span class='ocrx_word' id='word_1_225' title='bbox 1727 1487 1847 1546; x_wconf 85' lang='lat' dir='ltr'><strong>fuit</strong></span> <span class='ocrx_word' id='word_1_226' title='bbox 1878 1486 2225 1546; x_wconf 89' lang='lat' dir='ltr'><strong>Vincentius</strong></span> <span class='ocrx_word' id='word_1_227' title='bbox 2265 1486 2557 1545; x_wconf 87' lang='lat' dir='ltr'><strong>Laureo</strong></span> <span class='ocrx_word' id='word_1_228' title='bbox 2591 1486 2833 1545; x_wconf 85' lang='lat' dir='ltr'><strong>Calaber</strong></span> <span class='ocrx_word' id='word_1_229' title='bbox 2863 1487 3006 1546; x_wconf 85' lang='lat' dir='ltr'><strong>Tro—</strong></span> 
     </span>
     <span class='ocr_line' id='line_1_33' title="bbox 1730 1576 3005 1652; baseline -0.001 -19"><span class='ocrx_word' id='word_1_230' title='bbox 1730 1594 1905 1650; x_wconf 89' lang='lat' dir='ltr'><strong>paeae</strong></span> <span class='ocrx_word' id='word_1_231' title='bbox 1937 1576 2125 1634; x_wconf 89' lang='lat' dir='ltr'><strong>nobili</strong></span> <span class='ocrx_word' id='word_1_232' title='bbox 2170 1576 2447 1652; x_wconf 85' lang='lat' dir='ltr'><strong>prosapia</strong></span> <span class='ocrx_word' id='word_1_233' title='bbox 2490 1578 2669 1633; x_wconf 80' lang='lat' dir='ltr'><strong>natus</strong></span> <span class='ocrx_word' id='word_1_234' title='bbox 2706 1584 2803 1638; x_wconf 89' lang='lat'><strong>28.</strong></span> <span class='ocrx_word' id='word_1_235' title='bbox 2838 1576 3005 1633; x_wconf 81' lang='lat' dir='ltr'><strong>Mart.</strong></span> 
     </span>
     <span class='ocr_line' id='line_1_34' title="bbox 1738 1663 3011 1740; baseline -0.003 -13"><span class='ocrx_word' id='word_1_236' title='bbox 1738 1674 1917 1728; x_wconf 86' lang='lat'><strong>1523.</strong></span> <span class='ocrx_word' id='word_1_237' title='bbox 1950 1664 2020 1722; x_wconf 91' lang='lat' dir='ltr'><strong>In</strong></span> <span class='ocrx_word' id='word_1_238' title='bbox 2053 1665 2240 1740; x_wconf 89' lang='lat' dir='ltr'><strong>primo</strong></span> <span class='ocrx_word' id='word_1_239' title='bbox 2263 1666 2392 1739; x_wconf 83' lang='lat' dir='ltr'><strong>jam</strong></span> <span class='ocrx_word' id='word_1_240' title='bbox 2422 1663 2847 1722; x_wconf 87' lang='lat' dir='ltr'><strong>adolescentiae</strong></span> <span class='ocrx_word' id='word_1_241' title='bbox 2867 1665 3011 1725; x_wconf 88' lang='lat' dir='ltr'><strong>flore</strong></span> 
     </span>
     <span class='ocr_line' id='line_1_35' title="bbox 1726 1753 3007 1831; baseline 0.002 -20"><span class='ocrx_word' id='word_1_242' title='bbox 1726 1754 1910 1812; x_wconf 90' lang='lat' dir='ltr'><strong>latine</strong></span> <span class='ocrx_word' id='word_1_243' title='bbox 1942 1773 2009 1813; x_wconf 86' lang='lat' dir='ltr'><strong>ac</strong></span> <span class='ocrx_word' id='word_1_244' title='bbox 2027 1772 2232 1831; x_wconf 88' lang='lat' dir='ltr'><strong>graece</strong></span> <span class='ocrx_word' id='word_1_245' title='bbox 2252 1753 2417 1827; x_wconf 89' lang='lat' dir='ltr'><strong>loqui</strong></span> <span class='ocrx_word' id='word_1_246' title='bbox 2439 1756 2500 1810; x_wconf 89' lang='lat' dir='ltr'><strong>et</strong></span> <span class='ocrx_word' id='word_1_247' title='bbox 2519 1753 2777 1812; x_wconf 90' lang='lat' dir='ltr'><strong>scribere</strong></span> <span class='ocrx_word' id='word_1_248' title='bbox 2792 1754 3007 1828; x_wconf 88' lang='lat' dir='ltr'><strong>potuit.</strong></span> 
     </span>
     <span class='ocr_line' id='line_1_36' title="bbox 1727 1841 3007 1916; baseline 0 -16"><span class='ocrx_word' id='word_1_249' title='bbox 1727 1843 1961 1901; x_wconf 84' lang='lat' dir='ltr'><strong>Patavii</strong></span> <span class='ocrx_word' id='word_1_250' title='bbox 1991 1843 2170 1901; x_wconf 90' lang='lat' dir='ltr'><strong>miros</strong></span> <span class='ocrx_word' id='word_1_251' title='bbox 2200 1842 2340 1901; x_wconf 86' lang='lat' dir='ltr'><strong>fecit</strong></span> <span class='ocrx_word' id='word_1_252' title='bbox 2368 1842 2433 1899; x_wconf 90' lang='lat' dir='ltr'><strong>in</strong></span> <span class='ocrx_word' id='word_1_253' title='bbox 2463 1841 2853 1916; x_wconf 89' lang='lat' dir='ltr'><strong>philosophia,</strong></span> <span class='ocrx_word' id='word_1_254' title='bbox 2889 1860 3007 1900; x_wconf 88' lang='lat' dir='ltr'><strong>me-</strong></span> 
     </span>
     <span class='ocr_line' id='line_1_37' title="bbox 1728 1931 3008 2007; baseline 0 -19"><span class='ocrx_word' id='word_1_255' title='bbox 1728 1931 1923 1990; x_wconf 91' lang='lat' dir='ltr'><strong>dicina</strong></span> <span class='ocrx_word' id='word_1_256' title='bbox 1954 1934 2015 1989; x_wconf 93' lang='lat' dir='ltr'><strong>et</strong></span> <span class='ocrx_word' id='word_1_257' title='bbox 2045 1931 2347 2007; x_wconf 87' lang='lat' dir='ltr'><strong>theologia</strong></span> <span class='ocrx_word' id='word_1_258' title='bbox 2366 1948 2715 2006; x_wconf 86' lang='lat' dir='ltr'><strong>progressus</strong></span> <span class='ocrx_word' id='word_1_259' title='bbox 2749 1934 2811 1988; x_wconf 92' lang='lat' dir='ltr'><strong>et</strong></span> <span class='ocrx_word' id='word_1_260' title='bbox 2841 1934 3008 2006; x_wconf 88' lang='lat' dir='ltr'><strong>post·</strong></span> 
     </span>
     <span class='ocr_line' id='line_1_38' title="bbox 1727 2017 3011 2095; baseline 0.001 -18"><span class='ocrx_word' id='word_1_261' title='bbox 1727 2040 1905 2095; x_wconf 86' lang='lat' dir='ltr'><strong>quam</strong></span> <span class='ocrx_word' id='word_1_262' title='bbox 1936 2021 2198 2079; x_wconf 86' lang='lat' dir='ltr'><strong>lauream</strong></span> <span class='ocrx_word' id='word_1_263' title='bbox 2229 2019 2478 2094; x_wconf 81' lang='lat' dir='ltr'><strong>adeptus</strong></span> <span class='ocrx_word' id='word_1_264' title='bbox 2509 2022 2602 2077; x_wconf 87' lang='lat' dir='ltr'><strong>est</strong></span> <span class='ocrx_word' id='word_1_265' title='bbox 2631 2017 3011 2089; x_wconf 82' lang='lat' dir='ltr'><strong>doctoralem,</strong></span> 
     </span>
     <span class='ocr_line' id='line_1_39' title="bbox 1726 2107 3009 2176; baseline -0.002 -8"><span class='ocrx_word' id='word_1_266' title='bbox 1726 2110 1971 2168; x_wconf 87' lang='lat' dir='ltr'><strong>Romam</strong></span> <span class='ocrx_word' id='word_1_267' title='bbox 2003 2127 2063 2167; x_wconf 92' lang='lat' dir='ltr'><strong>se</strong></span> <span class='ocrx_word' id='word_1_268' title='bbox 2096 2109 2368 2176; x_wconf 89' lang='lat' dir='ltr'><strong>contulit,</strong></span> <span class='ocrx_word' id='word_1_269' title='bbox 2402 2108 2505 2165; x_wconf 90' lang='lat' dir='ltr'><strong>ubi</strong></span> <span class='ocrx_word' id='word_1_270' title='bbox 2541 2126 2574 2165; x_wconf 88' lang='lat' dir='ltr'><strong>a</strong></span> <span class='ocrx_word' id='word_1_271' title='bbox 2604 2107 2824 2167; x_wconf 88' lang='lat' dir='ltr'><strong>Parisio</strong></span> <span class='ocrx_word' id='word_1_272' title='bbox 2856 2108 3009 2166; x_wconf 75' lang='lat' dir='ltr'><strong>card.</strong></span> 
     </span>
     <span class='ocr_line' id='line_1_40' title="bbox 1728 2196 3006 2270; baseline -0.002 -14"><span class='ocrx_word' id='word_1_273' title='bbox 1728 2198 2072 2256; x_wconf 79' lang='lat' dir='ltr'><strong>consentino</strong></span> <span class='ocrx_word' id='word_1_274' title='bbox 2088 2197 2248 2255; x_wconf 87' lang='lat' dir='ltr'><strong>inter</strong></span> <span class='ocrx_word' id='word_1_275' title='bbox 2263 2196 2583 2255; x_wconf 85' lang='lat' dir='ltr'><strong>familiares</strong></span> <span class='ocrx_word' id='word_1_276' title='bbox 2605 2199 2697 2254; x_wconf 87' lang='lat' dir='ltr'><strong>est</strong></span> <span class='ocrx_word' id='word_1_277' title='bbox 2713 2200 3006 2270; x_wconf 89' lang='lat' dir='ltr'><strong>receptus,</strong></span> 
     </span>
     <span class='ocr_line' id='line_1_41' title="bbox 1729 2283 3011 2361; baseline -0.002 -17"><span class='ocrx_word' id='word_1_278' title='bbox 1729 2305 1846 2361; x_wconf 92' lang='lat' dir='ltr'><strong>quo</strong></span> <span class='ocrx_word' id='word_1_279' title='bbox 1909 2289 2109 2344; x_wconf 87' lang='lat' dir='ltr'><strong>tamen</strong></span> <span class='ocrx_word' id='word_1_280' title='bbox 2172 2303 2305 2343; x_wconf 86' lang='lat' dir='ltr'><strong>mox</strong></span> <span class='ocrx_word' id='word_1_281' title='bbox 2354 2284 2633 2343; x_wconf 88' lang='lat' dir='ltr'><strong>defuncto</strong></span> <span class='ocrx_word' id='word_1_282' title='bbox 2682 2284 2755 2342; x_wconf 92' lang='lat' dir='ltr'><strong>ad</strong></span> <span class='ocrx_word' id='word_1_283' title='bbox 2798 2283 3011 2342; x_wconf 84' lang='lat' dir='ltr'><strong>Gaddii</strong></span> 
     </span>
     <span class='ocr_line' id='line_1_42' title="bbox 1729 2372 3005 2441; baseline -0.003 -9"><span class='ocrx_word' id='word_1_284' title='bbox 1729 2375 1978 2434; x_wconf 88' lang='lat' dir='ltr'><strong>senioris</strong></span> <span class='ocrx_word' id='word_1_285' title='bbox 2038 2374 2209 2441; x_wconf 75' lang='lat' dir='ltr'><strong>card,</strong></span> <span class='ocrx_word' id='word_1_286' title='bbox 2286 2373 2424 2432; x_wconf 90' lang='lat' dir='ltr'><strong>dein</strong></span> <span class='ocrx_word' id='word_1_287' title='bbox 2484 2372 2778 2431; x_wconf 90' lang='lat' dir='ltr'><strong>Francisci</strong></span> <span class='ocrx_word' id='word_1_288' title='bbox 2853 2372 3005 2430; x_wconf 86' lang='lat' dir='ltr'><strong>card.</strong></span> 
     </span>
     <span class='ocr_line' id='line_1_43' title="bbox 1727 2461 3008 2522; baseline -0.003 1"><span class='ocrx_word' id='word_1_289' title='bbox 1727 2463 2016 2522; x_wconf 87' lang='lat' dir='ltr'><strong>Turnonii</strong></span> <span class='ocrx_word' id='word_1_290' title='bbox 2033 2462 2276 2521; x_wconf 77' lang='lat' dir='ltr'><strong>transiit</strong></span> <span class='ocrx_word' id='word_1_291' title='bbox 2289 2462 2500 2520; x_wconf 89' lang='lat' dir='ltr'><strong>aulam.</strong></span> <span class='ocrx_word' id='word_1_292' title='bbox 2513 2462 2589 2519; x_wconf 86' lang='lat' dir='ltr'><strong>Et</strong></span> <span class='ocrx_word' id='word_1_293' title='bbox 2605 2462 2713 2519; x_wconf 91' lang='lat' dir='ltr'><strong>hoc</strong></span> <span class='ocrx_word' id='word_1_294' title='bbox 2728 2461 3008 2519; x_wconf 81' lang='lat' dir='ltr'><strong>defuncto</strong></span> 
     </span>
     <span class='ocr_line' id='line_1_44' title="bbox 1730 2550 3005 2613; baseline -0.004 -1"><span class='ocrx_word' id='word_1_295' title='bbox 1730 2552 2124 2613; x_wconf 86' lang='lat' dir='ltr'><strong>suadentibus</strong></span> <span class='ocrx_word' id='word_1_296' title='bbox 2174 2550 2212 2609; x_wconf 85' lang='lat' dir='ltr'><strong>J</strong></span> <span class='ocrx_word' id='word_1_297' title='bbox 2217 2569 2299 2610; x_wconf 87' lang='lat' dir='ltr'><strong>ac.</strong></span> <span class='ocrx_word' id='word_1_298' title='bbox 2352 2550 2558 2609; x_wconf 86' lang='lat' dir='ltr'><strong>Lainio</strong></span> <span class='ocrx_word' id='word_1_299' title='bbox 2609 2550 2661 2609; x_wconf 90' lang='lat' dir='ltr'><strong>S.</strong></span> <span class='ocrx_word' id='word_1_300' title='bbox 2708 2550 2762 2608; x_wconf 86' lang='lat' dir='ltr'><strong>J.</strong></span> <span class='ocrx_word' id='word_1_301' title='bbox 2810 2554 2870 2609; x_wconf 90' lang='lat' dir='ltr'><strong>et</strong></span> <span class='ocrx_word' id='word_1_302' title='bbox 2914 2550 3005 2609; x_wconf 84' lang='lat' dir='ltr'><strong>J0.</strong></span> 
     </span>
     <span class='ocr_line' id='line_1_45' title="bbox 1731 2640 3011 2716; baseline -0.002 -16"><span class='ocrx_word' id='word_1_303' title='bbox 1731 2643 1983 2701; x_wconf 86' lang='lat' dir='ltr'><strong>Polanco</strong></span> <span class='ocrx_word' id='word_1_304' title='bbox 2015 2641 2267 2699; x_wconf 88' lang='lat' dir='ltr'><strong>Henrico</strong></span> <span class='ocrx_word' id='word_1_305' title='bbox 2319 2640 2586 2699; x_wconf 86' lang='lat' dir='ltr'><strong>Navarae</strong></span> <span class='ocrx_word' id='word_1_306' title='bbox 2635 2640 2761 2716; x_wconf 90' lang='lat' dir='ltr'><strong>regi</strong></span> <span class='ocrx_word' id='word_1_307' title='bbox 2808 2657 3011 2698; x_wconf 86' lang='lat' dir='ltr'><strong>recens</strong></span> 
     </span>
     <span class='ocr_line' id='line_1_46' title="bbox 1728 2728 3008 2805; baseline -0.002 -17"><span class='ocrx_word' id='word_1_308' title='bbox 1728 2732 1800 2789; x_wconf 85' lang='lat' dir='ltr'><strong>ad</strong></span> <span class='ocrx_word' id='word_1_309' title='bbox 1835 2732 2008 2789; x_wconf 86' lang='lat' dir='ltr'><strong>fidem</strong></span> <span class='ocrx_word' id='word_1_310' title='bbox 2040 2749 2320 2789; x_wconf 85' lang='lat' dir='ltr'><strong>converso</strong></span> <span class='ocrx_word' id='word_1_311' title='bbox 2373 2747 2480 2805; x_wconf 91' lang='lat' dir='ltr'><strong>pro</strong></span> <span class='ocrx_word' id='word_1_312' title='bbox 2516 2729 2666 2788; x_wconf 90' lang='lat' dir='ltr'><strong>bono</strong></span> <span class='ocrx_word' id='word_1_313' title='bbox 2697 2728 3008 2804; x_wconf 88' lang='lat' dir='ltr'><strong>religionis</strong></span> 
     </span>
    </p>
   </div>
   <div class='ocr_carea' id='block_1_6' title="bbox 392 2817 3011 2896">
    <p class='ocr_par' dir='ltr' id='par_1_6' title="bbox 392 2817 3011 2896">
     <span class='ocr_line' id='line_1_47' title="bbox 392 2817 3011 2896; baseline -0 -20"><span class='ocrx_word' id='word_1_314' title='bbox 392 2818 468 2876; x_wconf 89' lang='lat' dir='ltr'><strong>cii</strong></span> <span class='ocrx_word' id='word_1_315' title='bbox 517 2817 812 2876; x_wconf 79' lang='lat' dir='ltr'><strong>Francisci</strong></span> <span class='ocrx_word' id='word_1_316' title='bbox 864 2818 904 2875; x_wconf 87' lang='lat' dir='ltr'>C</span> <span class='ocrx_word' id='word_1_317' title='bbox 920 2837 954 2876; x_wconf 96' lang='lat' dir='ltr'><strong>o</strong></span> <span class='ocrx_word' id='word_1_318' title='bbox 969 2838 1027 2876; x_wconf 93' lang='lat' dir='ltr'><strong>m</strong></span> <span class='ocrx_word' id='word_1_319' title='bbox 1044 2839 1104 2876; x_wconf 90' lang='lat' dir='ltr'><strong>m</strong></span> <span class='ocrx_word' id='word_1_320' title='bbox 1119 2838 1151 2877; x_wconf 90' lang='lat' dir='ltr'><strong>e</strong></span> <span class='ocrx_word' id='word_1_321' title='bbox 1165 2838 1208 2877; x_wconf 90' lang='lat' dir='ltr'><strong>n</strong></span> <span class='ocrx_word' id='word_1_322' title='bbox 1221 2820 1260 2877; x_wconf 92' lang='lat' dir='ltr'><strong>d</strong></span> <span class='ocrx_word' id='word_1_323' title='bbox 1277 2839 1310 2879; x_wconf 95' lang='lat' dir='ltr'><strong>o</strong></span> <span class='ocrx_word' id='word_1_324' title='bbox 1325 2840 1366 2878; x_wconf 92' lang='lat' dir='ltr'><strong>n</strong></span> <span class='ocrx_word' id='word_1_325' title='bbox 1382 2821 1404 2878; x_wconf 93' lang='lat' dir='ltr'><strong>i</strong></span> <span class='ocrx_word' id='word_1_326' title='bbox 1452 2819 1674 2896; x_wconf 83' lang='lat' dir='ltr'><strong>pariter</strong></span> <span class='ocrx_word' id='word_1_327' title='bbox 1729 2820 1993 2878; x_wconf 84' lang='lat' dir='ltr'><strong>adhaesit</strong></span> <span class='ocrx_word' id='word_1_328' title='bbox 2023 2820 2196 2894; x_wconf 87' lang='lat' dir='ltr'><strong>eique</strong></span> <span class='ocrx_word' id='word_1_329' title='bbox 2210 2819 2425 2895; x_wconf 85' lang='lat' dir='ltr'><strong>glande</strong></span> <span class='ocrx_word' id='word_1_330' title='bbox 2440 2835 2715 2893; x_wconf 89' lang='lat' dir='ltr'><strong>percusso</strong></span> <span class='ocrx_word' id='word_1_331' title='bbox 2731 2818 3011 2876; x_wconf 86' lang='lat' dir='ltr'><strong>morienti</strong></span> 
     </span>
    </p>
   </div>
   <div class='ocr_carea' id='block_1_7' title="bbox 388 2902 3011 3428">
    <p class='ocr_par' dir='ltr' id='par_1_7' title="bbox 388 2902 3011 3428">
     <span class='ocr_line' id='line_1_48' title="bbox 390 2902 3011 2990; baseline 0.002 -26"><span class='ocrx_word' id='word_1_332' title='bbox 390 2906 680 2981; x_wconf 90' lang='lat' dir='ltr'><strong>promissa</strong></span> <span class='ocrx_word' id='word_1_333' title='bbox 711 2909 821 2965; x_wconf 83' lang='lat' dir='ltr'><strong>est.</strong></span> <span class='ocrx_word' id='word_1_334' title='bbox 850 2907 1031 2966; x_wconf 89' lang='lat' dir='ltr'><strong>Porro</strong></span> <span class='ocrx_word' id='word_1_335' title='bbox 1058 2907 1220 2965; x_wconf 85' lang='lat' dir='ltr'><strong>Com</strong></span> <span class='ocrx_word' id='word_1_336' title='bbox 1241 2904 1671 2990; x_wconf 77' lang='lat' dir='ltr'><strong>mendone2)</strong></span> <span class='ocrx_word' id='word_1_337' title='bbox 1729 2910 1981 2967; x_wconf 86' lang='lat' dir='ltr'><strong>adstitit.</strong></span> <span class='ocrx_word' id='word_1_338' title='bbox 2032 2911 2080 2966; x_wconf 84' lang='grc' dir='ltr'><strong>Α</strong></span> <span class='ocrx_word' id='word_1_339' title='bbox 2117 2909 2219 2965; x_wconf 92' lang='lat' dir='ltr'><strong>Pio</strong></span> <span class='ocrx_word' id='word_1_340' title='bbox 2252 2907 2317 2965; x_wconf 91' lang='lat' dir='ltr'><strong>V.</strong></span> <span class='ocrx_word' id='word_1_341' title='bbox 2368 2910 2601 2965; x_wconf 89' lang='lat' dir='ltr'><strong>creatus</strong></span> <span class='ocrx_word' id='word_1_342' title='bbox 2654 2909 2748 2965; x_wconf 88' lang='lat' dir='ltr'><strong>est</strong></span> <span class='ocrx_word' id='word_1_343' title='bbox 2780 2902 3011 2987; x_wconf 86' lang='grc'><strong>(1566)</strong></span> 
     </span>
     <span class='ocr_line' id='line_1_49' title="bbox 389 2994 3011 3074; baseline -0 -20"><span class='ocrx_word' id='word_1_344' title='bbox 389 2995 586 3071; x_wconf 81' lang='lat' dir='ltr'><strong>patria</strong></span> <span class='ocrx_word' id='word_1_345' title='bbox 615 2994 735 3053; x_wconf 81' lang='lat' dir='ltr'><strong>fuit</strong></span> <span class='ocrx_word' id='word_1_346' title='bbox 765 2994 1030 3054; x_wconf 74' lang='lat' dir='ltr'><strong>Venetus</strong></span> <span class='ocrx_word' id='word_1_347' title='bbox 1061 3015 1118 3054; x_wconf 86' lang='lat' dir='ltr'><strong>n.</strong></span> <span class='ocrx_word' id='word_1_348' title='bbox 1161 3007 1253 3060; x_wconf 83' lang='grc'><strong>17.</strong></span> <span class='ocrx_word' id='word_1_349' title='bbox 1285 2998 1455 3056; x_wconf 85' lang='lat' dir='ltr'><strong>Mart.</strong></span> <span class='ocrx_word' id='word_1_350' title='bbox 1489 3007 1670 3061; x_wconf 88' lang='lat'><strong>1523.</strong></span> <span class='ocrx_word' id='word_1_351' title='bbox 1728 2999 2044 3074; x_wconf 88' lang='lat' dir='ltr'><strong>episcopus</strong></span> <span class='ocrx_word' id='word_1_352' title='bbox 2078 2996 2293 3054; x_wconf 86' lang='lat' dir='ltr'><strong>Montis</strong></span> <span class='ocrx_word' id='word_1_353' title='bbox 2342 2995 2663 3073; x_wconf 84' lang='lat' dir='ltr'><strong>regalensis</strong></span> <span class='ocrx_word' id='word_1_354' title='bbox 2714 2996 3011 3064; x_wconf 86' lang='lat' dir='ltr'><strong>ecclesiae,</strong></span> 
     </span>
     <span class='ocr_line' id='line_1_50' title="bbox 388 3083 3004 3162; baseline 0 -21"><span class='ocrx_word' id='word_1_355' title='bbox 388 3084 639 3159; x_wconf 87' lang='lat' dir='ltr'><strong>Propter</strong></span> <span class='ocrx_word' id='word_1_356' title='bbox 704 3083 1082 3143; x_wconf 86' lang='lat' dir='ltr'><strong>omnifariam</strong></span> <span class='ocrx_word' id='word_1_357' title='bbox 1144 3086 1541 3144; x_wconf 87' lang='lat' dir='ltr'><strong>eruditionem</strong></span> <span class='ocrx_word' id='word_1_358' title='bbox 1609 3086 1675 3144; x_wconf 91' lang='lat' dir='ltr'><strong>in</strong></span> <span class='ocrx_word' id='word_1_359' title='bbox 1730 3106 1911 3162; x_wconf 88' lang='lat' dir='ltr'><strong>quam</strong></span> <span class='ocrx_word' id='word_1_360' title='bbox 1955 3085 2149 3145; x_wconf 88' lang='lat' dir='ltr'><strong>sedem</strong></span> <span class='ocrx_word' id='word_1_361' title='bbox 2183 3084 2446 3160; x_wconf 85' lang='lat' dir='ltr'><strong>pontifex</strong></span> <span class='ocrx_word' id='word_1_362' title='bbox 2495 3088 2669 3142; x_wconf 88' lang='lat' dir='ltr'><strong>antea</strong></span> <span class='ocrx_word' id='word_1_363' title='bbox 2711 3086 3004 3154; x_wconf 87' lang='lat' dir='ltr'><strong>tenuerat,</strong></span> 
     </span>
     <span class='ocr_line' id='line_1_51' title="bbox 390 3172 3007 3250; baseline -0.001 -19"><span class='ocrx_word' id='word_1_364' title='bbox 390 3172 840 3231; x_wconf 86' lang='lat' dir='ltr'><strong>humanioribus</strong></span> <span class='ocrx_word' id='word_1_365' title='bbox 903 3175 1247 3248; x_wconf 89' lang='lat' dir='ltr'><strong>praesertim</strong></span> <span class='ocrx_word' id='word_1_366' title='bbox 1303 3175 1495 3234; x_wconf 88' lang='lat' dir='ltr'><strong>literis</strong></span> <span class='ocrx_word' id='word_1_367' title='bbox 1559 3175 1670 3233; x_wconf 84' lang='lat' dir='ltr'><strong>toti</strong></span> <span class='ocrx_word' id='word_1_368' title='bbox 1730 3182 1910 3250; x_wconf 87' lang='lat' dir='ltr'><strong>atque</strong></span> <span class='ocrx_word' id='word_1_369' title='bbox 1958 3173 2214 3233; x_wconf 88' lang='lat' dir='ltr'><strong>nuncius</strong></span> <span class='ocrx_word' id='word_1_370' title='bbox 2263 3174 2601 3231; x_wconf 83' lang='lat' dir='ltr'><strong>destinatur</strong></span> <span class='ocrx_word' id='word_1_371' title='bbox 2649 3173 2713 3231; x_wconf 93' lang='lat' dir='ltr'><strong>in</strong></span> <span class='ocrx_word' id='word_1_372' title='bbox 2746 3173 3007 3231; x_wconf 87' lang='lat' dir='ltr'><strong>Scotiam</strong></span> 
     </span>
     <span class='ocr_line' id='line_1_52' title="bbox 390 3260 3011 3335; baseline -0 -17"><span class='ocrx_word' id='word_1_373' title='bbox 390 3260 595 3319; x_wconf 83' lang='lat' dir='ltr'><strong>Italiae</strong></span> <span class='ocrx_word' id='word_1_374' title='bbox 625 3260 926 3320; x_wconf 89' lang='lat' dir='ltr'><strong>inclaruit.</strong></span> <span class='ocrx_word' id='word_1_375' title='bbox 981 3264 1032 3320; x_wconf 82' lang='lat' dir='ltr'>A</span> <span class='ocrx_word' id='word_1_376' title='bbox 1062 3261 1225 3321; x_wconf 87' lang='lat' dir='ltr'><strong>Julio</strong></span> <span class='ocrx_word' id='word_1_377' title='bbox 1257 3264 1361 3322; x_wconf 93' lang='lat'><strong>111.</strong></span> <span class='ocrx_word' id='word_1_378' title='bbox 1393 3264 1553 3323; x_wconf 87' lang='lat' dir='ltr'><strong>inter</strong></span> <span class='ocrx_word' id='word_1_379' title='bbox 1586 3263 1667 3320; x_wconf 86' lang='lat' dir='ltr'><strong>fa·</strong></span> <span class='ocrx_word' id='word_1_380' title='bbox 1727 3265 1800 3323; x_wconf 87' lang='lat' dir='ltr'><strong>ad</strong></span> <span class='ocrx_word' id='word_1_381' title='bbox 1863 3264 2111 3321; x_wconf 85' lang='lat' dir='ltr'><strong>Mariam</strong></span> <span class='ocrx_word' id='word_1_382' title='bbox 2161 3264 2458 3320; x_wconf 82' lang='lat' dir='ltr'><strong>Stuartam</strong></span> <span class='ocrx_word' id='word_1_383' title='bbox 2523 3261 2805 3335; x_wconf 81' lang='lat' dir='ltr'><strong>reginam.</strong></span> <span class='ocrx_word' id='word_1_384' title='bbox 2868 3261 3011 3318; x_wconf 86' lang='lat' dir='ltr'><strong>Eam</strong></span> 
     </span>
     <span class='ocr_line' id='line_1_53' title="bbox 391 3348 3003 3428; baseline -0.001 -21"><span class='ocrx_word' id='word_1_385' title='bbox 391 3350 652 3408; x_wconf 88' lang='lat' dir='ltr'><strong>miliares</strong></span> <span class='ocrx_word' id='word_1_386' title='bbox 714 3354 987 3426; x_wconf 86' lang='lat' dir='ltr'><strong>receptus</strong></span> <span class='ocrx_word' id='word_1_387' title='bbox 1048 3354 1139 3410; x_wconf 88' lang='lat' dir='ltr'><strong>est</strong></span> <span class='ocrx_word' id='word_1_388' title='bbox 1201 3353 1541 3428; x_wconf 89' lang='lat' dir='ltr'><strong>missusque</strong></span> <span class='ocrx_word' id='word_1_389' title='bbox 1607 3352 1673 3409; x_wconf 91' lang='lat' dir='ltr'><strong>in</strong></span> <span class='ocrx_word' id='word_1_390' title='bbox 1727 3357 1927 3412; x_wconf 86' lang='lat' dir='ltr'><strong>tamen</strong></span> <span class='ocrx_word' id='word_1_391' title='bbox 1989 3352 2064 3411; x_wconf 92' lang='lat' dir='ltr'><strong>ob</strong></span> <span class='ocrx_word' id='word_1_392' title='bbox 2125 3350 2333 3409; x_wconf 88' lang='lat' dir='ltr'><strong>turbas</strong></span> <span class='ocrx_word' id='word_1_393' title='bbox 2395 3349 2557 3408; x_wconf 90' lang='lat' dir='ltr'><strong>adire</strong></span> <span class='ocrx_word' id='word_1_394' title='bbox 2605 3368 2724 3409; x_wconf 90' lang='lat' dir='ltr'><strong>non</strong></span> <span class='ocrx_word' id='word_1_395' title='bbox 2774 3348 3003 3424; x_wconf 86' lang='lat' dir='ltr'><strong>potuit:</strong></span> 
     </span>
    </p>
   </div>
   <div class='ocr_carea' id='block_1_8' title="bbox 389 3436 3008 3607">
    <p class='ocr_par' dir='ltr' id='par_1_8' title="bbox 389 3436 3008 3607">
     <span class='ocr_line' id='line_1_54' title="bbox 389 3436 3008 3521; baseline -0.001 -25"><span class='ocrx_word' id='word_1_396' title='bbox 389 3439 663 3515; x_wconf 88' lang='lat' dir='ltr'><strong>Belgium</strong></span> <span class='ocrx_word' id='word_1_397' title='bbox 723 3439 796 3497; x_wconf 91' lang='lat' dir='ltr'><strong>ad</strong></span> <span class='ocrx_word' id='word_1_398' title='bbox 860 3439 1157 3498; x_wconf 87' lang='lat' dir='ltr'><strong>Caesarem</strong></span> <span class='ocrx_word' id='word_1_399' title='bbox 1221 3436 1465 3521; x_wconf 80' lang='lat'><strong>(1553),</strong></span> <span class='ocrx_word' id='word_1_400' title='bbox 1530 3440 1670 3499; x_wconf 91' lang='lat' dir='ltr'><strong>dein</strong></span> <span class='ocrx_word' id='word_1_401' title='bbox 1727 3443 1932 3517; x_wconf 89' lang='lat' dir='ltr'><strong>fugere</strong></span> <span class='ocrx_word' id='word_1_402' title='bbox 1964 3440 2122 3499; x_wconf 88' lang='lat' dir='ltr'><strong>enim</strong></span> <span class='ocrx_word' id='word_1_403' title='bbox 2153 3440 2356 3515; x_wconf 86' lang='lat' dir='ltr'><strong>regina</strong></span> <span class='ocrx_word' id='word_1_404' title='bbox 2374 3439 2489 3496; x_wconf 85' lang='lat' dir='ltr'><strong>fuit</strong></span> <span class='ocrx_word' id='word_1_405' title='bbox 2509 3441 2705 3495; x_wconf 87' lang='lat' dir='ltr'><strong>coacta</strong></span> <span class='ocrx_word' id='word_1_406' title='bbox 2726 3440 2904 3511; x_wconf 89' lang='lat' dir='ltr'><strong>atque</strong></span> <span class='ocrx_word' id='word_1_407' title='bbox 2922 3437 3008 3493; x_wconf 90' lang='lat' dir='ltr'><strong>ita</strong></span> 
     </span>
     <span class='ocr_line' id='line_1_55' title="bbox 392 3523 3003 3607; baseline -0.002 -21"><span class='ocrx_word' id='word_1_408' title='bbox 392 3531 592 3587; x_wconf 87' lang='lat' dir='ltr'><strong>orator</strong></span> <span class='ocrx_word' id='word_1_409' title='bbox 639 3528 983 3603; x_wconf 85' lang='lat' dir='ltr'><strong>pontificius</strong></span> <span class='ocrx_word' id='word_1_410' title='bbox 1028 3529 1102 3586; x_wconf 90' lang='lat' dir='ltr'><strong>ad</strong></span> <span class='ocrx_word' id='word_1_411' title='bbox 1145 3529 1387 3588; x_wconf 85' lang='lat' dir='ltr'><strong>Mariam</strong></span> <span class='ocrx_word' id='word_1_412' title='bbox 1417 3529 1671 3607; x_wconf 88' lang='lat' dir='ltr'><strong>Angliae</strong></span> <span class='ocrx_word' id='word_1_413' title='bbox 1726 3531 1941 3590; x_wconf 85' lang='lat' dir='ltr'><strong>incidit</strong></span> <span class='ocrx_word' id='word_1_414' title='bbox 1972 3530 2032 3586; x_wconf 92' lang='lat' dir='ltr'><strong>in</strong></span> <span class='ocrx_word' id='word_1_415' title='bbox 2066 3545 2277 3585; x_wconf 89' lang='lat' dir='ltr'><strong>manus</strong></span> <span class='ocrx_word' id='word_1_416' title='bbox 2314 3544 2454 3584; x_wconf 90' lang='lat' dir='ltr'><strong>suae</strong></span> <span class='ocrx_word' id='word_1_417' title='bbox 2487 3524 2861 3584; x_wconf 84' lang='lat' dir='ltr'><strong>adversariae</strong></span> <span class='ocrx_word' id='word_1_418' title='bbox 2880 3523 3003 3581; x_wconf 86' lang='lat' dir='ltr'><strong>Eli-</strong></span> 
     </span>
    </p>
   </div>
   <div class='ocr_carea' id='block_1_9' title="bbox 390 3617 1676 4402">
    <p class='ocr_par' dir='ltr' id='par_1_9' title="bbox 390 3617 1676 4402">
     <span class='ocr_line' id='line_1_56' title="bbox 392 3617 1670 3694; baseline 0.002 -21"><span class='ocrx_word' id='word_1_419' title='bbox 392 3618 674 3692; x_wconf 83' lang='lat' dir='ltr'><strong>reginam.</strong></span> <span class='ocrx_word' id='word_1_420' title='bbox 708 3617 980 3694; x_wconf 80' lang='lat' dir='ltr'><strong>Negotiis</strong></span> <span class='ocrx_word' id='word_1_421' title='bbox 1012 3617 1261 3676; x_wconf 84' lang='lat' dir='ltr'><strong>feliciter</strong></span> <span class='ocrx_word' id='word_1_422' title='bbox 1280 3619 1531 3693; x_wconf 86' lang='lat' dir='ltr'><strong>peractis</strong></span> <span class='ocrx_word' id='word_1_423' title='bbox 1548 3617 1670 3675; x_wconf 88' lang='lat' dir='ltr'><strong>dic-</strong></span> 
     </span>
     <span class='ocr_line' id='line_1_57' title="bbox 392 3704 1672 3781; baseline 0.001 -19"><span class='ocrx_word' id='word_1_424' title='bbox 392 3709 490 3763; x_wconf 86' lang='lat' dir='ltr'><strong>tus</strong></span> <span class='ocrx_word' id='word_1_425' title='bbox 521 3709 612 3763; x_wconf 91' lang='lat' dir='ltr'><strong>est</strong></span> <span class='ocrx_word' id='word_1_426' title='bbox 644 3704 959 3781; x_wconf 88' lang='lat' dir='ltr'><strong>episcopus</strong></span> <span class='ocrx_word' id='word_1_427' title='bbox 1009 3706 1358 3778; x_wconf 80' lang='lat' dir='ltr'><strong>hadriensiS,</strong></span> <span class='ocrx_word' id='word_1_428' title='bbox 1410 3707 1547 3765; x_wconf 91' lang='lat' dir='ltr'><strong>dein</strong></span> <span class='ocrx_word' id='word_1_429' title='bbox 1580 3726 1672 3764; x_wconf 86' lang='lat' dir='ltr'><strong>za-</strong></span> 
     </span>
     <span class='ocr_line' id='line_1_58' title="bbox 392 3794 1670 3870; baseline 0 -19"><span class='ocrx_word' id='word_1_430' title='bbox 392 3794 723 3853; x_wconf 89' lang='lat' dir='ltr'><strong>cinthensis</strong></span> <span class='ocrx_word' id='word_1_431' title='bbox 740 3798 802 3852; x_wconf 86' lang='lat' dir='ltr'><strong>et</strong></span> <span class='ocrx_word' id='word_1_432' title='bbox 816 3795 1278 3870; x_wconf 87' lang='lat' dir='ltr'><strong>cephalonensis.</strong></span> <span class='ocrx_word' id='word_1_433' title='bbox 1308 3797 1359 3853; x_wconf 82' lang='lat' dir='ltr'>A</span> <span class='ocrx_word' id='word_1_434' title='bbox 1378 3796 1563 3854; x_wconf 90' lang='lat' dir='ltr'><strong>Paulo</strong></span> <span class='ocrx_word' id='word_1_435' title='bbox 1573 3795 1670 3853; x_wconf 90' lang='lat' dir='ltr'><strong>IV.</strong></span> 
     </span>
     <span class='ocr_line' id='line_1_59' title="bbox 391 3883 1672 3960; baseline 0.001 -20"><span class='ocrx_word' id='word_1_436' title='bbox 391 3884 637 3958; x_wconf 76' lang='lat' dir='ltr'><strong>ejusque</strong></span> <span class='ocrx_word' id='word_1_437' title='bbox 649 3883 1090 3942; x_wconf 87' lang='lat' dir='ltr'><strong>successoribus</strong></span> <span class='ocrx_word' id='word_1_438' title='bbox 1111 3884 1174 3941; x_wconf 91' lang='lat' dir='ltr'><strong>in</strong></span> <span class='ocrx_word' id='word_1_439' title='bbox 1197 3884 1372 3942; x_wconf 87' lang='lat' dir='ltr'><strong>variis</strong></span> <span class='ocrx_word' id='word_1_440' title='bbox 1390 3884 1672 3960; x_wconf 82' lang='lat' dir='ltr'><strong>gravissi-</strong></span> 
     </span>
     <span class='ocr_line' id='line_1_60' title="bbox 391 3971 1671 4048; baseline 0.001 -19"><span class='ocrx_word' id='word_1_441' title='bbox 391 3971 621 4047; x_wconf 88' lang='lat' dir='ltr'><strong>misque</strong></span> <span class='ocrx_word' id='word_1_442' title='bbox 684 3971 1080 4048; x_wconf 86' lang='lat' dir='ltr'><strong>legationibus</strong></span> <span class='ocrx_word' id='word_1_443' title='bbox 1156 3973 1274 4030; x_wconf 82' lang='lat' dir='ltr'><strong>suit</strong></span> <span class='ocrx_word' id='word_1_444' title='bbox 1348 3973 1671 4044; x_wconf 85' lang='lat' dir='ltr'><strong>adhibitus,</strong></span> 
     </span>
     <span class='ocr_line' id='line_1_61' title="bbox 392 4060 1671 4135; baseline 0.002 -18"><span class='ocrx_word' id='word_1_445' title='bbox 392 4061 736 4135; x_wconf 88' lang='lat' dir='ltr'><strong>praesertim</strong></span> <span class='ocrx_word' id='word_1_446' title='bbox 796 4078 918 4119; x_wconf 91' lang='lat' dir='ltr'><strong>non</strong></span> <span class='ocrx_word' id='word_1_447' title='bbox 962 4060 1143 4119; x_wconf 90' lang='lat' dir='ltr'><strong>semel</strong></span> <span class='ocrx_word' id='word_1_448' title='bbox 1189 4061 1250 4118; x_wconf 92' lang='lat' dir='ltr'><strong>in</strong></span> <span class='ocrx_word' id='word_1_449' title='bbox 1295 4061 1671 4121; x_wconf 89' lang='lat' dir='ltr'><strong>Germaniam</strong></span> 
     </span>
     <span class='ocr_line' id='line_1_62' title="bbox 390 4147 1670 4220; baseline 0.001 -14"><span class='ocrx_word' id='word_1_450' title='bbox 390 4149 606 4207; x_wconf 88' lang='lat' dir='ltr'><strong>missus</strong></span> <span class='ocrx_word' id='word_1_451' title='bbox 668 4147 744 4206; x_wconf 86' lang='lat' dir='ltr'><strong>ad</strong></span> <span class='ocrx_word' id='word_1_452' title='bbox 790 4148 1243 4220; x_wconf 80' lang='lat' dir='ltr'><strong>Ferdin‘andum,</strong></span> <span class='ocrx_word' id='word_1_453' title='bbox 1306 4150 1443 4208; x_wconf 89' lang='lat' dir='ltr'><strong>dein</strong></span> <span class='ocrx_word' id='word_1_454' title='bbox 1489 4150 1670 4208; x_wconf 83' lang='lat' dir='ltr'><strong>Maxi-</strong></span> 
     </span>
     <span class='ocr_line' id='line_1_63' title="bbox 393 4236 1676 4299; baseline 0.002 -5"><span class='ocrx_word' id='word_1_455' title='bbox 393 4237 706 4295; x_wconf 85' lang='lat' dir='ltr'><strong>miiianum</strong></span> <span class='ocrx_word' id='word_1_456' title='bbox 758 4236 1079 4299; x_wconf 86' lang='lat' dir='ltr'><strong>Caesarem.</strong></span> <span class='ocrx_word' id='word_1_457' title='bbox 1141 4238 1388 4296; x_wconf 88' lang='lat' dir='ltr'><strong>Interim</strong></span> <span class='ocrx_word' id='word_1_458' title='bbox 1440 4240 1515 4297; x_wconf 93' lang='lat' dir='ltr'><strong>ob</strong></span> <span class='ocrx_word' id='word_1_459' title='bbox 1566 4257 1676 4296; x_wconf 90' lang='lat' dir='ltr'><strong>sua</strong></span> 
     </span>
     <span class='ocr_line' id='line_1_64' title="bbox 391 4325 1675 4402; baseline 0.001 -19"><span class='ocrx_word' id='word_1_460' title='bbox 391 4327 599 4384; x_wconf 89' lang='lat' dir='ltr'><strong>merita</strong></span> <span class='ocrx_word' id='word_1_461' title='bbox 653 4325 865 4384; x_wconf 89' lang='lat' dir='ltr'><strong>absens</strong></span> <span class='ocrx_word' id='word_1_462' title='bbox 900 4346 935 4384; x_wconf 90' lang='lat' dir='ltr'><strong>a</strong></span> <span class='ocrx_word' id='word_1_463' title='bbox 968 4327 1070 4385; x_wconf 89' lang='lat' dir='ltr'><strong>Pio</strong></span> <span class='ocrx_word' id='word_1_464' title='bbox 1117 4327 1213 4385; x_wconf 92' lang='lat' dir='ltr'><strong>IV.</strong></span> <span class='ocrx_word' id='word_1_465' title='bbox 1260 4346 1527 4402; x_wconf 88' lang='lat' dir='ltr'><strong>purpura</strong></span> <span class='ocrx_word' id='word_1_466' title='bbox 1559 4327 1675 4386; x_wconf 86' lang='lat' dir='ltr'><strong>suit</strong></span> 
     </span>
    </p>
   </div>
   <div class='ocr_carea' id='block_1_10' title="bbox 391 4485 710 4495">
    <p class='ocr_par' dir='ltr' id='par_1_10' title="bbox 391 4485 710 4495">
     <span class='ocr_line' id='line_1_65' title="bbox 391 4485 710 4495; baseline 0 0"><span class='ocrx_word' id='word_1_467' title='bbox 391 4485 710 4495; x_wconf 95' lang='lat' dir='ltr'><strong> </strong></span> 
     </span>
    </p>
   </div>
   <div class='ocr_carea' id='block_1_11' title="bbox 389 4566 1676 4852">
    <p class='ocr_par' dir='ltr' id='par_1_11' title="bbox 465 4566 1518 4659">
     <span class='ocr_line' id='line_1_66' title="bbox 465 4566 1518 4659; baseline -0.001 -37"><span class='ocrx_word' id='word_1_468' title='bbox 465 4573 503 4633; x_wconf 88' lang='grc' dir='ltr'><strong>ι)</strong></span> <span class='ocrx_word' id='word_1_469' title='bbox 531 4568 612 4624; x_wconf 84' lang='lat' dir='ltr'><strong>Ct.</strong></span> <span class='ocrx_word' id='word_1_470' title='bbox 641 4568 810 4659; x_wconf 71' lang='lat' dir='ltr'><strong>Eggs.</strong></span> <span class='ocrx_word' id='word_1_471' title='bbox 841 4566 1005 4636; x_wconf 89' lang='lat' dir='ltr'><strong>Purp.</strong></span> <span class='ocrx_word' id='word_1_472' title='bbox 1035 4568 1232 4622; x_wconf 84' lang='lat' dir='ltr'><strong>doctae</strong></span> <span class='ocrx_word' id='word_1_473' title='bbox 1257 4568 1292 4621; x_wconf 94' lang='lat' dir='ltr'><strong>l.</strong></span> <span class='ocrx_word' id='word_1_474' title='bbox 1320 4573 1355 4624; x_wconf 78' lang='lat'>4</span> <span class='ocrx_word' id='word_1_475' title='bbox 1382 4579 1408 4634; x_wconf 66' lang='grc' dir='ltr'><strong>ἓ</strong></span> <span class='ocrx_word' id='word_1_476' title='bbox 1432 4573 1518 4624; x_wconf 79' lang='lat'><strong>40.</strong></span> 
     </span>
    </p>

    <p class='ocr_par' dir='ltr' id='par_1_12' title="bbox 389 4638 1676 4852">
     <span class='ocr_line' id='line_1_67' title="bbox 463 4638 1676 4711; baseline -0.003 -18"><span class='ocrx_word' id='word_1_477' title='bbox 463 4645 505 4711; x_wconf 73' lang='lat'><strong>²)</strong></span> <span class='ocrx_word' id='word_1_478' title='bbox 531 4639 613 4693; x_wconf 83' lang='lat' dir='ltr'><strong>Cf.</strong></span> <span class='ocrx_word' id='word_1_479' title='bbox 656 4639 811 4709; x_wconf 68' lang='lat' dir='ltr'><strong>lagga</strong></span> <span class='ocrx_word' id='word_1_480' title='bbox 849 4638 924 4692; x_wconf 91' lang='lat' dir='ltr'><strong>ib.</strong></span> <span class='ocrx_word' id='word_1_481' title='bbox 967 4638 1003 4692; x_wconf 92' lang='lat' dir='ltr'><strong>l.</strong></span> <span class='ocrx_word' id='word_1_482' title='bbox 1031 4644 1063 4695; x_wconf 88' lang='lat'>5</span> <span class='ocrx_word' id='word_1_483' title='bbox 1091 4647 1117 4705; x_wconf 69' lang='grc' dir='ltr'>ἓ</span> <span class='ocrx_word' id='word_1_484' title='bbox 1142 4642 1206 4711; x_wconf 86' lang='grc'><strong>8;</strong></span> <span class='ocrx_word' id='word_1_485' title='bbox 1256 4641 1412 4692; x_wconf 84' lang='lat' dir='ltr'><strong>Marx</strong></span> <span class='ocrx_word' id='word_1_486' title='bbox 1437 4638 1549 4692; x_wconf 81' lang='lat' dir='ltr'><strong>KL.</strong></span> <span class='ocrx_word' id='word_1_487' title='bbox 1579 4638 1676 4702; x_wconf 86' lang='grc' dir='ltr'><strong>ΙΙΙ,</strong></span> 
     </span>
     <span class='ocr_line' id='line_1_68' title="bbox 391 4709 1676 4782; baseline -0.005 -14"><span class='ocrx_word' id='word_1_488' title='bbox 391 4714 702 4782; x_wconf 84' lang='grc'><strong>696-699;</strong></span> <span class='ocrx_word' id='word_1_489' title='bbox 732 4710 913 4765; x_wconf 74' lang='lat' dir='ltr'><strong>Feller</strong></span> <span class='ocrx_word' id='word_1_490' title='bbox 931 4709 1024 4775; x_wconf 86' lang='grc' dir='ltr'><strong>ΙΙΙ,</strong></span> <span class='ocrx_word' id='word_1_491' title='bbox 1039 4714 1108 4766; x_wconf 79' lang='grc'><strong>41</strong></span> <span class='ocrx_word' id='word_1_492' title='bbox 1129 4730 1141 4769; x_wconf 75' lang='grc' dir='ltr'>ς</span> <span class='ocrx_word' id='word_1_493' title='bbox 1166 4713 1300 4764; x_wconf 87' lang='lat' dir='ltr'><strong>Ant.</strong></span> <span class='ocrx_word' id='word_1_494' title='bbox 1321 4711 1377 4763; x_wconf 82' lang='lat' dir='ltr'>M</span> <span class='ocrx_word' id='word_1_495' title='bbox 1383 4752 1394 4764; x_wconf 93' lang='lat'><strong>.</strong></span> <span class='ocrx_word' id='word_1_496' title='bbox 1414 4709 1676 4764; x_wconf 83' lang='lat' dir='ltr'><strong>Graziani</strong></span> 
     </span>
     <span class='ocr_line' id='line_1_69' title="bbox 389 4780 1186 4852; baseline 0.005 -20"><span class='ocrx_word' id='word_1_497' title='bbox 389 4781 450 4833; x_wconf 89' lang='lat' dir='ltr'><strong>in</strong></span> <span class='ocrx_word' id='word_1_498' title='bbox 474 4782 598 4852; x_wconf 83' lang='lat' dir='ltr'><strong>ejus</strong></span> <span class='ocrx_word' id='word_1_499' title='bbox 624 4783 746 4836; x_wconf 77' lang='lat' dir='ltr'><strong>vita</strong></span> <span class='ocrx_word' id='word_1_500' title='bbox 774 4780 1006 4835; x_wconf 86' lang='lat' dir='ltr'><strong>Parisiis</strong></span> <span class='ocrx_word' id='word_1_501' title='bbox 1033 4785 1186 4839; x_wconf 82' lang='lat'><strong>1669.</strong></span> 
     </span>
    </p>
   </div>
   <div class='ocr_carea' id='block_1_12' title="bbox 1728 3613 3016 4846">
    <p class='ocr_par' dir='ltr' id='par_1_13' title="bbox 1728 3613 3016 4846">
     <span class='ocr_line' id='line_1_70' title="bbox 1728 3613 3012 3689; baseline -0.006 -11"><span class='ocrx_word' id='word_1_502' title='bbox 1728 3619 2019 3678; x_wconf 88' lang='lat' dir='ltr'><strong>sabethae.</strong></span> <span class='ocrx_word' id='word_1_503' title='bbox 2096 3614 2482 3685; x_wconf 80' lang='lat' dir='ltr'><strong>Quamobrem</strong></span> <span class='ocrx_word' id='word_1_504' title='bbox 2544 3613 2786 3689; x_wconf 87' lang='lat' dir='ltr'><strong>praesul</strong></span> <span class='ocrx_word' id='word_1_505' title='bbox 2843 3631 3012 3670; x_wconf 85' lang='lat' dir='ltr'><strong>suam</strong></span> 
     </span>
     <span class='ocr_line' id='line_1_71' title="bbox 1730 3702 3012 3779; baseline -0.005 -12"><span class='ocrx_word' id='word_1_506' title='bbox 1730 3708 1880 3768; x_wconf 88' lang='lat' dir='ltr'><strong>adiit</strong></span> <span class='ocrx_word' id='word_1_507' title='bbox 1912 3704 2217 3764; x_wconf 77' lang='lat' dir='ltr'><strong>ecclesiam</strong></span> <span class='ocrx_word' id='word_1_508' title='bbox 2253 3722 2499 3778; x_wconf 89' lang='lat' dir='ltr'><strong>eamque</strong></span> <span class='ocrx_word' id='word_1_509' title='bbox 2548 3702 2730 3779; x_wconf 86' lang='lat' dir='ltr'><strong>digna</strong></span> <span class='ocrx_word' id='word_1_510' title='bbox 2779 3707 3012 3779; x_wconf 83' lang='lat' dir='ltr'><strong>pastore</strong></span> 
     </span>
     <span class='ocr_line' id='line_1_72' title="bbox 1730 3792 3012 3873; baseline -0.004 -18"><span class='ocrx_word' id='word_1_511' title='bbox 1730 3795 2057 3873; x_wconf 86' lang='lat' dir='ltr'><strong>vigilantia,</strong></span> <span class='ocrx_word' id='word_1_512' title='bbox 2109 3794 2232 3852; x_wconf 87' lang='lat' dir='ltr'><strong>zelo</strong></span> <span class='ocrx_word' id='word_1_513' title='bbox 2283 3796 2344 3851; x_wconf 90' lang='lat' dir='ltr'><strong>et</strong></span> <span class='ocrx_word' id='word_1_514' title='bbox 2390 3792 2797 3851; x_wconf 88' lang='lat' dir='ltr'><strong>sollicitudine</strong></span> <span class='ocrx_word' id='word_1_515' title='bbox 2842 3792 3012 3850; x_wconf 81' lang='lat' dir='ltr'><strong>rexit.</strong></span> 
     </span>
     <span class='ocr_line' id='line_1_73' title="bbox 1730 3881 3014 3960; baseline -0.004 -16"><span class='ocrx_word' id='word_1_516' title='bbox 1730 3888 1780 3944; x_wconf 81' lang='lat' dir='ltr'>A</span> <span class='ocrx_word' id='word_1_517' title='bbox 1814 3884 2096 3960; x_wconf 87' lang='lat' dir='ltr'><strong>Gregorio</strong></span> <span class='ocrx_word' id='word_1_518' title='bbox 2115 3882 2271 3940; x_wconf 88' lang='lat' dir='ltr'><strong>XIII.</strong></span> <span class='ocrx_word' id='word_1_519' title='bbox 2294 3882 2549 3940; x_wconf 74' lang='lat' dir='ltr'><strong>nuncius</strong></span> <span class='ocrx_word' id='word_1_520' title='bbox 2568 3881 2901 3939; x_wconf 84' lang='lat' dir='ltr'><strong>destinatus</strong></span> <span class='ocrx_word' id='word_1_521' title='bbox 2922 3884 3014 3939; x_wconf 88' lang='lat' dir='ltr'><strong>est</strong></span> 
     </span>
     <span class='ocr_line' id='line_1_74' title="bbox 1731 3966 3013 4050; baseline -0.003 -18"><span class='ocrx_word' id='word_1_522' title='bbox 1731 3974 1807 4033; x_wconf 90' lang='lat' dir='ltr'><strong>ad</strong></span> <span class='ocrx_word' id='word_1_523' title='bbox 1840 3973 2114 4032; x_wconf 87' lang='lat' dir='ltr'><strong>Poloniae</strong></span> <span class='ocrx_word' id='word_1_524' title='bbox 2144 3989 2345 4048; x_wconf 90' lang='lat' dir='ltr'><strong>regem</strong></span> <span class='ocrx_word' id='word_1_525' title='bbox 2379 3966 2620 4050; x_wconf 82' lang='lat'><strong>(1572),</strong></span> <span class='ocrx_word' id='word_1_526' title='bbox 2673 3973 2744 4028; x_wconf 89' lang='lat' dir='ltr'><strong>ut</strong></span> <span class='ocrx_word' id='word_1_527' title='bbox 2775 3988 3013 4028; x_wconf 89' lang='lat' dir='ltr'><strong>causam</strong></span> 
     </span>
     <span class='ocr_line' id='line_1_75' title="bbox 1731 4060 3013 4121; baseline -0.002 -1"><span class='ocrx_word' id='word_1_528' title='bbox 1731 4062 2081 4121; x_wconf 89' lang='lat' dir='ltr'><strong>catholicam</strong></span> <span class='ocrx_word' id='word_1_529' title='bbox 2107 4060 2394 4119; x_wconf 86' lang='lat' dir='ltr'><strong>adversus</strong></span> <span class='ocrx_word' id='word_1_530' title='bbox 2415 4060 2845 4118; x_wconf 89' lang='lat' dir='ltr'><strong>haereticorum</strong></span> <span class='ocrx_word' id='word_1_531' title='bbox 2878 4062 3013 4119; x_wconf 88' lang='lat' dir='ltr'><strong>tue-</strong></span> 
     </span>
     <span class='ocr_line' id='line_1_76' title="bbox 1729 4148 3016 4225; baseline -0.002 -17"><span class='ocrx_word' id='word_1_532' title='bbox 1729 4153 1898 4208; x_wconf 82' lang='lat' dir='ltr'><strong>retur</strong></span> <span class='ocrx_word' id='word_1_533' title='bbox 1930 4168 2130 4208; x_wconf 80' lang='lat' dir='ltr'><strong>ausuS.</strong></span> <span class='ocrx_word' id='word_1_534' title='bbox 2196 4149 2442 4206; x_wconf 86' lang='lat' dir='ltr'><strong>Munere</strong></span> <span class='ocrx_word' id='word_1_535' title='bbox 2491 4165 2598 4206; x_wconf 93' lang='lat' dir='ltr'><strong>suo</strong></span> <span class='ocrx_word' id='word_1_536' title='bbox 2641 4148 2875 4225; x_wconf 83' lang='lat' dir='ltr'><strong>egregie</strong></span> <span class='ocrx_word' id='word_1_537' title='bbox 2922 4151 3016 4206; x_wconf 88' lang='lat' dir='ltr'><strong>est</strong></span> 
     </span>
     <span class='ocr_line' id='line_1_77' title="bbox 1730 4236 3016 4309; baseline -0.003 -11"><span class='ocrx_word' id='word_1_538' title='bbox 1730 4240 1991 4309; x_wconf 77' lang='lat' dir='ltr'><strong>functae,</strong></span> <span class='ocrx_word' id='word_1_539' title='bbox 2025 4238 2171 4296; x_wconf 89' lang='lat' dir='ltr'><strong>adeo</strong></span> <span class='ocrx_word' id='word_1_540' title='bbox 2202 4239 2272 4295; x_wconf 90' lang='lat' dir='ltr'><strong>ut</strong></span> <span class='ocrx_word' id='word_1_541' title='bbox 2302 4237 2518 4295; x_wconf 89' lang='lat' dir='ltr'><strong>Hosius</strong></span> <span class='ocrx_word' id='word_1_542' title='bbox 2562 4255 2681 4295; x_wconf 89' lang='lat' dir='ltr'><strong>non</strong></span> <span class='ocrx_word' id='word_1_543' title='bbox 2713 4236 3016 4294; x_wconf 84' lang='lat' dir='ltr'><strong>dubitaret</strong></span> 
     </span>
     <span class='ocr_line' id='line_1_78' title="bbox 1731 4324 3013 4403; baseline -0.003 -18"><span class='ocrx_word' id='word_1_544' title='bbox 1731 4327 1889 4403; x_wconf 91' lang='lat' dir='ltr'><strong>apud</strong></span> <span class='ocrx_word' id='word_1_545' title='bbox 1922 4325 2263 4403; x_wconf 87' lang='lat' dir='ltr'><strong>pontificem</strong></span> <span class='ocrx_word' id='word_1_546' title='bbox 2295 4325 2608 4394; x_wconf 84' lang='lat' dir='ltr'><strong>affirmare,</strong></span> <span class='ocrx_word' id='word_1_547' title='bbox 2641 4324 2805 4383; x_wconf 83' lang='lat' dir='ltr'><strong>illius</strong></span> <span class='ocrx_word' id='word_1_548' title='bbox 2837 4342 3013 4399; x_wconf 89' lang='lat' dir='ltr'><strong>opera</strong></span> 
     </span>
     <span class='ocr_line' id='line_1_79' title="bbox 1732 4412 3011 4492; baseline -0.003 -18"><span class='ocrx_word' id='word_1_549' title='bbox 1732 4421 1912 4492; x_wconf 81' lang='lat' dir='ltr'><strong>atque</strong></span> <span class='ocrx_word' id='word_1_550' title='bbox 1946 4415 2245 4474; x_wconf 88' lang='lat' dir='ltr'><strong>industria</strong></span> <span class='ocrx_word' id='word_1_551' title='bbox 2275 4416 2338 4473; x_wconf 90' lang='lat' dir='ltr'><strong>et</strong></span> <span class='ocrx_word' id='word_1_552' title='bbox 2369 4414 2716 4490; x_wconf 89' lang='lat' dir='ltr'><strong>religionem</strong></span> <span class='ocrx_word' id='word_1_553' title='bbox 2762 4412 3011 4470; x_wconf 86' lang='lat' dir='ltr'><strong>catholi-</strong></span> 
     </span>
     <span class='ocr_line' id='line_1_80' title="bbox 1731 4501 3014 4581; baseline -0.002 -18"><span class='ocrx_word' id='word_1_554' title='bbox 1731 4524 1856 4563; x_wconf 89' lang='lat' dir='ltr'><strong>cam</strong></span> <span class='ocrx_word' id='word_1_555' title='bbox 1910 4506 2296 4581; x_wconf 79' lang='lat' dir='ltr'><strong>propagatam</strong></span> <span class='ocrx_word' id='word_1_556' title='bbox 2344 4507 2407 4562; x_wconf 87' lang='lat' dir='ltr'><strong>et</strong></span> <span class='ocrx_word' id='word_1_557' title='bbox 2454 4502 2608 4561; x_wconf 89' lang='lat' dir='ltr'><strong>sedis</strong></span> <span class='ocrx_word' id='word_1_558' title='bbox 2657 4501 3014 4577; x_wconf 87' lang='lat' dir='ltr'><strong>apostolicae</strong></span> 
     </span>
     <span class='ocr_line' id='line_1_81' title="bbox 1732 4591 3013 4667; baseline -0.003 -15"><span class='ocrx_word' id='word_1_559' title='bbox 1732 4594 2147 4652; x_wconf 77' lang='lat' dir='ltr'><strong>auctoritatem</strong></span> <span class='ocrx_word' id='word_1_560' title='bbox 2180 4592 2502 4667; x_wconf 87' lang='lat' dir='ltr'><strong>plurimum</strong></span> <span class='ocrx_word' id='word_1_561' title='bbox 2531 4592 2594 4649; x_wconf 92' lang='lat' dir='ltr'><strong>in</strong></span> <span class='ocrx_word' id='word_1_562' title='bbox 2625 4609 2807 4667; x_wconf 92' lang='lat' dir='ltr'><strong>regno</strong></span> <span class='ocrx_word' id='word_1_563' title='bbox 2839 4591 3013 4648; x_wconf 90' lang='lat' dir='ltr'><strong>Polo-</strong></span> 
     </span>
     <span class='ocr_line' id='line_1_82' title="bbox 1732 4680 3011 4741; baseline -0.002 -1"><span class='ocrx_word' id='word_1_564' title='bbox 1732 4683 1862 4741; x_wconf 84' lang='lat' dir='ltr'><strong>niae</strong></span> <span class='ocrx_word' id='word_1_565' title='bbox 1912 4683 2097 4741; x_wconf 87' lang='lat' dir='ltr'><strong>fuisse</strong></span> <span class='ocrx_word' id='word_1_566' title='bbox 2144 4683 2393 4739; x_wconf 86' lang='lat' dir='ltr'><strong>auctam.</strong></span> <span class='ocrx_word' id='word_1_567' title='bbox 2458 4680 2696 4739; x_wconf 88' lang='lat' dir='ltr'><strong>Romam</strong></span> <span class='ocrx_word' id='word_1_568' title='bbox 2737 4697 3011 4738; x_wconf 84' lang='lat' dir='ltr'><strong>reversus</strong></span> 
     </span>
     <span class='ocr_line' id='line_1_83' title="bbox 1733 4766 3013 4846; baseline -0.002 -19"><span class='ocrx_word' id='word_1_569' title='bbox 1733 4771 2071 4846; x_wconf 88' lang='lat' dir='ltr'><strong>praeficitur</strong></span> <span class='ocrx_word' id='word_1_570' title='bbox 2104 4769 2543 4845; x_wconf 86' lang='lat' dir='ltr'><strong>congregationi</strong></span> <span class='ocrx_word' id='word_1_571' title='bbox 2564 4786 2673 4843; x_wconf 89' lang='lat' dir='ltr'><strong>pro</strong></span> <span class='ocrx_word' id='word_1_572' title='bbox 2693 4767 2891 4827; x_wconf 90' lang='lat' dir='ltr'><strong>calend</strong></span> <span class='ocrx_word' id='word_1_573' title='bbox 2902 4766 3013 4825; x_wconf 90' lang='lat' dir='ltr'><strong>arii</strong></span> 
     </span>
    </p>
   </div>
  </div>
 </body>
</html>
