3625 5193
339 286 348 295 ⁴
413 306 577 360 1053
887 287 1193 355 plantavit,
1223 290 1492 359 Aquinas,
1518 293 1658 349 Lud.
1685 292 1979 355 Henricus,
2007 292 2173 346 Gabr.
2199 290 2419 346 Sionita
2445 296 2550 347 etc.
2860 313 2932 364 10
2945 312 2976 365 5
2988 311 3024 362 4

407 478 786 536 Cuaeiositates
817 490 1023 535 sacras
1067 496 1173 536 seu
1205 497 1449 537 examen
1492 479 1686 538 vario·
1751 480 1928 538 Terre
1983 481 2168 538 sainte
2219 476 2439 562 (1651.
2501 478 2724 562 1652),
2791 479 3029 538 Parisiis

405 586 538 625 rum
592 566 854 625 locorum
906 585 951 625 s.
995 566 1332 642 Scripturae
1380 567 1690 627 in·1ucem
1755 578 1937 632 1657.

291 668 301 675 ·
404 656 571 714 dedit
605 650 869 735 (gallice)
904 656 1117 714 Petrus
1143 655 1504 727 Clement,
1537 659 1688 716 Bur-

403 744 663 821 gundus,
697 745 1015 803 canonicus
1049 745 1356 821 regularis,
1407 745 1689 824 Lingonis
1852 756 1995 808 449.
2046 748 2225 806 Gallis
2285 748 2633 823 subjicimus
2696 748 3028 807 Gabrielem

413 844 571 896 1651
611 835 674 891 in
711 843 763 896 8.
797 866 882 876 ——
915 833 1097 892 Aliud
1119 834 1495 912 Florileyium
1528 836 1687 894 bibli-
1747 835 2123 894 Sionitam
2143 836 2380 896 natione
2397 836 2638 913 quidem
2656 837 3028 907 Maronitam,

404 941 534 980 cum
582 923 973 997 complectens
1019 941 1221 981 omnes
1268 924 1586 1000 utriusque
1627 925 1686 982 T.
1742 925 1935 999 patria
1979 924 2343 984 Edenensern
2379 944 2411 984 e
2455 936 2655 984 monte
2703 927 2925 984 Libano
2971 945 3028 989 n.

405 1012 730 1070 sententias
782 1010 1086 1080 hebraice,
1139 1031 1343 1088 graece
1394 1018 1456 1073 et
1505 1015 1690 1071 latine
1755 1022 1939 1082 1577,
1974 1014 2078 1089 qui
2108 1014 2173 1072 in
2199 1014 2445 1091 collegio
2467 1015 2892 1074 Maronitarum
2925 1035 3030 1090 pa-

405 1100 569 1159 brevi
594 1102 774 1177 juxta
802 1099 1092 1159 literalem
1128 1120 1369 1159 sensum
1393 1120 1688 1160 commen-
1745 1103 1864 1160 trio
1937 1102 2257 1161 institutus
2320 1103 2569 1163 Parisios
2639 1123 2701 1162 se
2776 1105 3033 1162 contulit

404 1190 559 1248 tario
585 1190 956 1248 illustratum
973 1189 1497 1264 collegitLodovae
1522 1201 1679 1253 1641
1743 1185 1993 1273 (1614),
2041 1192 2145 1250 ubi
2178 1192 2514 1250 cathedram
2556 1193 2799 1269 linguae
2841 1194 3029 1269 syria-

403 1279 467 1337 in
500 1278 536 1335 f.
571 1279 830 1337 Joannes
865 1278 1278 1338 Plantavit
1310 1278 1380 1337 de
1413 1281 1469 1337 la
1501 1281 1689 1338 Panse
1745 1298 1845 1338 cae
1894 1284 1956 1338 et
2000 1282 2268 1340 arabicae
2317 1280 2599 1349 obtinuit,
2662 1283 2923 1340 lauream
2968 1282 3033 1339 in

404 1367 814 1426 Cebennensis.
867 1366 1268 1426 calvinianam
1321 1372 1539 1427 sectam
1559 1413 1572 1437 ‚
1624 1369 1690 1427 in
1745 1369 2046 1445 theologia
2071 1370 2401 1445 promeruit
2423 1366 2649 1453 (1620)
2671 1374 2731 1430 et
2763 1370 3031 1429 sacerdos

406 1475 525 1531 qua
554 1460 680 1514 erat
712 1460 909 1525 natue,
943 1456 1210 1514 deseruit
1242 1477 1292 1519 a.
1333 1467 1516 1520 1604.
1551 1459 1687 1516 Stu-

405 1544 518 1603 diis
549 1544 895 1621 theologicis
914 1545 1204 1603 absolutis
1237 1546 1475 1604 Romam
1500 1565 1688 1606 seces-

405 1634 485 1692 sit
517 1632 763 1714 (1609),
811 1638 871 1692 et
904 1634 1040 1692 inde
1073 1634 1256 1692 redux
1302 1635 1556 1694 vicarius
1587 1654 1687 1712 ge·

407 1724 627 1781 neralis
660 1743 694 1780 a
725 1722 1010 1782 cardinali
1047 1723 1466 1797 Rupefocaldio
1517 1725 1688 1783 insti-

405 1812 602 1870 tuitur
635 1814 812 1886 atque
852 1821 1016 1873 1625
1062 1811 1136 1869 ad
1170 1812 1367 1870 sedem
1412 1814 1688 1872 lodoven-

408 1919 529 1958 sem
563 1906 960 1975 promovetur,
1002 1920 1119 1975 qua
1151 1904 1392 1976 propter
1422 1903 1688 1962 affectam

406 1989 810 2047 valetudinem
874 1989 1113 2047 dimissa
1177 2000 1336 2052 1648
1361 2034 1374 2060 ,
1452 1991 1688 2049 mortali

406 2078 546 2136 huic
577 2078 733 2136 vitae
765 2078 1045 2136 valedixit
1074 2088 1230 2140 1651
1273 2100 1321 2137 a.
1354 2080 1566 2138 aetatis
1592 2089 1689 2141 71.

408 2167 645 2226 Praeter
689 2168 1113 2245 chronoloyimn
1147 2169 1492 2240 praesulum
1533 2170 1689 2227 lodo·

405 2258 676 2331 ven-sium,
701 2256 1030 2315 Aramontii
1059 2266 1222 2319 1634
1259 2257 1323 2314 in
1345 2266 1419 2327 4.,
1454 2257 1692 2334 collegit

406 2364 642 2420 quoque
676 2344 1056 2404 bibliothecam
1105 2346 1461 2404 rabbinicam
1495 2350 1555 2404 et
1584 2346 1689 2419 flo-

407 2435 665 2511 rileyium
703 2435 1060 2492 rabbinicum
1087 2431 1282 2514 (valde
1301 2432 1549 2512 rarum),
1584 2436 1690 2493 Lo-

405 2522 589 2581 dovae
633 2532 796 2585 1644
831 2524 894 2581 in
925 2523 961 2580 f.
985 2556 1069 2566 —
1098 2523 1249 2580 Huic
1281 2523 1527 2602 adjungi
1559 2527 1690 2601 pot-

407 2615 502 2671 est
533 2613 844 2688 Philippus
890 2611 1052 2694 (ante
1083 2609 1524 2695 Mardochaeus)
1569 2614 1690 2672 dic-

408 2704 509 2759 tus
542 2705 588 2760 A
611 2702 887 2776 quinas
934 2696 1032 2784 (ab
1064 2703 1318 2777 AquinO,
1372 2703 1478 2761 ubi
1511 2723 1541 2762 e
1575 2704 1690 2761 Ju-

410 2789 553 2848 daeo
585 2791 953 2849 Christianus
999 2795 1089 2849 est
1118 2791 1328 2862 factuS,
1374 2791 1462 2850 ita
1492 2793 1690 2869 appel-

409 2875 598 2960 latus)
650 2880 1247 2955 carpentoractensiS,
1300 2881 1541 2957 linguae
1590 2881 1690 2940 he-

411 2967 639 3026 braicae
656 2970 950 3044 professor
965 2968 1307 3043 parisiensis
1325 2965 1387 3051 (†
1405 2989 1451 3032 c.
1479 2981 1497 3031 l
1517 2980 1550 3031 6
1562 2979 1594 3031 5
1606 2968 1688 3048 O),

409 3057 515 3130 qui
547 3058 784 3133 scripsit
816 3053 1076 3137 (gallice)
1120 3058 1593 3116 dissertationem
1625 3060 1694 3115 de

410 3144 777 3205 tabernaculo
822 3154 873 3204 et
918 3149 1127 3204 castris
1173 3147 1578 3205 Israelitarum
1621 3166 1690 3204 ex

415 3235 677 3311 antiquis
721 3236 982 3303 Judaeis,
1030 3236 1272 3293 Parisiis
1315 3243 1474 3298 1623
1523 3236 1584 3293 in
1622 3246 1689 3306 43

1745 1462 1884 1533 post
1916 1457 2223 1517 biennium
2270 1462 2362 1517 est
2406 1458 2732 1521 ordinatus.
2780 1458 3032 1534 Operam

1747 1565 1915 1606 suam
1948 1547 2255 1606 collocavit
2287 1548 2350 1627 in
2381 1547 2622 1607 edendis
2640 1548 2842 1607 bibliis
2863 1548 3030 1625 poly-

1745 1636 1956 1712 glottis
1988 1637 2435 1711 parisiensibuS,
2488 1634 2547 1717 (†
2590 1647 2751 1699 1648
2788 1658 2835 1694 a.
2872 1640 3032 1694 aeta-

1747 1726 1823 1783 tis
1859 1722 1983 1804 71).
2033 1725 2295 1794 ,Verum
2340 1725 2434 1784 hic
2480 1725 2790 1796 Maronita,
2837 1725 3035 1801 inquit

1747 1815 1838 1872 Le
1869 1815 2091 1891 Long,
2126 1819 2252 1874 erat
2285 1815 2482 1874 animo
2514 1814 2764 1873 nimium
2785 1814 3031 1873 remisso

1747 1921 1811 1960 ao
1844 1903 2040 1974 inerti,
2076 1904 2519 1979 epulationibus
2538 1904 2725 1980 magis
2747 1922 2924 1979 quam
2946 1904 3031 1961 la-

1748 1992 1876 2049 bori
1908 1991 2140 2058 dedit03
2179 1992 2252 2049 ab
2284 1993 2454 2050 annis
2486 2011 2744 2067 namque
2781 2001 2859 2054 22
2897 1994 2951 2051 h.
2984 2012 3032 2049 e.

1747 2082 1822 2138 ab
1855 2100 1903 2138 a.
1946 2091 2110 2142 1614
2159 2085 2428 2151 exeunte,
2476 2099 2594 2155 quo
2636 2081 2888 2141 Parisios
2937 2100 3032 2139 ac-

1747 2168 1941 2238 cessit,
1978 2168 2053 2226 ad
2084 2189 2131 2226 a.
2163 2179 2326 2231 1636
2361 2173 2596 2244 praeter
2628 2170 2872 2228 latinam
2893 2189 3029 2247 geo-

1747 2258 2027 2333 graphiae
2060 2257 2381 2316 Nubiensis
2415 2258 2663 2316 Balterii
2708 2261 2769 2315 et
2800 2258 3033 2333 parvuli

1748 2346 2037 2420 poematis
2090 2347 2162 2405 de
2194 2346 2488 2422 sapientia
2528 2347 2730 2405 divina
2762 2347 3028 2422 publica-

1747 2436 2337 2494 tamtranslationem
2356 2455 2404 2493 a.
2437 2444 2835 2498 1619.1625.
2866 2444 3030 2500 1628

1747 2524 1811 2581 in
1845 2524 1991 2582 solis
2013 2524 2202 2595 libris,
2237 2524 2341 2600 qui
2362 2527 2598 2583 exstant
2629 2525 2693 2583 in
2717 2532 2772 2584 2.
2808 2545 2861 2601 p.
2895 2529 2940 2583 t.
2978 2535 3030 2587 5.

1747 2618 1808 2673 et
1838 2614 1901 2672 in
1933 2615 2291 2689 quibusdam
2325 2615 2457 2672 aliis
2493 2618 2532 2672 t.
2572 2626 2625 2677 7.
2658 2620 2719 2672 et
2755 2624 2808 2678 8.
2848 2615 3032 2674 latine

1749 2703 2063 2762 reddendis
2094 2707 2289 2762 totum
2334 2706 2571 2779 tempus
2611 2705 3031 2762 contriverat<

1747 2792 1943 2867 Hujus
1964 2793 2071 2851 otii
2090 2793 2264 2850 aliam
2280 2811 2514 2851 causam
2535 2793 2735 2851 innuit
2751 2793 3033 2868 Knopfler

1749 2881 1863 2943 KL.
1898 2881 1962 2952 V,
2000 2890 2054 2942 4.
2094 2881 2298 2939 Edidit
2329 2881 2614 2957 quosdam
2647 2882 2708 2939 ll.
2744 2881 2807 2940 V.
2843 2882 2904 2939 Τ.
2938 2901 3030 2958 sy-

1747 2969 1899 3028 riace
1931 2990 2060 3029 cum
2085 2969 2356 3029 versione
2388 2970 2575 3029 latina
2603 2967 2689 3051 (in
2710 2971 2907 3029 bibliis
2925 2989 3029 3046 po-

1747 3057 1887 3134 lygl.
1907 3059 2082 3134 paris,
2114 3078 2163 3116 a.
2193 3055 2405 3139 1645),
2442 3079 2590 3133 quae
2610 3060 2790 3118 editio
2824 3078 3031 3118 secun-

1747 3147 1890 3204 dum
1909 3147 2253 3206 Waltonum
2285 3149 2508 3225 proleg.
2549 3156 2621 3209 12
2661 3144 2692 3213 ἓ
2720 3157 2752 3208 8
2789 3149 2928 3206 licet
2959 3149 3032 3206 ab

1748 3236 2025 3294 omnibus
2056 3237 2267 3295 merito
2300 3236 2381 3294 sit
2410 3235 2800 3311 suscipienda,
2834 3240 3033 3294 tamen

409 3325 812 3396 explicationes
830 3326 1096 3399 litet-ales,
1129 3326 1464 3401 alleqoricas
1484 3331 1532 3382 et
1551 3326 1690 3382 ethi·
1745 3325 1955 3383 multis
2001 3328 2063 3384 et
2105 3325 2386 3402 gravibus
2435 3325 2758 3383 defectibus
2808 3324 3032 3382 laborat

408 3430 509 3470 cas
539 3414 910 3490 tabermaouli,
954 3415 1024 3471 de
1053 3415 1394 3471 vestimentis
1423 3415 1687 3471 sacerdo·
1745 3416 1868 3471 tam
1901 3432 1969 3472 ex
2002 3413 2165 3473 codd.
2189 3432 2343 3482 mss„
2379 3414 2598 3488 quibus
2620 3432 2763 3471 usus
2794 3417 2885 3470 est
2902 3412 3029 3470 Sio-

406 3507 529 3558 tum
572 3510 622 3559 et
669 3504 1008 3579 sacrificiis,
1062 3502 1142 3564 ib.
1195 3510 1393 3574 1624;
1446 3510 1690 3560 veterum

1747 3503 1892 3571 nita,
1925 3502 2163 3570 lacuniS,
2199 3521 2344 3576 quas
2365 3502 2603 3577 proprio
2629 3501 2888 3578 ingenio,
2911 3521 3032 3560 non

409 3590 786 3649 rabbinorum
836 3592 898 3649 in
943 3591 1271 3664 exponendo
1319 3592 1691 3650 Pentateucho
1747 3609 1815 3648 ex
1865 3591 1988 3649 cod.
2035 3609 2142 3649 ms.
2186 3590 2492 3666 supplevit
2536 3590 2627 3649 vel
2674 3589 3030 3664 quandoque

409 3680 604 3737 modos
632 3682 711 3738 13
748 3680 864 3738 aR.
888 3679 1136 3738 Ismaele
1169 3698 1236 3738 ex
1259 3680 1540 3738 universo
1563 3680 1690 3738 Tal·
1747 3679 2011 3752 reliquit,
2076 3698 2253 3754 quam
2299 3698 2366 3737 ex
2430 3698 2737 3754 operarum
2801 3679 3031 3747 erratiS,

407 3767 605 3825 mudis
651 3788 825 3844 opere
870 3768 1160 3838 collectoS,
1209 3769 1285 3826 ib.
1329 3778 1492 3832 1620
1536 3769 1598 3826 in
1635 3781 1690 3829 4.
1749 3785 1898 3841 quae
1948 3768 2126 3825 nimis
2177 3768 2522 3842 frequenter
2573 3769 2908 3834 occurrunt,
2973 3769 3034 3824 et

410 3856 546 3932 (sub
577 3857 815 3916 nomine
846 3858 1018 3917 Joan.
1051 3860 1340 3918 Arnoux
1374 3859 1427 3916 S.
1449 3859 1546 3936 J.).
1579 3857 1690 3916 Cu·
1747 3857 1928 3914 etiam
1960 3876 2026 3914 ex
2047 3856 2319 3915 versione
2340 3857 2543 3926 latina,
2570 3875 2721 3931 quae
2741 3874 2873 3913 cum
2899 3875 3033 3932 syra

410 3944 564 4003 ravit
583 3964 818 4022 quoque
851 3951 1079 4005 textum
1102 3946 1419 4005 hebraeum
1441 3950 1501 4005 et
1533 3947 1691 4005 chal·
1748 3945 1971 4020 ubique
2002 3964 2123 4004 non
2154 3948 2351 4004 exacte
2371 3946 2641 4022 quadrat.
2675 3945 2868 4003 Vertit
2886 3963 3030 4020 quo-

410 4033 623 4092 daeum
657 4035 719 4093 in
746 4036 1094 4112 polyglottis
1116 4036 1554 4110 parisiensibus,
1591 4035 1691 4093 sed
1748 4053 1864 4111 que
1897 4054 1963 4092 ex
2012 4035 2242 4093 arabico
2274 4030 2363 4116 (in
2402 4035 2613 4094 iisdem
2653 4031 3031 4112 polyglottis)

411 4123 538 4196 ejus
589 4124 909 4183 editionem
962 4125 1276 4183 acerrimae
1326 4125 1535 4199 plane,
1587 4142 1693 4183 nec
1750 4123 1895 4181 11.V.
1931 4125 1993 4182 Τ.
2026 4125 2283 4198 exceptis
2303 4125 2706 4183 Pentateucho
2740 4126 2799 4181 et
2832 4124 3032 4181 libello

409 4210 560 4270 forte
596 4212 894 4272 immerito
920 4214 1059 4272 crisi
1080 4212 1325 4287 subjicit
1343 4213 1690 4290 Flavignius
1749 4213 1926 4282 Ruth,
1962 4213 2020 4270 ll.
2055 4213 2286 4282 Tobiae,
2333 4212 2568 4280 Judith,
2616 4212 2847 4278 Esther,
2900 4211 3032 4286 qui-

410 4317 499 4374 ep.
531 4321 581 4359 a.
620 4312 787 4363 1646
839 4322 894 4377 p.
951 4313 1044 4364 19.
1090 4334 1177 4344 —
1225 4302 1484 4378 Philippi
1533 4301 1691 4360 filius
1748 4301 1999 4359 busdam
2032 4302 2381 4378 fragmentis
2402 4301 2693 4359 Jeremiae
2726 4304 2785 4357 et
2818 4299 3029 4356 Danie-

410 4389 845 4451 Lodovicus
898 4390 1282 4449 Henricus
1334 4394 1691 4451 commenta·
1747 4391 1842 4456 lis,
1888 4394 2018 4452 1.et
2053 4398 2107 4450 2.
2131 4390 2633 4448 Machabaeorum.
2668 4388 2748 4447 ef.
2770 4387 2849 4445 Le
2869 4388 3034 4463 Long

410 4477 566 4536 rium
597 4480 788 4539 edidit
820 4476 1080 4560 (gallice)
1125 4481 1186 4537 in
1219 4481 1254 4540 l.
1287 4480 1400 4538 Job
1431 4485 1491 4539 et
1521 4483 1691 4540 notas
1746 4479 1891 4537 bibl.
1928 4498 1971 4537 s.
2006 4499 2061 4554 p.
2103 4491 2126 4542 1
2169 4497 2214 4541 c.
2257 4491 2278 4541 1
2322 4478 2461 4539 diss.
2493 4477 2566 4536 de
2598 4477 2818 4553 polygl.
2854 4475 3029 4552 paris.

410 4569 472 4624 in
503 4569 539 4630 l.
570 4569 801 4641 Esther,
849 4568 1088 4627 Parisiis
1144 4576 1306 4631 1624
1354 4570 1415 4628 in
1452 4581 1522 4638 43
1573 4575 1692 4627 octo
1749 4569 1895 4627 Cum
1947 4569 2116 4626 Joan.
2181 4568 2237 4624 H
2258 4567 2624 4626 esronita
2684 4569 2745 4623 et
2799 4564 3032 4622 Victore

408 4657 782 4717 rabbinorum
833 4658 1239 4715 commentaria
1291 4659 1351 4714 in
1399 4659 1492 4716 1⁵³.
1546 4660 1691 4731 119,
1749 4657 2050 4715 Scialac
2095 4656 2281 4714 edidit
2326 4656 2542 4715 Romae
2586 4664 2751 4716 1614
2798 4654 2832 4710 l.
2866 4652 3030 4711 Psal-

408 4743 488 4802 ib.
528 4756 694 4810 1610
729 4746 793 4804 in
829 4756 883 4807 4.
917 4779 1004 4789 —-
1035 4745 1408 4804 Doubdan
1460 4746 1692 4806 canoni·
1747 4764 1974 4804 morum
2010 4746 2256 4804 Davidis
2287 4763 2355 4802 ex
2389 4745 2621 4804 arabico
2667 4742 2937 4802 idiomate
2969 4741 3031 4799 in

410 4851 514 4892 cus
546 4834 887 4910 parisiensis
921 4838 1125 4893 narrat
1175 4833 1259 4892 Le
1290 4852 1495 4914 voyaye
1526 4837 1595 4894 de
1635 4837 1691 4892 la
1747 4834 2001 4893 latinum
2035 4835 2414 4904 translatum,
2449 4853 2598 4910 quae
2621 4831 2813 4892 versio
2837 4830 3034 4890 differt
