3625 5193
578 245 701 298 627
1192 230 1564 283 1621—1640.
1592 224 1904 295 Theologia
1928 225 2262 281 scholastica
2287 226 2346 280 in
2372 227 2587 297 Belgi0.
3066 246 3192 300 523

571 413 886 471 Excellunt
917 432 984 470 ea
1017 411 1310 487 siquidem
1341 412 1608 471 idearum
1639 411 1857 470 nobili·
1913 411 2137 470 iterum
2169 411 2449 488 Priburgi
2465 413 2805 489 Brisgoviae
2828 421 2992 476 1862
3012 415 3074 472 in
3097 426 3119 477 1
3139 426 3195 478 6.

573 507 717 571 tate,
752 502 1138 578 expositionis
1157 501 1353 559 nitore
1373 505 1555 577 atque
1588 500 1855 568 candore,
1915 500 2050 559 Alia
2080 500 2342 576 ejusdem
2375 519 2554 575 opera
2585 504 2756 560 sunt:
2792 502 2879 560 De
2894 505 3090 579 qratia
3110 505 3195 576 ef·

571 592 1080 667 comparationum
1111 590 1477 660 luminibus;
1510 610 1629 649 non
1663 590 1855 649 solum
1908 589 2090 663 ficaci,
2123 590 2366 649 decretis
2395 591 2622 664 divinis,
2670 591 2927 649 libertate
2957 592 3199 651 arbitrii

571 685 830 740 mentem
892 679 1259 748 illuminant,
1324 679 1426 737 sed
1474 692 1535 739 et
1580 680 1856 738 affectum
1913 686 1964 737 et
1984 681 2374 751 praescientia
2407 679 2515 737 Dei
2556 680 2945 739 conditionata
2987 681 3196 757 dispu-

569 775 824 845 pascunt
855 775 918 848 et
948 770 1279 828 accendunt
1308 787 1424 838 cor,
1458 769 1618 843 quod
1641 769 1703 827 in
1724 769 1854 844 pri-
1909 768 2058 826 tatio
2101 768 2505 844 apologetica,
2558 786 2690 828 cum
2739 769 2889 845 disp.
2939 769 3194 840 duabus,

570 858 681 916 mis
713 878 920 917 verum
953 858 1026 916 de
1053 859 1179 926 ino,
1213 859 1309 916 cui
1329 859 1580 917 titulus:
1615 858 1700 917 De
1717 876 1855 933 per·
1909 857 2096 916 altera
2144 858 2212 915 de
2259 858 2778 937 praedestinatione
2819 866 2870 916 et
2915 860 3195 933 reproba·

568 948 903 1022 factionibus
952 948 1316 1024 moribusque
1376 948 1588 1005 divinis
1633 948 1694 1005 ll.
1756 956 1851 1012 14.
1909 948 2058 1005 tione
2088 947 2419 1023 anqelorum
2464 954 2515 1004 et
2543 948 2856 1023 bominum,
2905 949 3095 1009 altera
3126 949 3197 1007 de

567 1036 949 1112 Antwerpiae
989 1046 1154 1099 1620
1190 1036 1252 1094 in
1288 1046 1356 1099 4:
1391 1036 1636 1094 Parisiis
1666 1044 1852 1104 162ος
1902 1036 2426 1109 praedestinatione
2505 1036 2757 1112 Christi,
2836 1037 3195 1112 Antverpiae

566 1126 973 1184 additionibus
1022 1125 1252 1199 aliquot
1301 1126 1462 1183 aucti
1522 1144 1658 1182 cum
1718 1125 1853 1182 aliis
1916 1133 2115 1192 1610;
2149 1123 2389 1183 Parisiis
2428 1132 2630 1194 1878„
2673 1125 2737 1183 in
2768 1144 2890 1200 qua
2920 1125 3195 1201 disputa-

567 1215 872 1290 opusculis
904 1214 1280 1290 Antwerpiae
1330 1223 1525 1284 16263
1572 1213 1851 1290 Lugduni
1907 1213 2070 1271 tione
2118 1213 2281 1271 illam
2333 1215 2543 1271 tuetur
2592 1214 2967 1284 sententiam,
3020 1216 3194 1290 cujus

575 1314 600 1364 1
616 1313 761 1372 656;
783 1303 975 1360 recusi
991 1303 1271 1379 Friburgi
1293 1303 1637 1379 Brisgoviae
1664 1314 1684 1364 1
1705 1311 1850 1372 8613

568 1392 810 1449 Parisiis
834 1401 1020 1461 18753
1047 1401 1229 1455 1881.
1264 1392 1518 1450 Disserit
1533 1393 1597 1450 in
1613 1392 1771 1450 hisce
1788 1392 1851 1454 ll.

567 1480 638 1538 de
655 1480 909 1557 singulis
927 1481 1027 1538 Dei
1038 1480 1521 1555 perfectionibuS,
1534 1500 1738 1539 earum
1751 1499 1851 1538 no·

566 1570 760 1627 tiones
792 1570 1076 1627 distincte
1120 1569 1437 1627 admodum
1482 1570 1727 1645 exponit
1758 1575 1851 1644 at-

567 1678 681 1732 que
714 1659 989 1722 declarat,
1023 1659 1181 1733 aptis
1214 1659 1755 1735 comparationibus
1776 1658 1849 1715 il-

566 1748 807 1812 lustrat,
842 1746 1046 1804 solidis
1090 1748 1459 1824 argumentis
1504 1767 1573 1805 ex
1622 1748 1850 1805 revela-

565 1836 747 1895 tionis
779 1836 1051 1894 fontibus
1100 1837 1469 1912 rationisque
1523 1855 1683 1912 penu
1716 1836 1850 1894 illas

526 1976 531 1982 .
565 1926 686 1982 Deo
721 1924 997 1994 vindicat,
1036 1923 1269 1984 fructus
1301 1925 1511 1984 exinde
1554 1925 1850 2001 practicos

565 2033 673 2089 pro
706 2034 940 2072 morum
972 2014 1394 2074 informatione
1410 2015 1642 2091 colligit
1663 2014 1847 2072 medi-

564 2103 940 2177 tationesque
958 2122 1094 2161 suas
1115 2104 1495 2163 devotissima
1515 2104 1733 2163 mentis
1753 2108 1849 2161 at-

565 2211 681 2268 que
711 2193 902 2250 cordis
934 2194 1006 2250 ad
1031 2194 1215 2251 Deum
1248 2193 1580 2252 elevatione
1612 2193 1849 2250 conclu·

564 2281 669 2338 dit.
686 2282 836 2340 Hinc
848 2282 919 2339 de
930 2282 1004 2340 iis
1025 2282 1235 2342 scribit
1249 2283 1503 2340 Perrone
1518 2279 1563 2350 ἱ)
1579 2301 1593 2339 :
1630 2321 1656 2350 ,
1672 2282 1849 2340 Prae-

564 2374 659 2427 ter
691 2371 1054 2447 singularem
1074 2372 1136 2429 in
1152 2371 1398 2430 dicendo
1419 2372 1754 2430 claritatem
1787 2370 1848 2429 id

565 2460 679 2517 sibi
740 2461 1035 2535 peculiare
1087 2461 1351 2519 vindicat
1400 2461 1706 2536 piissimus
1757 2459 1849 2517 hic

563 2557 785 2618 auctor,
820 2553 891 2608 ut
925 2551 1214 2608 lectorum
1255 2550 1429 2608 corda
1461 2550 1610 2608 mire
1643 2567 1846 2608 accen-

564 2637 668 2696 dat
700 2657 765 2696 ac
794 2638 859 2696 in
896 2640 1080 2695 Deum
1112 2645 1363 2706 moveat,
1386 2631 1753 2714 'praesertim
1785 2639 1847 2696 in

1908 1302 2205 1362 ocsasione
2249 1302 2333 1359 ita
2378 1300 2454 1360 ad
2499 1321 2636 1360 eum
2668 1302 2906 1377 scripsit
2936 1321 2979 1360 a.
3011 1303 3195 1363 Fran-

1907 1391 2097 1451 ciscus
2131 1385 2485 1469 Salesius¹):
2524 1391 2829 1467 ‚Cognovi
2862 1392 2924 1452 P.
2956 1390 3025 1450 V.
3057 1411 3189 1451 sen-

1906 1480 2159 1539 tentiam
2189 1480 2351 1538 illam
2384 1479 2763 1554 antiquitate,
2798 1480 3095 1539 suavitate
3128 1500 3197 1540 ac

1908 1568 2352 1643 Scripturarum
2402 1568 2608 1627 nativa
2638 1570 2994 1628 auctoritate
3026 1569 3197 1629 nobi-

1906 1657 2184 1716 lissimam
2199 1657 2271 1715 de
2288 1656 2827 1733 praedestinatione
2846 1659 2917 1716 ad
2940 1658 3195 1735 gloriam

1906 1749 2040 1822 post
2071 1746 2338 1822 praevisa
2368 1746 2578 1804 merita
2609 1747 2886 1822 amplecti
2916 1765 2982 1805 ac
3014 1749 3193 1818 tueri,

1905 1834 2064 1909 quod
2096 1836 2271 1894 etiam
2306 1835 2453 1893 mihi
2472 1835 2881 1910 gratissimum
2914 1836 3046 1906 fuit,
3081 1838 3188 1912 qui

1905 1923 2188 1981 nimirum
2221 1943 2352 1982 eam
2384 1942 2613 2000 semper
2644 1927 2715 1982 ut
2736 1924 2839 1983 Dei
2860 1925 3191 1984 misericor-

1905 2013 2037 2071 diae
2069 2031 2135 2071 ac
2165 2013 2389 2089 gratiae
2422 2013 2607 2090 magis
2643 2017 3093 2072 consentaneam
3124 2033 3193 2073 ac

1905 2101 2220 2160 amabilem
2251 2102 2600 2174 existimavi,
2650 2102 2811 2176 quod
2841 2102 3020 2161 etiam
3052 2106 3187 2161 tan-

1904 2190 2096 2266 tisper
2127 2190 2189 2249 in
2211 2191 2413 2249 libello
2435 2191 2505 2249 de
2522 2209 2717 2250 amore
2739 2192 2841 2249 Dei
2861 2190 3140 2253 indicavi.
3158 2201 3185 2230 ‘

1905 2280 1993 2337 De
2023 2297 2245 2337 summo
2296 2281 2435 2337 bono
2486 2288 2536 2337 et
2585 2287 2817 2338 aeterna
2848 2281 3192 2338 beatitudine

1903 2363 2155 2427 hominis
2184 2369 2238 2430 ll.
2277 2371 2337 2443 4,
2388 2368 2764 2444 Antwerpiae
2809 2379 2998 2438 16163
3063 2370 3188 2428 Fri-

1903 2457 2081 2533 burgi
2113 2458 2453 2534 Brisgoviae
2499 2465 2690 2528 18693
2723 2459 2792 2515 de
2814 2458 3188 2530 providentia

1910 2547 2180 2606 Numinis
2228 2553 2280 2605 et
2326 2548 2510 2606 animi
2570 2547 2997 2606 immortalitate
3040 2547 3101 2607 ll.
3151 2557 3185 2610 2

1903 2636 2185 2694 adversus
2220 2636 2424 2695 atheos
2445 2639 2506 2694 et
2525 2632 2879 2716 politicos2),
2914 2638 3190 2696 Antwer·

565 2727 688 2783 suis
707 2726 1606 2802 recollectionibusprecatoriis,
1630 2727 1692 2784 in
1713 2727 1846 2801 qui·
1903 2725 2035 2801 piae
2093 2734 2292 2794 1613;
2352 2734 2553 2795 1617;
2620 2744 2753 2784 cum
2815 2727 3191 2800 praecedenti

565 2816 677 2871 bus
709 2815 852 2871 dum
886 2834 1178 2872 summam
1220 2816 1452 2892 colligit
1483 2835 1688 2874 eorum
1721 2835 1847 2874 om·
1904 2813 2147 2872 Parisiis
2206 2823 2400 2882 188ος
2473 2815 2630 2886 Quae
2674 2814 2814 2887 fides
2876 2822 2927 2871 et
2989 2816 3190 2891 reliqio

563 2903 748 2968 nium,
783 2903 854 2961 de
885 2904 1105 2977 quibus
1151 2905 1640 2980 praecedentibus
1685 2905 1846 2981 capi·
1902 2905 1976 2960 sit
2019 2904 2366 2975 capessenda
2398 2904 2731 2961 consultatio
2779 2921 2910 2961 cum
2962 2923 3190 2979 appen-

563 2991 728 3048 tibus
764 2991 884 3051 late
914 2992 1298 3063 disseruerat,
1339 2995 1611 3071 egregias
1643 3013 1848 3070 preca-
1904 2992 2048 3060 dice,
2112 3011 2230 3065 qua
2299 2991 2749 3065 quaestionibus
2826 2991 3189 3066 quibusdam

564 3080 796 3138 tionum
837 3080 1118 3140 formulas
1169 3082 1467 3144 exhibet.‹
1533 3083 1847 3142 Utiliorem

562 3169 634 3227 de
687 3170 791 3228 hoc
841 3177 1196 3247 argumento
1248 3172 1486 3243 librum,
1540 3173 1846 3249 magisque

1980 3147 2018 3214 ¹)
2046 3143 2419 3196 Anthentiam
2468 3143 2637 3211 hujus
2680 3143 2952 3211 epistolae
2996 3147 3193 3199 contra

1905 3214 2209 3268 nonnullos
2235 3216 2430 3268 tuetur
2457 3213 2819 3269 Eleutherius
2866 3214 2925 3268 in
2952 3216 3190 3269 historia

562 3259 1110 3329 commendandum,
1164 3261 1463 3320 til'OnibUS
1495 3262 1847 3336 praesertim
1903 3286 2151 3339 controv.
2179 3286 2247 3340 de
2274 3285 2500 3339 auxiliis
2522 3284 2731 3339 vindict.
2751 3286 2786 3340 l.
2810 3291 2859 3342 1.
2877 3304 2921 3340 e.
2945 3291 3030 3342 11.
3059 3286 3109 3339 N
3116 3304 3189 3340 on

561 3368 755 3407 sacrae
772 3348 1135 3424 disciplinae,
1170 3350 1232 3408 in
1253 3351 1530 3408 universa
1545 3350 1847 3426 theologia
1900 3357 2179 3410 immerito
2207 3357 2275 3411 de
2294 3357 2402 3410 hoc
2417 3356 2630 3426 duplici
2657 3357 2799 3412 libro
2823 3357 3069 3426 intelligi
3098 3357 3189 3411 de-

561 3438 657 3495 vix
689 3438 1038 3513 reperimus.
1091 3446 1301 3513 estque
1351 3451 1485 3496 vere
1527 3440 1843 3515 exemplar,
1904 3428 2038 3481 ben*
2062 3426 2159 3481 illa
2189 3427 2466 3482 GrOssiit
2523 3427 2702 3492 -Quid
2730 3429 2934 3483 affluet
2965 3429 3190 3483 Moliui·

562 3527 888 3585 secundum
921 3528 1079 3602 quod
1114 3528 1347 3603 reliqua
1380 3528 1713 3603 theologiae
1749 3548 1843 3586 ar-

1902 3501 2115 3552 starum
2141 3515 2345 3553 nomen
2388 3498 2640 3553 societati
2683 3498 2859 3572 (Jesu)
2903 3501 3069 3554 toties
3094 3502 3189 3554 ob-

1892 3568 2081 3639 jicere,
2108 3588 2233 3624 cum
2261 3570 2305 3622 si
2334 3570 2473 3638 quid
2494 3570 2734 3625 Molinae
2751 3571 3019 3626 exciderit
3041 3573 3189 3640 peri-

560 3622 844 3691 gumenta
894 3620 1091 3675 3550OE
1143 3618 1469 3675 tractanda·
1541 3617 1682 3675 cum
1739 3617 1845 3716 hPC
1901 3640 2164 3707 culosius,
2242 3641 2301 3695 id
2361 3642 2769 3710 posterioribus
2822 3643 3186 3713 jesuitarum,

560 3724 733 3779 opere
767 3706 1042 3763 cohaeret
1064 3706 1228 3763 aliud
1250 3707 1622 3781 opusculum,
1645 3706 1844 3764 Lessio
1895 3717 2183 3780 praecipue
2208 3716 2366 3779 Laii,
2407 3712 2629 3782 scriptis
2662 3713 2739 3767 sit
2775 3715 3182 3784 castigat-um?“

559 3792 674 3866 ipsi
708 3792 773 3849 in
804 3793 1016 3867 primis
1049 3813 1271 3864 carum,
1316 3796 1411 3852 cuj
1459 3802 1718 3869 quatuor
1750 3795 1843 3853 ve]
1902 3782 2077 3863 Epist.
2107 3789 2212 3841 154
2236 3784 2443 3839 Joanni
2485 3783 2747 3838 Cordesio
2788 3790 2872 3842 15.
2902 3788 3018 3841 Oct.
3048 3789 3189 3843 1633

561 3881 825 3953 quinque
857 3881 1066 3939 diebus
1098 3888 1236 3941 ante
1260 3888 1517 3942 mortem
1539 3883 1712 3941 finem
1731 3884 1843 3940 im-

1900 3853 2190 3923 inscripta.

1971 3928 2014 3997 ²)
2042 3924 2122 3979 De
2148 3926 2253 3979 hoc
2280 3944 2444 3997 opere
2477 3926 2726 3981 exhibita
2758 3927 3012 3992 ejusdem
3042 3944 3188 3980 sum-

559 3975 781 4065 Ρθὸωῒν
804 3970 970 4066 ,361ιῦ
1007 3970 1436 4048 Quinquaymm
1467 3974 1702 4030 nomina
1737 3972 1845 4030 1)θί
1901 4012 1992 4049 ma
2017 3996 2215 4050 scribit
2239 3996 2311 4049 W
2328 4015 2357 4052 e
2373 4017 2401 4052 r
2417 4016 2453 4050 n
2471 4016 2499 4051 e
2517 4016 2558 4061 r,
2584 3997 2762 4051 Franz
2780 3996 2985 4052 Suarez
3002 3999 3184 4063 1‚545:

563 4074 666 4111 seu
698 4055 1035 4115 divmarum
1085 4060 1515 4134 perfectionum
1568 4080 1842 4135 compen·
1901 4067 2156 4129 „Lessius
2178 4067 2394 4123 schrieb
2414 4069 2505 4123 fflr
2524 4068 2615 4122 die
2630 4068 2984 4122 Bednrfnisse
3005 4069 3189 4123 seiner

561 4143 747 4199 diaria
780 4146 1086 4219 expositi0‚
1123 4150 1244 4205 vel:
1280 4149 1645 4225 Opusculum
1683 4170 1841 4207 asce-
1898 4140 2016 4194 Zssit
2042 4140 2158 4194 und
2184 4158 2317 4194 man
2345 4141 2476 4194 dffl'f
2489 4156 2679 4213 ⁸³80¹¹2
2705 4140 2809 4193 ‘³²²ss
2834 4157 2893 4194 ΕΓ
2916 4139 2975 4193 in
3004 4140 3189 4195 dieser

563 4231 746 4289 ticum
809 4234 1244 4312 quinquaginta
1304 4238 1841 4296 considerationum

562 4320 633 4378 de
668 4332 745 4382 50
781 4323 1123 4381 nominibus
1160 4326 1261 4381 Dei
1294 4326 1358 4383 in
1383 4336 1417 4387 3
1453 4325 1687 4383 libellos
1709 4327 1840 4384 viae

1899 4211 2167 4264 Hinsicht
2194 4211 2585 4281 Vorzfigliches
2611 4211 2874 4282 geleistet
2898 4212 3043 4267 habe
3065 4212 3185 4266 und

1898 4281 2293 4337 zweifelsohne
2334 4302 2402 4337 zu
2430 4282 2538 4336 den
2568 4283 2932 4353 begabtesten
2959 4282 3185 4353 Kopfen

1898 4353 2076 4408 seines
2093 4353 2309 4407 Ordens
2344 4354 2461 4408 und
2481 4353 2661 4408 seines
2675 4354 2915 4409 Standes
2971 4356 3181 4409 ehorte.

562 4411 931 4483 purgativae,
963 4412 1416 4481 illuminativae,
1450 4414 1717 4471 unitivae
1749 4415 1839 4472 di·
1900 4424 2040 4479 Eine
2067 4425 2355 4479 motivirte
2372 4427 2637 4478 Antwort
2652 4444 2706 4485 u.
2729 4426 2937 4495 epeziel
2962 4426 3186 4480 eRnck-

565 4496 912 4565 stribumm,
964 4500 1274 4557 Bruxellae
1327 4510 1523 4569 16403
1573 4502 1842 4578 Difingae
1897 4495 2253 4577 sicbtnahme
2275 4496 2379 4577 auf
2393 4496 2483 4549 die
2514 4514 2644 4551 vom
2666 4496 3067 4566 Standpunkte
3088 4497 3186 4551 der

572 4591 725 4643 1641
750 4604 763 4651 3
815 4585 1055 4643 Lomnfi
1098 4598 1168 4649 15
1178 4596 1214 4649 4
1225 4598 1257 4650 3
1313 4596 1374 4646 et
1408 4589 1642 4664 saepius
1674 4592 1838 4652 alibi·
1897 4565 2145 4630 Deisten,
2173 4567 2486 4622 Fatalisten
2513 4569 2632 4621 und
2659 4568 3000 4623 Freidenker
3024 4568 3184 4622 erho-

643 4770 679 4837 ¹)
701 4766 877 4822 Prael.
906 4770 1073 4825 theol.
1106 4773 1195 4827 1V.
1224 4775 1351 4827 adn.
1378 4775 1451 4829 ad
1476 4793 1529 4829 n.
1561 4781 1678 4833 186.

1828 4654 1834 4660 0
1896 4637 2077 4691 benen
2105 4638 2390 4693 Einwiirfe
2435 4656 2617 4709 gegen
2659 4639 2768 4695 den
2795 4639 3184 4707 Vorsehungs-

1894 4708 2142 4777 glauben
2170 4709 2303 4763 darf
2322 4728 2455 4763 man
2498 4711 2587 4765 bei
2630 4711 2751 4765 ihm
2777 4710 2996 4765 freilich
3023 4710 3187 4764 nicht

1898 4779 2154 4836 suchen.“
