<?xml version="1.0" encoding="UTF-8"?>
<!DOCTYPE html PUBLIC "-//W3C//DTD XHTML 1.0 Transitional//EN"
    "http://www.w3.org/TR/xhtml1/DTD/xhtml1-transitional.dtd">
<html xmlns="http://www.w3.org/1999/xhtml" xml:lang="en" lang="en">
 <head>
  <title>
</title>
<meta http-equiv="Content-Type" content="text/html;charset=utf-8" />
  <meta name='ocr-system' content='tesseract 3.04.00' />
  <meta name='ocr-capabilities' content='ocr_page ocr_carea ocr_par ocr_line ocrx_word'/>
</head>
<body>
  <div class='ocr_page' id='page_1' title='image "./nomenclatorlite11hurtgoog_0316.png"; bbox 0 0 3625 5193; ppageno 0'>
   <div class='ocr_carea' id='block_1_1' title="bbox 634 231 758 285">
    <p class='ocr_par' dir='ltr' id='par_1_1' title="bbox 634 231 758 285">
     <span class='ocr_line' id='line_1_1' title="bbox 634 231 758 285; baseline 0.016 -2"><span class='ocrx_word' id='word_1_1' title='bbox 634 231 758 285; x_wconf 83' lang='lat'><strong>615</strong></span> 
     </span>
    </p>
   </div>
   <div class='ocr_carea' id='block_1_2' title="bbox 630 399 1906 478">
    <p class='ocr_par' dir='ltr' id='par_1_2' title="bbox 630 399 1906 478">
     <span class='ocr_line' id='line_1_2' title="bbox 630 399 1906 478; baseline -0.001 -19"><span class='ocrx_word' id='word_1_2' title='bbox 630 401 741 460; x_wconf 90' lang='lat' dir='ltr'><strong>bus</strong></span> <span class='ocrx_word' id='word_1_3' title='bbox 771 402 835 461; x_wconf 92' lang='lat' dir='ltr'><strong>in</strong></span> <span class='ocrx_word' id='word_1_4' title='bbox 867 401 1128 478; x_wconf 87' lang='lat' dir='ltr'><strong>capitulo</strong></span> <span class='ocrx_word' id='word_1_5' title='bbox 1159 399 1506 476; x_wconf 88' lang='lat' dir='ltr'><strong>provinciali</strong></span> <span class='ocrx_word' id='word_1_6' title='bbox 1545 399 1662 458; x_wconf 86' lang='lat' dir='ltr'><strong>fuit</strong></span> <span class='ocrx_word' id='word_1_7' title='bbox 1705 417 1906 476; x_wconf 87' lang='lat' dir='ltr'><strong>repre·</strong></span> 
     </span>
    </p>
   </div>
   <div class='ocr_carea' id='block_1_3' title="bbox 1013 211 2869 282">
    <p class='ocr_par' dir='ltr' id='par_1_3' title="bbox 1013 211 2869 282">
     <span class='ocr_line' id='line_1_3' title="bbox 1013 211 2869 282; baseline -0.005 -10"><span class='ocrx_word' id='word_1_8' title='bbox 1013 218 1385 272; x_wconf 84' lang='lat'>1601—1620.</span> <span class='ocrx_word' id='word_1_9' title='bbox 1410 213 1642 268; x_wconf 85' lang='lat' dir='ltr'><strong>Ascesis.</strong></span> <span class='ocrx_word' id='word_1_10' title='bbox 1671 213 1823 270; x_wconf 85' lang='lat' dir='ltr'><strong>Hier.</strong></span> <span class='ocrx_word' id='word_1_11' title='bbox 1849 231 1884 268; x_wconf 85' lang='lat' dir='ltr'><strong>a</strong></span> <span class='ocrx_word' id='word_1_12' title='bbox 1908 213 2088 278; x_wconf 76' lang='lat' dir='ltr'><strong>Matre</strong></span> <span class='ocrx_word' id='word_1_13' title='bbox 2114 211 2233 278; x_wconf 82' lang='lat' dir='ltr'><strong>Dei,</strong></span> <span class='ocrx_word' id='word_1_14' title='bbox 2258 211 2592 282; x_wconf 82' lang='lat' dir='ltr'><strong>Rodriguez,</strong></span> <span class='ocrx_word' id='word_1_15' title='bbox 2621 211 2869 281; x_wconf 87' lang='lat' dir='ltr'><strong>Scupoli,</strong></span> 
     </span>
    </p>
   </div>
   <div class='ocr_carea' id='block_1_4' title="bbox 3126 231 3247 283">
    <p class='ocr_par' dir='ltr' id='par_1_4' title="bbox 3126 231 3247 283">
     <span class='ocr_line' id='line_1_4' title="bbox 3126 231 3247 283; baseline -0.017 -1"><span class='ocrx_word' id='word_1_16' title='bbox 3126 231 3247 283; x_wconf 81' lang='grc'><strong>616</strong></span> 
     </span>
    </p>
   </div>
   <div class='ocr_carea' id='block_1_5' title="bbox 2064 394 3255 480">
    <p class='ocr_par' dir='ltr' id='par_1_5' title="bbox 2064 394 3255 480">
     <span class='ocr_line' id='line_1_5' title="bbox 2064 394 3255 480; baseline -0.003 -20"><span class='ocrx_word' id='word_1_17' title='bbox 2064 407 2208 460; x_wconf 89' lang='grc'><strong>269.</strong></span> <span class='ocrx_word' id='word_1_18' title='bbox 2242 398 2349 456; x_wconf 90' lang='lat' dir='ltr'><strong>His</strong></span> <span class='ocrx_word' id='word_1_19' title='bbox 2380 399 2528 457; x_wconf 84' lang='lat' dir='ltr'><strong>adde</strong></span> <span class='ocrx_word' id='word_1_20' title='bbox 2566 400 2953 459; x_wconf 80' lang='lat' dir='ltr'><strong>Laurentium</strong></span> <span class='ocrx_word' id='word_1_21' title='bbox 2984 394 3075 480; x_wconf 87' lang='lat' dir='ltr'><strong>(in</strong></span> <span class='ocrx_word' id='word_1_22' title='bbox 3105 400 3255 473; x_wconf 80' lang='lat' dir='ltr'><strong>bap·</strong></span> 
     </span>
    </p>
   </div>
   <div class='ocr_carea' id='block_1_6' title="bbox 631 485 3252 570">
    <p class='ocr_par' dir='ltr' id='par_1_6' title="bbox 631 485 3252 570">
     <span class='ocr_line' id='line_1_6' title="bbox 631 485 3252 570; baseline -0.001 -22"><span class='ocrx_word' id='word_1_23' title='bbox 631 491 872 562; x_wconf 70' lang='lat' dir='ltr'><strong>hensuS,</strong></span> <span class='ocrx_word' id='word_1_24' title='bbox 890 509 1142 565; x_wconf 90' lang='lat' dir='ltr'><strong>cumque</strong></span> <span class='ocrx_word' id='word_1_25' title='bbox 1162 489 1224 547; x_wconf 91' lang='lat' dir='ltr'><strong>in</strong></span> <span class='ocrx_word' id='word_1_26' title='bbox 1246 506 1354 547; x_wconf 89' lang='lat' dir='ltr'><strong>suo</strong></span> <span class='ocrx_word' id='word_1_27' title='bbox 1377 489 1709 547; x_wconf 79' lang='lat' dir='ltr'><strong>abundaret</strong></span> <span class='ocrx_word' id='word_1_28' title='bbox 1730 506 1910 548; x_wconf 88' lang='lat' dir='ltr'><strong>sensu</strong></span> <span class='ocrx_word' id='word_1_29' title='bbox 1966 488 2142 546; x_wconf 88' lang='lat' dir='ltr'><strong>tismo</strong></span> <span class='ocrx_word' id='word_1_30' title='bbox 2198 487 2425 546; x_wconf 88' lang='lat' dir='ltr'><strong>dictum</strong></span> <span class='ocrx_word' id='word_1_31' title='bbox 2457 485 2867 570; x_wconf 85' lang='lat' dir='ltr'><strong>Franciscum)</strong></span> <span class='ocrx_word' id='word_1_32' title='bbox 2916 489 2952 546; x_wconf 93' lang='lat' dir='ltr'>S</span> <span class='ocrx_word' id='word_1_33' title='bbox 2969 507 3000 547; x_wconf 92' lang='lat' dir='ltr'><strong>c</strong></span> <span class='ocrx_word' id='word_1_34' title='bbox 3017 508 3059 546; x_wconf 92' lang='lat' dir='ltr'><strong>u</strong></span> <span class='ocrx_word' id='word_1_35' title='bbox 3073 507 3110 563; x_wconf 86' lang='lat' dir='ltr'><strong>p</strong></span> <span class='ocrx_word' id='word_1_36' title='bbox 3127 507 3161 547; x_wconf 93' lang='lat' dir='ltr'><strong>o</strong></span> <span class='ocrx_word' id='word_1_37' title='bbox 3174 489 3196 546; x_wconf 97' lang='lat' dir='ltr'><strong>l</strong></span> <span class='ocrx_word' id='word_1_38' title='bbox 3210 488 3252 555; x_wconf 80' lang='lat' dir='ltr'><strong>i,</strong></span> 
     </span>
    </p>
   </div>
   <div class='ocr_carea' id='block_1_7' title="bbox 606 577 1909 3656">
    <p class='ocr_par' dir='ltr' id='par_1_7' title="bbox 606 577 1909 3656">
     <span class='ocr_line' id='line_1_7' title="bbox 628 577 1908 657; baseline -0.002 -19"><span class='ocrx_word' id='word_1_39' title='bbox 628 580 1264 657; x_wconf 77' lang='lat' dir='ltr'><strong>congregationemque</strong></span> <span class='ocrx_word' id='word_1_40' title='bbox 1293 577 1691 653; x_wconf 89' lang='lat' dir='ltr'><strong>perturbaret,</strong></span> <span class='ocrx_word' id='word_1_41' title='bbox 1721 596 1790 636; x_wconf 85' lang='lat' dir='ltr'><strong>ex</strong></span> <span class='ocrx_word' id='word_1_42' title='bbox 1811 597 1908 636; x_wconf 90' lang='lat' dir='ltr'><strong>ea-</strong></span> 
     </span>
     <span class='ocr_line' id='line_1_8' title="bbox 627 663 1909 748; baseline -0.001 -23"><span class='ocrx_word' id='word_1_43' title='bbox 627 668 761 726; x_wconf 85' lang='lat' dir='ltr'><strong>dem</strong></span> <span class='ocrx_word' id='word_1_44' title='bbox 792 668 910 727; x_wconf 87' lang='lat' dir='ltr'><strong>fuit</strong></span> <span class='ocrx_word' id='word_1_45' title='bbox 941 667 1222 726; x_wconf 88' lang='lat' dir='ltr'><strong>dimissus</strong></span> <span class='ocrx_word' id='word_1_46' title='bbox 1272 663 1520 748; x_wconf 88' lang='lat'>(1593).</span> <span class='ocrx_word' id='word_1_47' title='bbox 1569 667 1785 725; x_wconf 87' lang='lat' dir='ltr'><strong>Errore</strong></span> <span class='ocrx_word' id='word_1_48' title='bbox 1819 666 1909 725; x_wconf 88' lang='lat' dir='ltr'><strong>ni-</strong></span> 
     </span>
     <span class='ocr_line' id='line_1_9' title="bbox 626 755 1905 834; baseline -0.002 -20"><span class='ocrx_word' id='word_1_49' title='bbox 626 757 739 815; x_wconf 87' lang='lat' dir='ltr'><strong>mis</strong></span> <span class='ocrx_word' id='word_1_50' title='bbox 773 775 903 816; x_wconf 88' lang='lat' dir='ltr'><strong>sero</strong></span> <span class='ocrx_word' id='word_1_51' title='bbox 936 757 1137 834; x_wconf 90' lang='lat' dir='ltr'><strong>agnito</strong></span> <span class='ocrx_word' id='word_1_52' title='bbox 1168 755 1361 814; x_wconf 91' lang='lat' dir='ltr'><strong>redire</strong></span> <span class='ocrx_word' id='word_1_53' title='bbox 1407 755 1649 830; x_wconf 89' lang='lat' dir='ltr'><strong>quidem</strong></span> <span class='ocrx_word' id='word_1_54' title='bbox 1701 755 1905 830; x_wconf 88' lang='lat' dir='ltr'><strong>cupiit,</strong></span> 
     </span>
     <span class='ocr_line' id='line_1_10' title="bbox 627 844 1907 922; baseline -0.001 -18"><span class='ocrx_word' id='word_1_55' title='bbox 627 846 730 904; x_wconf 83' lang='lat' dir='ltr'><strong>sed</strong></span> <span class='ocrx_word' id='word_1_56' title='bbox 780 848 1035 922; x_wconf 90' lang='lat' dir='ltr'><strong>rejectus</strong></span> <span class='ocrx_word' id='word_1_57' title='bbox 1083 849 1192 903; x_wconf 87' lang='lat' dir='ltr'><strong>est.</strong></span> <span class='ocrx_word' id='word_1_58' title='bbox 1243 844 1519 903; x_wconf 85' lang='lat' dir='ltr'><strong>Incidens</strong></span> <span class='ocrx_word' id='word_1_59' title='bbox 1565 845 1626 901; x_wconf 91' lang='lat' dir='ltr'><strong>in</strong></span> <span class='ocrx_word' id='word_1_60' title='bbox 1665 845 1907 903; x_wconf 84' lang='lat' dir='ltr'><strong>horren·</strong></span> 
     </span>
     <span class='ocr_line' id='line_1_11' title="bbox 625 933 1907 1011; baseline -0.002 -19"><span class='ocrx_word' id='word_1_61' title='bbox 625 934 759 993; x_wconf 91' lang='lat' dir='ltr'><strong>dam</strong></span> <span class='ocrx_word' id='word_1_62' title='bbox 809 935 1142 1011; x_wconf 78' lang='lat' dir='ltr'><strong>piratarum</strong></span> <span class='ocrx_word' id='word_1_63' title='bbox 1185 936 1611 992; x_wconf 88' lang='lat' dir='ltr'><strong>tunetanorum</strong></span> <span class='ocrx_word' id='word_1_64' title='bbox 1660 933 1907 1008; x_wconf 89' lang='lat' dir='ltr'><strong>captivi-</strong></span> 
     </span>
     <span class='ocr_line' id='line_1_12' title="bbox 624 1022 1906 1099; baseline -0.002 -18"><span class='ocrx_word' id='word_1_65' title='bbox 624 1026 809 1083; x_wconf 89' lang='lat' dir='ltr'><strong>tatem</strong></span> <span class='ocrx_word' id='word_1_66' title='bbox 828 1024 1118 1099; x_wconf 89' lang='lat' dir='ltr'><strong>quidquid</strong></span> <span class='ocrx_word' id='word_1_67' title='bbox 1140 1023 1490 1097; x_wconf 81' lang='lat' dir='ltr'><strong>deliquerat,</strong></span> <span class='ocrx_word' id='word_1_68' title='bbox 1518 1022 1752 1081; x_wconf 78' lang='lat' dir='ltr'><strong>abunde</strong></span> <span class='ocrx_word' id='word_1_69' title='bbox 1771 1040 1906 1096; x_wconf 88' lang='lat' dir='ltr'><strong>pas-</strong></span> 
     </span>
     <span class='ocr_line' id='line_1_13' title="bbox 626 1111 1901 1190; baseline 0.002 -20"><span class='ocrx_word' id='word_1_70' title='bbox 626 1113 892 1190; x_wconf 83' lang='lat' dir='ltr'><strong>sionibus</strong></span> <span class='ocrx_word' id='word_1_71' title='bbox 926 1114 1052 1172; x_wconf 90' lang='lat' dir='ltr'><strong>suis</strong></span> <span class='ocrx_word' id='word_1_72' title='bbox 1074 1111 1267 1170; x_wconf 90' lang='lat' dir='ltr'><strong>eluere</strong></span> <span class='ocrx_word' id='word_1_73' title='bbox 1286 1112 1503 1187; x_wconf 89' lang='lat' dir='ltr'><strong>potuit.</strong></span> <span class='ocrx_word' id='word_1_74' title='bbox 1534 1115 1707 1169; x_wconf 85' lang='lat' dir='ltr'><strong>Anno</strong></span> <span class='ocrx_word' id='word_1_75' title='bbox 1737 1119 1901 1172; x_wconf 84' lang='lat'>1595</span> 
     </span>
     <span class='ocr_line' id='line_1_14' title="bbox 624 1199 1907 1277; baseline -0.002 -17"><span class='ocrx_word' id='word_1_76' title='bbox 624 1203 972 1277; x_wconf 83' lang='lat' dir='ltr'><strong>captivitate</strong></span> <span class='ocrx_word' id='word_1_77' title='bbox 1016 1200 1305 1260; x_wconf 88' lang='lat' dir='ltr'><strong>liberatus</strong></span> <span class='ocrx_word' id='word_1_78' title='bbox 1348 1202 1594 1259; x_wconf 83' lang='lat' dir='ltr'><strong>Romam</strong></span> <span class='ocrx_word' id='word_1_79' title='bbox 1640 1199 1814 1277; x_wconf 86' lang='lat' dir='ltr'><strong>petiit</strong></span> <span class='ocrx_word' id='word_1_80' title='bbox 1846 1202 1907 1257; x_wconf 85' lang='lat' dir='ltr'><strong>et</strong></span> 
     </span>
     <span class='ocr_line' id='line_1_15' title="bbox 622 1288 1902 1367; baseline -0.002 -19"><span class='ocrx_word' id='word_1_81' title='bbox 622 1310 691 1348; x_wconf 85' lang='lat' dir='ltr'><strong>ex</strong></span> <span class='ocrx_word' id='word_1_82' title='bbox 724 1291 1019 1367; x_wconf 89' lang='lat' dir='ltr'><strong>pontificis</strong></span> <span class='ocrx_word' id='word_1_83' title='bbox 1050 1289 1328 1348; x_wconf 88' lang='lat' dir='ltr'><strong>mandato</strong></span> <span class='ocrx_word' id='word_1_84' title='bbox 1364 1310 1397 1348; x_wconf 97' lang='lat' dir='ltr'><strong>a</strong></span> <span class='ocrx_word' id='word_1_85' title='bbox 1430 1290 1700 1366; x_wconf 88' lang='lat' dir='ltr'><strong>patribus</strong></span> <span class='ocrx_word' id='word_1_86' title='bbox 1744 1288 1902 1346; x_wconf 91' lang='lat' dir='ltr'><strong>anti·</strong></span> 
     </span>
     <span class='ocr_line' id='line_1_16' title="bbox 623 1377 1905 1454; baseline -0.004 -16"><span class='ocrx_word' id='word_1_87' title='bbox 623 1379 850 1454; x_wconf 84' lang='lat' dir='ltr'><strong>quioris</strong></span> <span class='ocrx_word' id='word_1_88' title='bbox 882 1379 1295 1439; x_wconf 80' lang='lat' dir='ltr'><strong>observantiae</strong></span> <span class='ocrx_word' id='word_1_89' title='bbox 1328 1381 1597 1453; x_wconf 87' lang='lat' dir='ltr'><strong>receptus</strong></span> <span class='ocrx_word' id='word_1_90' title='bbox 1620 1380 1727 1436; x_wconf 89' lang='lat' dir='ltr'><strong>est.</strong></span> <span class='ocrx_word' id='word_1_91' title='bbox 1757 1377 1905 1434; x_wconf 86' lang='lat' dir='ltr'><strong>Inde</strong></span> 
     </span>
     <span class='ocr_line' id='line_1_17' title="bbox 624 1465 1903 1544; baseline -0.001 -19"><span class='ocrx_word' id='word_1_92' title='bbox 624 1468 688 1525; x_wconf 91' lang='lat' dir='ltr'><strong>in</strong></span> <span class='ocrx_word' id='word_1_93' title='bbox 719 1469 994 1544; x_wconf 89' lang='lat' dir='ltr'><strong>Belgium</strong></span> <span class='ocrx_word' id='word_1_94' title='bbox 1043 1468 1367 1526; x_wconf 85' lang='lat' dir='ltr'><strong>translatus</strong></span> <span class='ocrx_word' id='word_1_95' title='bbox 1420 1467 1621 1544; x_wconf 87' lang='lat' dir='ltr'><strong>magni</strong></span> <span class='ocrx_word' id='word_1_96' title='bbox 1672 1465 1747 1524; x_wconf 90' lang='lat' dir='ltr'><strong>ab</strong></span> <span class='ocrx_word' id='word_1_97' title='bbox 1780 1485 1903 1524; x_wconf 93' lang='lat' dir='ltr'><strong>om-</strong></span> 
     </span>
     <span class='ocr_line' id='line_1_18' title="bbox 622 1555 1904 1629; baseline -0.003 -14"><span class='ocrx_word' id='word_1_98' title='bbox 622 1556 799 1615; x_wconf 89' lang='lat' dir='ltr'><strong>nibus</strong></span> <span class='ocrx_word' id='word_1_99' title='bbox 845 1558 1034 1615; x_wconf 88' lang='lat' dir='ltr'><strong>factus</strong></span> <span class='ocrx_word' id='word_1_100' title='bbox 1081 1558 1171 1614; x_wconf 89' lang='lat' dir='ltr'><strong>est</strong></span> <span class='ocrx_word' id='word_1_101' title='bbox 1216 1558 1394 1629; x_wconf 85' lang='lat' dir='ltr'><strong>atque</strong></span> <span class='ocrx_word' id='word_1_102' title='bbox 1427 1555 1769 1613; x_wconf 89' lang='lat' dir='ltr'><strong>carissimus</strong></span> <span class='ocrx_word' id='word_1_103' title='bbox 1803 1573 1904 1612; x_wconf 83' lang='lat' dir='ltr'><strong>ex-</strong></span> 
     </span>
     <span class='ocr_line' id='line_1_19' title="bbox 623 1643 1903 1704; baseline -0.002 -1"><span class='ocrx_word' id='word_1_104' title='bbox 623 1645 780 1703; x_wconf 86' lang='lat' dir='ltr'><strong>stitit</strong></span> <span class='ocrx_word' id='word_1_105' title='bbox 809 1645 1109 1704; x_wconf 84' lang='lat' dir='ltr'><strong>archiduci</strong></span> <span class='ocrx_word' id='word_1_106' title='bbox 1141 1645 1403 1702; x_wconf 86' lang='lat' dir='ltr'><strong>AlbertO.</strong></span> <span class='ocrx_word' id='word_1_107' title='bbox 1457 1644 1619 1703; x_wconf 84' lang='lat' dir='ltr'><strong>Obiit</strong></span> <span class='ocrx_word' id='word_1_108' title='bbox 1664 1643 1903 1702; x_wconf 89' lang='lat' dir='ltr'><strong>demum</strong></span> 
     </span>
     <span class='ocr_line' id='line_1_20' title="bbox 626 1731 1901 1809; baseline -0.005 -14"><span class='ocrx_word' id='word_1_109' title='bbox 626 1742 724 1796; x_wconf 83' lang='lat'><strong>21.</strong></span> <span class='ocrx_word' id='word_1_110' title='bbox 759 1735 919 1809; x_wconf 87' lang='lat' dir='ltr'><strong>Sept.</strong></span> <span class='ocrx_word' id='word_1_111' title='bbox 963 1743 1144 1796; x_wconf 86' lang='lat'>1614.</span> <span class='ocrx_word' id='word_1_112' title='bbox 1191 1733 1455 1809; x_wconf 85' lang='lat' dir='ltr'><strong>Reliquit</strong></span> <span class='ocrx_word' id='word_1_113' title='bbox 1486 1752 1662 1808; x_wconf 88' lang='lat' dir='ltr'><strong>quam</strong></span> <span class='ocrx_word' id='word_1_114' title='bbox 1709 1731 1901 1808; x_wconf 91' lang='lat' dir='ltr'><strong>pluri-</strong></span> 
     </span>
     <span class='ocr_line' id='line_1_21' title="bbox 620 1818 1901 1903; baseline -0.002 -22"><span class='ocrx_word' id='word_1_115' title='bbox 620 1843 715 1881; x_wconf 91' lang='lat' dir='ltr'><strong>ma</strong></span> <span class='ocrx_word' id='word_1_116' title='bbox 748 1823 968 1898; x_wconf 86' lang='lat' dir='ltr'><strong>scripta</strong></span> <span class='ocrx_word' id='word_1_117' title='bbox 1013 1823 1172 1880; x_wconf 90' lang='lat' dir='ltr'><strong>edita</strong></span> <span class='ocrx_word' id='word_1_118' title='bbox 1218 1818 1355 1903; x_wconf 86' lang='lat'>(34)</span> <span class='ocrx_word' id='word_1_119' title='bbox 1403 1824 1464 1879; x_wconf 89' lang='lat' dir='ltr'><strong>et</strong></span> <span class='ocrx_word' id='word_1_120' title='bbox 1497 1822 1725 1880; x_wconf 90' lang='lat' dir='ltr'><strong>inedita</strong></span> <span class='ocrx_word' id='word_1_121' title='bbox 1759 1818 1901 1902; x_wconf 89' lang='lat' dir='ltr'><strong>(sal-</strong></span> 
     </span>
     <span class='ocr_line' id='line_1_22' title="bbox 620 1910 1902 1990; baseline -0.001 -22"><span class='ocrx_word' id='word_1_122' title='bbox 620 1915 742 1968; x_wconf 87' lang='lat' dir='ltr'><strong>tem</strong></span> <span class='ocrx_word' id='word_1_123' title='bbox 794 1911 918 1990; x_wconf 86' lang='lat'>35).</span> <span class='ocrx_word' id='word_1_124' title='bbox 973 1912 1218 1970; x_wconf 90' lang='lat' dir='ltr'><strong>Illorum</strong></span> <span class='ocrx_word' id='word_1_125' title='bbox 1269 1911 1552 1986; x_wconf 81' lang='lat' dir='ltr'><strong>pleraque</strong></span> <span class='ocrx_word' id='word_1_126' title='bbox 1600 1910 1902 1985; x_wconf 82' lang='lat' dir='ltr'><strong>hispanice</strong></span> 
     </span>
     <span class='ocr_line' id='line_1_23' title="bbox 622 1999 1900 2076; baseline 0.001 -18"><span class='ocrx_word' id='word_1_127' title='bbox 622 2002 954 2076; x_wconf 85' lang='lat' dir='ltr'><strong>conscripta</strong></span> <span class='ocrx_word' id='word_1_128' title='bbox 1014 2000 1364 2076; x_wconf 89' lang='lat' dir='ltr'><strong>prodierunt</strong></span> <span class='ocrx_word' id='word_1_129' title='bbox 1423 1999 1648 2057; x_wconf 85' lang='lat' dir='ltr'><strong>Matriti</strong></span> <span class='ocrx_word' id='word_1_130' title='bbox 1702 2009 1900 2067; x_wconf 81' lang='lat'>16163</span> 
     </span>
     <span class='ocr_line' id='line_1_24' title="bbox 629 2089 1899 2164; baseline -0.004 -15"><span class='ocrx_word' id='word_1_131' title='bbox 629 2099 814 2159; x_wconf 90' lang='grc'>1661,</span> <span class='ocrx_word' id='word_1_132' title='bbox 849 2090 1006 2148; x_wconf 89' lang='lat' dir='ltr'><strong>inter</strong></span> <span class='ocrx_word' id='word_1_133' title='bbox 1036 2106 1187 2164; x_wconf 89' lang='lat' dir='ltr'><strong>quae</strong></span> <span class='ocrx_word' id='word_1_134' title='bbox 1206 2091 1297 2146; x_wconf 88' lang='lat' dir='ltr'><strong>est</strong></span> <span class='ocrx_word' id='word_1_135' title='bbox 1328 2089 1603 2164; x_wconf 77' lang='lat' dir='ltr'><strong>theoloqia</strong></span> <span class='ocrx_word' id='word_1_136' title='bbox 1635 2090 1899 2164; x_wconf 78' lang='lat' dir='ltr'><strong>mystica,</strong></span> 
     </span>
     <span class='ocr_line' id='line_1_25' title="bbox 619 2176 1898 2255; baseline -0.002 -19"><span class='ocrx_word' id='word_1_137' title='bbox 619 2198 770 2252; x_wconf 88' lang='lat' dir='ltr'><strong>quae</strong></span> <span class='ocrx_word' id='word_1_138' title='bbox 783 2180 906 2254; x_wconf 87' lang='lat' dir='ltr'><strong>jam</strong></span> <span class='ocrx_word' id='word_1_139' title='bbox 927 2177 1228 2255; x_wconf 83' lang='lat' dir='ltr'><strong>prodierat</strong></span> <span class='ocrx_word' id='word_1_140' title='bbox 1247 2178 1542 2236; x_wconf 87' lang='lat' dir='ltr'><strong>Bruxellis</strong></span> <span class='ocrx_word' id='word_1_141' title='bbox 1572 2186 1736 2240; x_wconf 87' lang='grc'>1609</span> <span class='ocrx_word' id='word_1_142' title='bbox 1759 2176 1821 2235; x_wconf 86' lang='lat' dir='ltr'><strong>in</strong></span> <span class='ocrx_word' id='word_1_143' title='bbox 1845 2185 1898 2235; x_wconf 88' lang='lat'><strong>4.</strong></span> 
     </span>
     <span class='ocr_line' id='line_1_26' title="bbox 619 2265 1900 2344; baseline -0.002 -18"><span class='ocrx_word' id='word_1_144' title='bbox 619 2268 868 2342; x_wconf 86' lang='lat' dir='ltr'><strong>Reliqua</strong></span> <span class='ocrx_word' id='word_1_145' title='bbox 897 2268 1122 2344; x_wconf 85' lang='lat' dir='ltr'><strong>pariter</strong></span> <span class='ocrx_word' id='word_1_146' title='bbox 1151 2266 1226 2324; x_wconf 87' lang='lat' dir='ltr'><strong>ad</strong></span> <span class='ocrx_word' id='word_1_147' title='bbox 1257 2285 1385 2325; x_wconf 89' lang='lat' dir='ltr'><strong>eam</strong></span> <span class='ocrx_word' id='word_1_148' title='bbox 1431 2270 1493 2325; x_wconf 92' lang='lat' dir='ltr'><strong>et</strong></span> <span class='ocrx_word' id='word_1_149' title='bbox 1523 2265 1745 2324; x_wconf 79' lang='lat' dir='ltr'><strong>ascesin</strong></span> <span class='ocrx_word' id='word_1_150' title='bbox 1775 2285 1900 2323; x_wconf 90' lang='lat' dir='ltr'><strong>ma-</strong></span> 
     </span>
     <span class='ocr_line' id='line_1_27' title="bbox 618 2355 1900 2434; baseline -0.002 -20"><span class='ocrx_word' id='word_1_151' title='bbox 618 2357 773 2415; x_wconf 83' lang='lat' dir='ltr'><strong>xima</strong></span> <span class='ocrx_word' id='word_1_152' title='bbox 785 2376 854 2414; x_wconf 82' lang='lat' dir='ltr'><strong>ex</strong></span> <span class='ocrx_word' id='word_1_153' title='bbox 867 2361 1032 2432; x_wconf 89' lang='lat' dir='ltr'><strong>parte</strong></span> <span class='ocrx_word' id='word_1_154' title='bbox 1043 2355 1391 2434; x_wconf 74' lang='lat' dir='ltr'><strong>spectantl).</strong></span> <span class='ocrx_word' id='word_1_155' title='bbox 1405 2390 1488 2399; x_wconf 89' lang='lat'><strong>--</strong></span> <span class='ocrx_word' id='word_1_156' title='bbox 1501 2355 1750 2413; x_wconf 82' lang='lat' dir='ltr'><strong>Maxime</strong></span> <span class='ocrx_word' id='word_1_157' title='bbox 1763 2371 1900 2412; x_wconf 86' lang='lat' dir='ltr'><strong>vero</strong></span> 
     </span>
     <span class='ocr_line' id='line_1_28' title="bbox 617 2443 1898 2520; baseline -0.003 -18"><span class='ocrx_word' id='word_1_158' title='bbox 617 2445 776 2504; x_wconf 85' lang='lat' dir='ltr'><strong>inter</strong></span> <span class='ocrx_word' id='word_1_159' title='bbox 795 2450 1018 2505; x_wconf 86' lang='lat' dir='ltr'><strong>ascetas</strong></span> <span class='ocrx_word' id='word_1_160' title='bbox 1039 2443 1273 2502; x_wconf 83' lang='lat' dir='ltr'><strong>excellit</strong></span> <span class='ocrx_word' id='word_1_161' title='bbox 1298 2445 1634 2520; x_wconf 84' lang='lat' dir='ltr'><strong>Alphonsus</strong></span> <span class='ocrx_word' id='word_1_162' title='bbox 1654 2444 1746 2501; x_wconf 88' lang='lat' dir='ltr'><strong>Ro</strong></span> <span class='ocrx_word' id='word_1_163' title='bbox 1759 2443 1796 2500; x_wconf 99' lang='lat' dir='ltr'><strong>d</strong></span> <span class='ocrx_word' id='word_1_164' title='bbox 1809 2444 1898 2499; x_wconf 88' lang='lat' dir='ltr'><strong>ri-</strong></span> 
     </span>
     <span class='ocr_line' id='line_1_29' title="bbox 615 2531 1894 2609; baseline -0.002 -18"><span class='ocrx_word' id='word_1_165' title='bbox 615 2553 803 2609; x_wconf 86' lang='lat' dir='ltr'><strong>guez</strong></span> <span class='ocrx_word' id='word_1_166' title='bbox 835 2535 889 2592; x_wconf 91' lang='lat' dir='ltr'><strong>S.</strong></span> <span class='ocrx_word' id='word_1_167' title='bbox 922 2534 994 2605; x_wconf 66' lang='lat' dir='ltr'><strong>J„</strong></span> <span class='ocrx_word' id='word_1_168' title='bbox 1030 2533 1259 2591; x_wconf 87' lang='lat' dir='ltr'><strong>celeber</strong></span> <span class='ocrx_word' id='word_1_169' title='bbox 1288 2532 1623 2609; x_wconf 84' lang='lat' dir='ltr'><strong>theologiae</strong></span> <span class='ocrx_word' id='word_1_170' title='bbox 1656 2531 1894 2589; x_wconf 87' lang='lat' dir='ltr'><strong>moralis</strong></span> 
     </span>
     <span class='ocr_line' id='line_1_30' title="bbox 616 2621 1898 2699; baseline -0.002 -18"><span class='ocrx_word' id='word_1_171' title='bbox 616 2624 925 2699; x_wconf 85' lang='lat' dir='ltr'><strong>professor,</strong></span> <span class='ocrx_word' id='word_1_172' title='bbox 959 2622 1060 2680; x_wconf 88' lang='lat' dir='ltr'><strong>sed</strong></span> <span class='ocrx_word' id='word_1_173' title='bbox 1094 2622 1383 2680; x_wconf 90' lang='lat' dir='ltr'><strong>celebrior</strong></span> <span class='ocrx_word' id='word_1_174' title='bbox 1430 2626 1556 2679; x_wconf 89' lang='lat' dir='ltr'><strong>arte</strong></span> <span class='ocrx_word' id='word_1_175' title='bbox 1602 2621 1898 2697; x_wconf 89' lang='lat' dir='ltr'><strong>dirigendi</strong></span> 
     </span>
     <span class='ocr_line' id='line_1_31' title="bbox 614 2706 1895 2791; baseline 0 -21"><span class='ocrx_word' id='word_1_176' title='bbox 614 2713 840 2770; x_wconf 88' lang='lat' dir='ltr'><strong>animas</strong></span> <span class='ocrx_word' id='word_1_177' title='bbox 874 2712 937 2769; x_wconf 93' lang='lat' dir='ltr'><strong>in</strong></span> <span class='ocrx_word' id='word_1_178' title='bbox 970 2712 1064 2768; x_wconf 80' lang='lat' dir='ltr'><strong>via</strong></span> <span class='ocrx_word' id='word_1_179' title='bbox 1095 2710 1475 2785; x_wconf 87' lang='lat' dir='ltr'><strong>perfectionis</strong></span> <span class='ocrx_word' id='word_1_180' title='bbox 1511 2706 1570 2791; x_wconf 87' lang='lat'><strong>(†</strong></span> <span class='ocrx_word' id='word_1_181' title='bbox 1608 2720 1704 2771; x_wconf 90' lang='lat'><strong>21.</strong></span> <span class='ocrx_word' id='word_1_182' title='bbox 1725 2709 1895 2770; x_wconf 87' lang='lat' dir='ltr'><strong>Febr.</strong></span> 
     </span>
     <span class='ocr_line' id='line_1_32' title="bbox 622 2796 1896 2877; baseline -0.002 -17"><span class='ocrx_word' id='word_1_183' title='bbox 622 2810 786 2861; x_wconf 88' lang='lat'>1616</span> <span class='ocrx_word' id='word_1_184' title='bbox 823 2820 871 2862; x_wconf 87' lang='lat' dir='ltr'><strong>a.</strong></span> <span class='ocrx_word' id='word_1_185' title='bbox 905 2798 1119 2857; x_wconf 87' lang='lat' dir='ltr'><strong>aetatis</strong></span> <span class='ocrx_word' id='word_1_186' title='bbox 1155 2796 1281 2877; x_wconf 77' lang='grc'>90),</span> <span class='ocrx_word' id='word_1_187' title='bbox 1329 2817 1511 2872; x_wconf 89' lang='lat' dir='ltr'><strong>quam</strong></span> <span class='ocrx_word' id='word_1_188' title='bbox 1557 2798 1742 2856; x_wconf 89' lang='lat' dir='ltr'><strong>solide</strong></span> <span class='ocrx_word' id='word_1_189' title='bbox 1791 2797 1896 2857; x_wconf 89' lang='lat' dir='ltr'><strong>do-</strong></span> 
     </span>
     <span class='ocr_line' id='line_1_33' title="bbox 614 2888 1898 2961; baseline -0.001 -16"><span class='ocrx_word' id='word_1_190' title='bbox 614 2892 708 2946; x_wconf 88' lang='lat' dir='ltr'><strong>cet</strong></span> <span class='ocrx_word' id='word_1_191' title='bbox 741 2888 803 2945; x_wconf 93' lang='lat' dir='ltr'><strong>in</strong></span> <span class='ocrx_word' id='word_1_192' title='bbox 849 2905 1052 2961; x_wconf 90' lang='lat' dir='ltr'><strong>opere:</strong></span> <span class='ocrx_word' id='word_1_193' title='bbox 1106 2888 1405 2945; x_wconf 59' lang='lat' dir='ltr'><strong>Exere-icio</strong></span> <span class='ocrx_word' id='word_1_194' title='bbox 1450 2888 1517 2944; x_wconf 74' lang='lat' dir='ltr'><strong>de</strong></span> <span class='ocrx_word' id='word_1_195' title='bbox 1569 2888 1898 2960; x_wconf 76' lang='lat' dir='ltr'><strong>Perfeccion</strong></span> 
     </span>
     <span class='ocr_line' id='line_1_34' title="bbox 611 2976 1892 3052; baseline 0.002 -18"><span class='ocrx_word' id='word_1_196' title='bbox 611 2996 651 3052; x_wconf 85' lang='lat' dir='ltr'><strong>y</strong></span> <span class='ocrx_word' id='word_1_197' title='bbox 685 2977 940 3034; x_wconf 85' lang='lat' dir='ltr'><strong>virtutes</strong></span> <span class='ocrx_word' id='word_1_198' title='bbox 973 2976 1299 3044; x_wconf 75' lang='lat' dir='ltr'><strong>cristianae,</strong></span> <span class='ocrx_word' id='word_1_199' title='bbox 1336 2976 1565 3052; x_wconf 84' lang='lat' dir='ltr'><strong>Hispali</strong></span> <span class='ocrx_word' id='word_1_200' title='bbox 1596 2986 1758 3038; x_wconf 88' lang='grc'>1609</span> <span class='ocrx_word' id='word_1_201' title='bbox 1797 2996 1892 3051; x_wconf 88' lang='lat' dir='ltr'><strong>pp.</strong></span> 
     </span>
     <span class='ocr_line' id='line_1_35' title="bbox 617 3064 1892 3141; baseline -0.005 -14"><span class='ocrx_word' id='word_1_202' title='bbox 617 3074 673 3135; x_wconf 86' lang='lat'><strong>3,</strong></span> <span class='ocrx_word' id='word_1_203' title='bbox 725 3065 886 3139; x_wconf 91' lang='lat' dir='ltr'><strong>quod</strong></span> <span class='ocrx_word' id='word_1_204' title='bbox 936 3082 1084 3141; x_wconf 90' lang='lat' dir='ltr'><strong>opus</strong></span> <span class='ocrx_word' id='word_1_205' title='bbox 1137 3070 1376 3141; x_wconf 87' lang='lat' dir='ltr'><strong>propter</strong></span> <span class='ocrx_word' id='word_1_206' title='bbox 1426 3065 1692 3134; x_wconf 88' lang='lat' dir='ltr'><strong>solidam,</strong></span> <span class='ocrx_word' id='word_1_207' title='bbox 1749 3064 1892 3122; x_wconf 87' lang='lat' dir='ltr'><strong>faci-</strong></span> 
     </span>
     <span class='ocr_line' id='line_1_36' title="bbox 609 3153 1894 3228; baseline -0.001 -18"><span class='ocrx_word' id='word_1_208' title='bbox 609 3154 727 3211; x_wconf 89' lang='lat' dir='ltr'><strong>lem</strong></span> <span class='ocrx_word' id='word_1_209' title='bbox 757 3158 972 3222; x_wconf 87' lang='lat' dir='ltr'><strong>tamen,</strong></span> <span class='ocrx_word' id='word_1_210' title='bbox 1008 3155 1256 3212; x_wconf 88' lang='lat' dir='ltr'><strong>ascesim</strong></span> <span class='ocrx_word' id='word_1_211' title='bbox 1291 3154 1625 3228; x_wconf 86' lang='lat' dir='ltr'><strong>saepissime</strong></span> <span class='ocrx_word' id='word_1_212' title='bbox 1668 3153 1894 3228; x_wconf 88' lang='lat' dir='ltr'><strong>prodiit</strong></span> 
     </span>
     <span class='ocr_line' id='line_1_37' title="bbox 609 3238 1889 3321; baseline -0.002 -22"><span class='ocrx_word' id='word_1_213' title='bbox 609 3247 669 3300; x_wconf 85' lang='lat' dir='ltr'><strong>et</strong></span> <span class='ocrx_word' id='word_1_214' title='bbox 699 3244 763 3301; x_wconf 90' lang='lat' dir='ltr'><strong>in</strong></span> <span class='ocrx_word' id='word_1_215' title='bbox 795 3244 1034 3320; x_wconf 85' lang='lat' dir='ltr'><strong>linguas</strong></span> <span class='ocrx_word' id='word_1_216' title='bbox 1068 3243 1407 3301; x_wconf 85' lang='lat' dir='ltr'><strong>innumeras</strong></span> <span class='ocrx_word' id='word_1_217' title='bbox 1433 3241 1550 3301; x_wconf 86' lang='lat' dir='ltr'><strong>fuit</strong></span> <span class='ocrx_word' id='word_1_218' title='bbox 1572 3260 1807 3300; x_wconf 86' lang='lat' dir='ltr'><strong>versum</strong></span> <span class='ocrx_word' id='word_1_219' title='bbox 1821 3238 1889 3321; x_wconf 85' lang='lat'><strong>²).</strong></span> 
     </span>
     <span class='ocr_line' id='line_1_38' title="bbox 609 3330 1889 3407; baseline -0.002 -18"><span class='ocrx_word' id='word_1_220' title='bbox 609 3332 949 3390; x_wconf 83' lang='lat' dir='ltr'><strong>Germanice</strong></span> <span class='ocrx_word' id='word_1_221' title='bbox 965 3331 1289 3406; x_wconf 83' lang='lat' dir='ltr'><strong>interprete</strong></span> <span class='ocrx_word' id='word_1_222' title='bbox 1308 3332 1404 3394; x_wconf 89' lang='lat' dir='ltr'><strong>Ch.</strong></span> <span class='ocrx_word' id='word_1_223' title='bbox 1421 3330 1889 3407; x_wconf 82' lang='lat' dir='ltr'><strong>Kleyboldt,Mo-</strong></span> 
     </span>
     <span class='ocr_line' id='line_1_39' title="bbox 606 3421 1891 3496; baseline -0.002 -18"><span class='ocrx_word' id='word_1_224' title='bbox 606 3422 848 3496; x_wconf 88' lang='lat' dir='ltr'><strong>guntiae</strong></span> <span class='ocrx_word' id='word_1_225' title='bbox 890 3429 1085 3490; x_wconf 78' lang='lat'>18533</span> <span class='ocrx_word' id='word_1_226' title='bbox 1132 3430 1292 3484; x_wconf 84' lang='lat'>1868</span> <span class='ocrx_word' id='word_1_227' title='bbox 1329 3424 1458 3488; x_wconf 62' lang='lat' dir='ltr'><strong>etc„</strong></span> <span class='ocrx_word' id='word_1_228' title='bbox 1483 3424 1542 3477; x_wconf 91' lang='lat' dir='ltr'><strong>et</strong></span> <span class='ocrx_word' id='word_1_229' title='bbox 1563 3421 1891 3493; x_wconf 88' lang='lat' dir='ltr'><strong>interprete</strong></span> 
     </span>
     <span class='ocr_line' id='line_1_40' title="bbox 606 3508 1885 3579; baseline 0.002 -13"><span class='ocrx_word' id='word_1_230' title='bbox 606 3511 702 3571; x_wconf 85' lang='lat' dir='ltr'><strong>Dr.</strong></span> <span class='ocrx_word' id='word_1_231' title='bbox 725 3511 797 3571; x_wconf 75' lang='lat' dir='ltr'><strong>M.</strong></span> <span class='ocrx_word' id='word_1_232' title='bbox 818 3510 858 3568; x_wconf 86' lang='lat' dir='ltr'><strong>J</strong></span> <span class='ocrx_word' id='word_1_233' title='bbox 861 3511 1082 3579; x_wconf 88' lang='lat' dir='ltr'><strong>ocham,</strong></span> <span class='ocrx_word' id='word_1_234' title='bbox 1112 3508 1467 3567; x_wconf 84' lang='lat' dir='ltr'><strong>Ratisbonae</strong></span> <span class='ocrx_word' id='word_1_235' title='bbox 1492 3518 1689 3575; x_wconf 80' lang='grc'>1862;</span> <span class='ocrx_word' id='word_1_236' title='bbox 1723 3516 1885 3570; x_wconf 84' lang='grc'>1893</span> 
     </span>
     <span class='ocr_line' id='line_1_41' title="bbox 613 3602 721 3656; baseline 0 0"><span class='ocrx_word' id='word_1_237' title='bbox 613 3602 721 3656; x_wconf 89' lang='lat' dir='ltr'><strong>etc.</strong></span> 
     </span>
    </p>
   </div>
   <div class='ocr_carea' id='block_1_8' title="bbox 604 3835 1886 4041">
    <p class='ocr_par' dir='ltr' id='par_1_8' title="bbox 604 3835 1886 4041">
     <span class='ocr_line' id='line_1_42' title="bbox 682 3835 1886 3899; baseline 0 -10"><span class='ocrx_word' id='word_1_238' title='bbox 682 3844 718 3899; x_wconf 71' lang='lat'><strong>¹)</strong></span> <span class='ocrx_word' id='word_1_239' title='bbox 748 3835 828 3889; x_wconf 86' lang='lat' dir='ltr'><strong>Cf.</strong></span> <span class='ocrx_word' id='word_1_240' title='bbox 870 3835 1143 3888; x_wconf 84' lang='lat' dir='ltr'><strong>Henricus</strong></span> <span class='ocrx_word' id='word_1_241' title='bbox 1184 3853 1214 3887; x_wconf 83' lang='lat' dir='ltr'><strong>a</strong></span> <span class='ocrx_word' id='word_1_242' title='bbox 1256 3854 1325 3889; x_wconf 78' lang='lat' dir='ltr'><strong>ss.</strong></span> <span class='ocrx_word' id='word_1_243' title='bbox 1353 3835 1717 3889; x_wconf 79' lang='lat' dir='ltr'><strong>sacramento</strong></span> <span class='ocrx_word' id='word_1_244' title='bbox 1748 3835 1886 3890; x_wconf 89' lang='lat' dir='ltr'><strong>Coll.</strong></span> 
     </span>
     <span class='ocr_line' id='line_1_43' title="bbox 604 3907 1886 3974; baseline 0.005 -16"><span class='ocrx_word' id='word_1_245' title='bbox 604 3908 720 3959; x_wconf 87' lang='lat' dir='ltr'><strong>Scri</strong></span> <span class='ocrx_word' id='word_1_246' title='bbox 728 3910 806 3974; x_wconf 89' lang='lat' dir='ltr'><strong>pt.</strong></span> <span class='ocrx_word' id='word_1_247' title='bbox 827 3908 887 3965; x_wconf 79' lang='lat' dir='ltr'><strong>O,</strong></span> <span class='ocrx_word' id='word_1_248' title='bbox 906 3908 1085 3959; x_wconf 86' lang='lat' dir='ltr'><strong>Carm.</strong></span> <span class='ocrx_word' id='word_1_249' title='bbox 1104 3907 1358 3960; x_wconf 82' lang='lat' dir='ltr'><strong>Savonae</strong></span> <span class='ocrx_word' id='word_1_250' title='bbox 1376 3909 1529 3961; x_wconf 70' lang='lat'>1884.</span> <span class='ocrx_word' id='word_1_251' title='bbox 1549 3907 1586 3957; x_wconf 79' lang='lat' dir='ltr'><strong>t.</strong></span> <span class='ocrx_word' id='word_1_252' title='bbox 1608 3912 1653 3970; x_wconf 89' lang='lat'><strong>1,</strong></span> <span class='ocrx_word' id='word_1_253' title='bbox 1672 3910 1886 3966; x_wconf 79' lang='lat'>252-59;</span> 
     </span>
     <span class='ocr_line' id='line_1_44' title="bbox 605 3977 1306 4041; baseline 0.001 -14"><span class='ocrx_word' id='word_1_254' title='bbox 605 3977 744 4032; x_wconf 83' lang='lat' dir='ltr'><strong>Bibl.</strong></span> <span class='ocrx_word' id='word_1_255' title='bbox 777 3977 842 4030; x_wconf 88' lang='lat' dir='ltr'><strong>H.</strong></span> <span class='ocrx_word' id='word_1_256' title='bbox 871 3978 940 4030; x_wconf 86' lang='lat' dir='ltr'><strong>N.</strong></span> <span class='ocrx_word' id='word_1_257' title='bbox 971 3983 1017 4041; x_wconf 83' lang='lat'><strong>1,</strong></span> <span class='ocrx_word' id='word_1_258' title='bbox 1045 3979 1306 4033; x_wconf 75' lang='lat'><strong>576—85.</strong></span> 
     </span>
    </p>
   </div>
   <div class='ocr_carea' id='block_1_9' title="bbox 1945 577 3252 4029">
    <p class='ocr_par' dir='ltr' id='par_1_9' title="bbox 1945 577 3252 4029">
     <span class='ocr_line' id='line_1_45' title="bbox 1966 577 3252 655; baseline -0.002 -19"><span class='ocrx_word' id='word_1_259' title='bbox 1966 578 2069 652; x_wconf 87' lang='lat' dir='ltr'><strong>qui</strong></span> <span class='ocrx_word' id='word_1_260' title='bbox 2116 597 2165 635; x_wconf 91' lang='lat' dir='ltr'><strong>a.</strong></span> <span class='ocrx_word' id='word_1_261' title='bbox 2204 577 2418 636; x_wconf 86' lang='lat' dir='ltr'><strong>aetatis</strong></span> <span class='ocrx_word' id='word_1_262' title='bbox 2470 587 2571 641; x_wconf 88' lang='lat'><strong>40.</strong></span> <span class='ocrx_word' id='word_1_263' title='bbox 2623 581 2899 655; x_wconf 88' lang='lat' dir='ltr'><strong>receptus</strong></span> <span class='ocrx_word' id='word_1_264' title='bbox 2950 582 3043 636; x_wconf 85' lang='lat' dir='ltr'><strong>est</strong></span> <span class='ocrx_word' id='word_1_265' title='bbox 3092 578 3252 635; x_wconf 89' lang='lat' dir='ltr'><strong>inter</strong></span> 
     </span>
     <span class='ocr_line' id='line_1_46' title="bbox 1967 663 3251 749; baseline -0.001 -25"><span class='ocrx_word' id='word_1_266' title='bbox 1967 666 2211 725; x_wconf 89' lang='lat' dir='ltr'><strong>clericos</strong></span> <span class='ocrx_word' id='word_1_267' title='bbox 2244 666 2546 741; x_wconf 86' lang='lat' dir='ltr'><strong>regulares</strong></span> <span class='ocrx_word' id='word_1_268' title='bbox 2581 663 2732 749; x_wconf 88' lang='grc'>(157</span> <span class='ocrx_word' id='word_1_269' title='bbox 2749 664 2846 749; x_wconf 87' lang='grc'><strong>0);</strong></span> <span class='ocrx_word' id='word_1_270' title='bbox 2881 671 2942 726; x_wconf 89' lang='lat' dir='ltr'><strong>et</strong></span> <span class='ocrx_word' id='word_1_271' title='bbox 2975 667 3126 741; x_wconf 81' lang='lat' dir='ltr'><strong>‚qui</strong></span> <span class='ocrx_word' id='word_1_272' title='bbox 3158 667 3251 724; x_wconf 88' lang='lat' dir='ltr'><strong>in-</strong></span> 
     </span>
     <span class='ocr_line' id='line_1_47' title="bbox 1965 754 3250 831; baseline -0.002 -17"><span class='ocrx_word' id='word_1_273' title='bbox 1965 756 2206 831; x_wconf 86' lang='lat' dir='ltr'><strong>genium</strong></span> <span class='ocrx_word' id='word_1_274' title='bbox 2248 754 2556 814; x_wconf 89' lang='lat' dir='ltr'><strong>literarum</strong></span> <span class='ocrx_word' id='word_1_275' title='bbox 2589 756 2807 816; x_wconf 88' lang='lat' dir='ltr'><strong>studiis</strong></span> <span class='ocrx_word' id='word_1_276' title='bbox 2842 757 2906 815; x_wconf 91' lang='lat' dir='ltr'><strong>in</strong></span> <span class='ocrx_word' id='word_1_277' title='bbox 2932 756 3133 815; x_wconf 86' lang='lat' dir='ltr'><strong>seculo</strong></span> <span class='ocrx_word' id='word_1_278' title='bbox 3153 774 3250 812; x_wconf 87' lang='lat' dir='ltr'><strong>ex-</strong></span> 
     </span>
     <span class='ocr_line' id='line_1_48' title="bbox 1964 843 3247 921; baseline 0.001 -19"><span class='ocrx_word' id='word_1_279' title='bbox 1964 845 2242 914; x_wconf 83' lang='lat' dir='ltr'><strong>coluerat,</strong></span> <span class='ocrx_word' id='word_1_280' title='bbox 2308 843 2591 919; x_wconf 90' lang='lat' dir='ltr'><strong>spiritum</strong></span> <span class='ocrx_word' id='word_1_281' title='bbox 2641 846 2704 904; x_wconf 88' lang='lat' dir='ltr'><strong>in</strong></span> <span class='ocrx_word' id='word_1_282' title='bbox 2754 846 2958 905; x_wconf 88' lang='lat' dir='ltr'><strong>ordine</strong></span> <span class='ocrx_word' id='word_1_283' title='bbox 3004 844 3247 921; x_wconf 88' lang='lat' dir='ltr'><strong>perinde</strong></span> 
     </span>
     <span class='ocr_line' id='line_1_49' title="bbox 1964 932 3250 1011; baseline 0 -20"><span class='ocrx_word' id='word_1_284' title='bbox 1964 932 2224 1008; x_wconf 86' lang='lat' dir='ltr'><strong>expolire</strong></span> <span class='ocrx_word' id='word_1_285' title='bbox 2259 932 2466 1008; x_wconf 87' lang='lat' dir='ltr'><strong>coepit,</strong></span> <span class='ocrx_word' id='word_1_286' title='bbox 2515 938 2585 992; x_wconf 89' lang='lat' dir='ltr'><strong>ut</strong></span> <span class='ocrx_word' id='word_1_287' title='bbox 2630 934 2690 993; x_wconf 92' lang='lat' dir='ltr'><strong>in</strong></span> <span class='ocrx_word' id='word_1_288' title='bbox 2741 935 2891 1010; x_wconf 87' lang='lat' dir='ltr'><strong>ipsis</strong></span> <span class='ocrx_word' id='word_1_289' title='bbox 2936 932 3250 1011; x_wconf 83' lang='lat' dir='ltr'><strong>religiosae</strong></span> 
     </span>
     <span class='ocr_line' id='line_1_50' title="bbox 1964 1021 3245 1100; baseline 0 -21"><span class='ocrx_word' id='word_1_290' title='bbox 1964 1021 2312 1098; x_wconf 77' lang='lat' dir='ltr'><strong>disciplinae</strong></span> <span class='ocrx_word' id='word_1_291' title='bbox 2327 1022 2517 1080; x_wconf 87' lang='lat' dir='ltr'><strong>initiis</strong></span> <span class='ocrx_word' id='word_1_292' title='bbox 2533 1023 2821 1100; x_wconf 86' lang='lat' dir='ltr'><strong>magister</strong></span> <span class='ocrx_word' id='word_1_293' title='bbox 2833 1023 3017 1082; x_wconf 86' lang='lat' dir='ltr'><strong>videri</strong></span> <span class='ocrx_word' id='word_1_294' title='bbox 3029 1026 3245 1098; x_wconf 87' lang='lat' dir='ltr'><strong>posset.</strong></span> 
     </span>
     <span class='ocr_line' id='line_1_51' title="bbox 1964 1109 3245 1187; baseline 0.001 -18"><span class='ocrx_word' id='word_1_295' title='bbox 1964 1111 2145 1170; x_wconf 86' lang='lat' dir='ltr'><strong>Genio</strong></span> <span class='ocrx_word' id='word_1_296' title='bbox 2177 1109 2435 1185; x_wconf 88' lang='lat' dir='ltr'><strong>quodam</strong></span> <span class='ocrx_word' id='word_1_297' title='bbox 2465 1112 2539 1169; x_wconf 92' lang='lat' dir='ltr'><strong>ad</strong></span> <span class='ocrx_word' id='word_1_298' title='bbox 2576 1112 2816 1187; x_wconf 86' lang='lat' dir='ltr'><strong>pietatis</strong></span> <span class='ocrx_word' id='word_1_299' title='bbox 2870 1113 3069 1171; x_wconf 87' lang='lat' dir='ltr'><strong>studia</strong></span> <span class='ocrx_word' id='word_1_300' title='bbox 3112 1131 3245 1186; x_wconf 88' lang='lat' dir='ltr'><strong>pro·</strong></span> 
     </span>
     <span class='ocr_line' id='line_1_52' title="bbox 1963 1200 3247 1275; baseline 0.002 -18"><span class='ocrx_word' id='word_1_301' title='bbox 1963 1218 2183 1275; x_wconf 90' lang='lat' dir='ltr'><strong>pensus</strong></span> <span class='ocrx_word' id='word_1_302' title='bbox 2235 1203 2415 1272; x_wconf 87' lang='lat' dir='ltr'><strong>atque</strong></span> <span class='ocrx_word' id='word_1_303' title='bbox 2465 1220 2582 1259; x_wconf 88' lang='lat' dir='ltr'><strong>usu</strong></span> <span class='ocrx_word' id='word_1_304' title='bbox 2615 1200 2755 1260; x_wconf 85' lang='lat' dir='ltr'><strong>dein</strong></span> <span class='ocrx_word' id='word_1_305' title='bbox 2815 1203 3115 1272; x_wconf 80' lang='lat' dir='ltr'><strong>elimatus,</strong></span> <span class='ocrx_word' id='word_1_306' title='bbox 3177 1219 3247 1259; x_wconf 90' lang='lat' dir='ltr'><strong>eo</strong></span> 
     </span>
     <span class='ocr_line' id='line_1_53' title="bbox 1962 1288 3246 1358; baseline 0 -11"><span class='ocrx_word' id='word_1_307' title='bbox 1962 1290 2204 1348; x_wconf 88' lang='lat' dir='ltr'><strong>tandem</strong></span> <span class='ocrx_word' id='word_1_308' title='bbox 2235 1288 2443 1358; x_wconf 87' lang='lat' dir='ltr'><strong>evasit,</strong></span> <span class='ocrx_word' id='word_1_309' title='bbox 2493 1293 2564 1348; x_wconf 85' lang='lat' dir='ltr'><strong>ut</strong></span> <span class='ocrx_word' id='word_1_310' title='bbox 2606 1291 2943 1349; x_wconf 85' lang='lat' dir='ltr'><strong>formandae</strong></span> <span class='ocrx_word' id='word_1_311' title='bbox 2988 1290 3246 1349; x_wconf 88' lang='lat' dir='ltr'><strong>aliorum</strong></span> 
     </span>
     <span class='ocr_line' id='line_1_54' title="bbox 1962 1377 3237 1454; baseline 0.001 -19"><span class='ocrx_word' id='word_1_312' title='bbox 1962 1377 2236 1454; x_wconf 84' lang='lat' dir='ltr'><strong>religioni</strong></span> <span class='ocrx_word' id='word_1_313' title='bbox 2285 1396 2319 1434; x_wconf 89' lang='lat' dir='ltr'><strong>a</strong></span> <span class='ocrx_word' id='word_1_314' title='bbox 2362 1379 2652 1452; x_wconf 80' lang='lat' dir='ltr'><strong>peculiari</strong></span> <span class='ocrx_word' id='word_1_315' title='bbox 2702 1380 2958 1454; x_wconf 90' lang='lat' dir='ltr'><strong>quodam</strong></span> <span class='ocrx_word' id='word_1_316' title='bbox 3003 1378 3237 1438; x_wconf 81' lang='lat' dir='ltr'><strong>divino-</strong></span> 
     </span>
     <span class='ocr_line' id='line_1_55' title="bbox 1960 1467 3243 1541; baseline 0 -16"><span class='ocrx_word' id='word_1_317' title='bbox 1960 1487 2096 1525; x_wconf 89' lang='lat' dir='ltr'><strong>rum</strong></span> <span class='ocrx_word' id='word_1_318' title='bbox 2158 1484 2355 1532; x_wconf 88' lang='lat' dir='ltr'><strong>sensu,</strong></span> <span class='ocrx_word' id='word_1_319' title='bbox 2407 1487 2441 1524; x_wconf 90' lang='lat' dir='ltr'><strong>a</strong></span> <span class='ocrx_word' id='word_1_320' title='bbox 2490 1467 2738 1527; x_wconf 90' lang='lat' dir='ltr'><strong>docendi</strong></span> <span class='ocrx_word' id='word_1_321' title='bbox 2786 1467 3243 1541; x_wconf 87' lang='lat' dir='ltr'><strong>instruendique</strong></span> 
     </span>
     <span class='ocr_line' id='line_1_56' title="bbox 1961 1553 3242 1632; baseline -0.001 -18"><span class='ocrx_word' id='word_1_322' title='bbox 1961 1555 2213 1631; x_wconf 89' lang='lat' dir='ltr'><strong>ratione,</strong></span> <span class='ocrx_word' id='word_1_323' title='bbox 2246 1574 2280 1611; x_wconf 88' lang='lat' dir='ltr'><strong>a</strong></span> <span class='ocrx_word' id='word_1_324' title='bbox 2311 1553 2607 1626; x_wconf 90' lang='lat' dir='ltr'><strong>dictionis,</strong></span> <span class='ocrx_word' id='word_1_325' title='bbox 2661 1576 2781 1631; x_wconf 85' lang='lat' dir='ltr'><strong>qua</strong></span> <span class='ocrx_word' id='word_1_326' title='bbox 2829 1557 3110 1632; x_wconf 88' lang='lat' dir='ltr'><strong>spiritum</strong></span> <span class='ocrx_word' id='word_1_327' title='bbox 3153 1557 3242 1614; x_wconf 91' lang='lat' dir='ltr'><strong>in-</strong></span> 
     </span>
     <span class='ocr_line' id='line_1_57' title="bbox 1961 1644 3239 1712; baseline 0 -10"><span class='ocrx_word' id='word_1_328' title='bbox 1961 1644 2248 1712; x_wconf 88' lang='lat' dir='ltr'><strong>stillabat,</strong></span> <span class='ocrx_word' id='word_1_329' title='bbox 2284 1646 2582 1704; x_wconf 87' lang='lat' dir='ltr'><strong>suavitate</strong></span> <span class='ocrx_word' id='word_1_330' title='bbox 2613 1646 2763 1703; x_wconf 90' lang='lat' dir='ltr'><strong>nihil</strong></span> <span class='ocrx_word' id='word_1_331' title='bbox 2795 1649 2949 1704; x_wconf 85' lang='lat' dir='ltr'><strong>esset</strong></span> <span class='ocrx_word' id='word_1_332' title='bbox 2982 1646 3239 1704; x_wconf 87' lang='lat' dir='ltr'><strong>Lauren·</strong></span> 
     </span>
     <span class='ocr_line' id='line_1_58' title="bbox 1960 1732 3241 1811; baseline -0.001 -19"><span class='ocrx_word' id='word_1_333' title='bbox 1960 1734 2045 1792; x_wconf 86' lang='lat' dir='ltr'><strong>tio</strong></span> <span class='ocrx_word' id='word_1_334' title='bbox 2055 1732 2467 1811; x_wconf 87' lang='lat' dir='ltr'><strong>opportunius.</strong></span> <span class='ocrx_word' id='word_1_335' title='bbox 2481 1734 3053 1811; x_wconf 87' lang='lat' dir='ltr'><strong>Respondebantque</strong></span> <span class='ocrx_word' id='word_1_336' title='bbox 3073 1753 3241 1811; x_wconf 90' lang='lat' dir='ltr'><strong>prae·</strong></span> 
     </span>
     <span class='ocr_line' id='line_1_59' title="bbox 1960 1823 3243 1899; baseline 0 -18"><span class='ocrx_word' id='word_1_337' title='bbox 1960 1823 2136 1881; x_wconf 87' lang='lat' dir='ltr'><strong>claris</strong></span> <span class='ocrx_word' id='word_1_338' title='bbox 2168 1823 2455 1898; x_wconf 83' lang='lat' dir='ltr'><strong>ejusmodi</strong></span> <span class='ocrx_word' id='word_1_339' title='bbox 2485 1824 2815 1899; x_wconf 82' lang='lat' dir='ltr'><strong>praeceptis</strong></span> <span class='ocrx_word' id='word_1_340' title='bbox 2856 1824 2969 1882; x_wconf 83' lang='lat' dir='ltr'><strong>viri</strong></span> <span class='ocrx_word' id='word_1_341' title='bbox 3018 1840 3243 1892; x_wconf 86' lang='lat' dir='ltr'><strong>mores;</strong></span> 
     </span>
     <span class='ocr_line' id='line_1_60' title="bbox 1959 1910 3239 1971; baseline -0.001 -2"><span class='ocrx_word' id='word_1_342' title='bbox 1959 1931 2094 1969; x_wconf 89' lang='lat' dir='ltr'><strong>nam</strong></span> <span class='ocrx_word' id='word_1_343' title='bbox 2127 1910 2468 1970; x_wconf 88' lang='lat' dir='ltr'><strong>solitudinis</strong></span> <span class='ocrx_word' id='word_1_344' title='bbox 2501 1913 2945 1971; x_wconf 87' lang='lat' dir='ltr'><strong>amantissimus</strong></span> <span class='ocrx_word' id='word_1_345' title='bbox 2978 1913 3043 1970; x_wconf 89' lang='lat' dir='ltr'><strong>in</strong></span> <span class='ocrx_word' id='word_1_346' title='bbox 3070 1911 3239 1970; x_wconf 90' lang='lat' dir='ltr'><strong>disci-</strong></span> 
     </span>
     <span class='ocr_line' id='line_1_61' title="bbox 1959 2001 3243 2075; baseline 0.005 -18"><span class='ocrx_word' id='word_1_347' title='bbox 1959 2001 2123 2074; x_wconf 90' lang='lat' dir='ltr'><strong>plina</strong></span> <span class='ocrx_word' id='word_1_348' title='bbox 2186 2005 2365 2075; x_wconf 86' lang='lat' dir='ltr'><strong>atque</strong></span> <span class='ocrx_word' id='word_1_349' title='bbox 2427 2001 2809 2060; x_wconf 86' lang='lat' dir='ltr'><strong>institutione</strong></span> <span class='ocrx_word' id='word_1_350' title='bbox 2873 2005 3039 2059; x_wconf 90' lang='lat' dir='ltr'><strong>totus</strong></span> <span class='ocrx_word' id='word_1_351' title='bbox 3095 2004 3243 2063; x_wconf 88' lang='lat' dir='ltr'><strong>erat.</strong></span> 
     </span>
     <span class='ocr_line' id='line_1_62' title="bbox 1959 2089 3237 2165; baseline -0.001 -18"><span class='ocrx_word' id='word_1_352' title='bbox 1959 2089 2175 2147; x_wconf 89' lang='lat' dir='ltr'><strong>Rerum</strong></span> <span class='ocrx_word' id='word_1_353' title='bbox 2209 2090 2694 2165; x_wconf 82' lang='lat' dir='ltr'><strong>contemplationi</strong></span> <span class='ocrx_word' id='word_1_354' title='bbox 2730 2090 3022 2159; x_wconf 89' lang='lat' dir='ltr'><strong>addictus,</strong></span> <span class='ocrx_word' id='word_1_355' title='bbox 3063 2108 3237 2165; x_wconf 88' lang='lat' dir='ltr'><strong>quam</strong></span> 
     </span>
     <span class='ocr_line' id='line_1_63' title="bbox 1960 2177 3238 2253; baseline -0.002 -17"><span class='ocrx_word' id='word_1_356' title='bbox 1960 2177 2093 2236; x_wconf 88' lang='lat' dir='ltr'><strong>aliis</strong></span> <span class='ocrx_word' id='word_1_357' title='bbox 2127 2178 2311 2238; x_wconf 89' lang='lat' dir='ltr'><strong>facem</strong></span> <span class='ocrx_word' id='word_1_358' title='bbox 2343 2182 2407 2240; x_wconf 91' lang='lat' dir='ltr'><strong>in</strong></span> <span class='ocrx_word' id='word_1_359' title='bbox 2437 2198 2670 2237; x_wconf 85' lang='lat' dir='ltr'><strong>morum</strong></span> <span class='ocrx_word' id='word_1_360' title='bbox 2701 2179 3051 2238; x_wconf 81' lang='lat' dir='ltr'><strong>formatione</strong></span> <span class='ocrx_word' id='word_1_361' title='bbox 3074 2197 3238 2253; x_wconf 89' lang='lat' dir='ltr'><strong>prae·</strong></span> 
     </span>
     <span class='ocr_line' id='line_1_64' title="bbox 1958 2266 3241 2336; baseline 0 -12"><span class='ocrx_word' id='word_1_362' title='bbox 1958 2267 2214 2336; x_wconf 84' lang='lat' dir='ltr'><strong>lucebat,</strong></span> <span class='ocrx_word' id='word_1_363' title='bbox 2263 2270 2400 2327; x_wconf 89' lang='lat' dir='ltr'><strong>inde</strong></span> <span class='ocrx_word' id='word_1_364' title='bbox 2446 2268 2853 2336; x_wconf 87' lang='lat' dir='ltr'><strong>mutuabatur,</strong></span> <span class='ocrx_word' id='word_1_365' title='bbox 2917 2266 3241 2325; x_wconf 85' lang='lat' dir='ltr'><strong>modestiae</strong></span> 
     </span>
     <span class='ocr_line' id='line_1_65' title="bbox 1957 2355 3236 2431; baseline -0.001 -17"><span class='ocrx_word' id='word_1_366' title='bbox 1957 2356 2169 2430; x_wconf 89' lang='lat' dir='ltr'><strong>suique</strong></span> <span class='ocrx_word' id='word_1_367' title='bbox 2230 2356 2607 2416; x_wconf 86' lang='lat' dir='ltr'><strong>demissionis</strong></span> <span class='ocrx_word' id='word_1_368' title='bbox 2685 2357 2949 2431; x_wconf 86' lang='lat' dir='ltr'><strong>apprime</strong></span> <span class='ocrx_word' id='word_1_369' title='bbox 3009 2355 3236 2414; x_wconf 89' lang='lat' dir='ltr'><strong>studio-</strong></span> 
     </span>
     <span class='ocr_line' id='line_1_66' title="bbox 1957 2443 3232 2522; baseline 0.002 -20"><span class='ocrx_word' id='word_1_370' title='bbox 1957 2462 2058 2502; x_wconf 89' lang='lat' dir='ltr'><strong>sus</strong></span> <span class='ocrx_word' id='word_1_371' title='bbox 2076 2443 2181 2522; x_wconf 68' lang='lat'>¹).“</span> <span class='ocrx_word' id='word_1_372' title='bbox 2231 2447 2343 2505; x_wconf 87' lang='lat' dir='ltr'><strong>Sed</strong></span> <span class='ocrx_word' id='word_1_373' title='bbox 2371 2466 2446 2504; x_wconf 91' lang='lat' dir='ltr'><strong>en</strong></span> <span class='ocrx_word' id='word_1_374' title='bbox 2492 2447 2805 2520; x_wconf 83' lang='lat' dir='ltr'><strong>postquam</strong></span> <span class='ocrx_word' id='word_1_375' title='bbox 2848 2446 2923 2503; x_wconf 91' lang='lat' dir='ltr'><strong>ad</strong></span> <span class='ocrx_word' id='word_1_376' title='bbox 2968 2465 3016 2503; x_wconf 86' lang='lat' dir='ltr'><strong>a.</strong></span> <span class='ocrx_word' id='word_1_377' title='bbox 3074 2453 3232 2506; x_wconf 81' lang='lat'>1585</span> 
     </span>
     <span class='ocr_line' id='line_1_67' title="bbox 1955 2532 3234 2611; baseline -0.001 -21"><span class='ocrx_word' id='word_1_378' title='bbox 1955 2532 2424 2594; x_wconf 86' lang='lat' dir='ltr'><strong>fructuosissime</strong></span> <span class='ocrx_word' id='word_1_379' title='bbox 2444 2551 2550 2611; x_wconf 88' lang='lat' dir='ltr'><strong>pro</strong></span> <span class='ocrx_word' id='word_1_380' title='bbox 2583 2534 2913 2592; x_wconf 91' lang='lat' dir='ltr'><strong>animarum</strong></span> <span class='ocrx_word' id='word_1_381' title='bbox 2935 2533 3128 2591; x_wconf 88' lang='lat' dir='ltr'><strong>salute</strong></span> <span class='ocrx_word' id='word_1_382' title='bbox 3153 2533 3234 2589; x_wconf 91' lang='lat' dir='ltr'><strong>la-</strong></span> 
     </span>
     <span class='ocr_line' id='line_1_68' title="bbox 1955 2620 3241 2702; baseline 0.001 -24"><span class='ocrx_word' id='word_1_383' title='bbox 1955 2623 2234 2693; x_wconf 88' lang='lat' dir='ltr'><strong>borasset,</strong></span> <span class='ocrx_word' id='word_1_384' title='bbox 2266 2624 2576 2683; x_wconf 89' lang='lat' dir='ltr'><strong>calumniis</strong></span> <span class='ocrx_word' id='word_1_385' title='bbox 2606 2620 2851 2702; x_wconf 87' lang='lat' dir='ltr'><strong>(quibus</strong></span> <span class='ocrx_word' id='word_1_386' title='bbox 2880 2641 2999 2681; x_wconf 88' lang='lat' dir='ltr'><strong>non</strong></span> <span class='ocrx_word' id='word_1_387' title='bbox 3019 2620 3241 2701; x_wconf 83' lang='lat' dir='ltr'><strong>liquet)</strong></span> 
     </span>
     <span class='ocr_line' id='line_1_69' title="bbox 1955 2711 3235 2788; baseline 0.002 -19"><span class='ocrx_word' id='word_1_388' title='bbox 1955 2712 2263 2787; x_wconf 86' lang='lat' dir='ltr'><strong>impetitus</strong></span> <span class='ocrx_word' id='word_1_389' title='bbox 2296 2714 2529 2772; x_wconf 89' lang='lat' dir='ltr'><strong>decreto</strong></span> <span class='ocrx_word' id='word_1_390' title='bbox 2563 2712 2812 2788; x_wconf 89' lang='lat' dir='ltr'><strong>capituli</strong></span> <span class='ocrx_word' id='word_1_391' title='bbox 2857 2711 3154 2788; x_wconf 88' lang='lat' dir='ltr'><strong>generalis</strong></span> <span class='ocrx_word' id='word_1_392' title='bbox 3187 2730 3235 2772; x_wconf 87' lang='lat' dir='ltr'><strong>a.</strong></span> 
     </span>
     <span class='ocr_line' id='line_1_70' title="bbox 1965 2799 3235 2863; baseline -0.003 -2"><span class='ocrx_word' id='word_1_393' title='bbox 1965 2810 2124 2863; x_wconf 85' lang='lat'>1585</span> <span class='ocrx_word' id='word_1_394' title='bbox 2164 2803 2441 2860; x_wconf 88' lang='lat' dir='ltr'><strong>redactus</strong></span> <span class='ocrx_word' id='word_1_395' title='bbox 2492 2803 2583 2859; x_wconf 81' lang='lat' dir='ltr'><strong>est</strong></span> <span class='ocrx_word' id='word_1_396' title='bbox 2627 2800 2702 2859; x_wconf 92' lang='lat' dir='ltr'><strong>ad</strong></span> <span class='ocrx_word' id='word_1_397' title='bbox 2747 2800 3034 2859; x_wconf 87' lang='lat' dir='ltr'><strong>laicorum</strong></span> <span class='ocrx_word' id='word_1_398' title='bbox 3078 2799 3235 2859; x_wconf 89' lang='lat' dir='ltr'><strong>ordi·</strong></span> 
     </span>
     <span class='ocr_line' id='line_1_71' title="bbox 1955 2888 3233 2967; baseline -0.001 -21"><span class='ocrx_word' id='word_1_399' title='bbox 1955 2907 2106 2954; x_wconf 88' lang='lat' dir='ltr'><strong>nem,</strong></span> <span class='ocrx_word' id='word_1_400' title='bbox 2140 2890 2205 2947; x_wconf 90' lang='lat' dir='ltr'><strong>in</strong></span> <span class='ocrx_word' id='word_1_401' title='bbox 2236 2910 2354 2965; x_wconf 91' lang='lat' dir='ltr'><strong>quo</strong></span> <span class='ocrx_word' id='word_1_402' title='bbox 2401 2889 2734 2948; x_wconf 87' lang='lat' dir='ltr'><strong>humillime</strong></span> <span class='ocrx_word' id='word_1_403' title='bbox 2767 2889 2932 2967; x_wconf 91' lang='lat' dir='ltr'><strong>degit</strong></span> <span class='ocrx_word' id='word_1_404' title='bbox 2969 2888 3043 2947; x_wconf 87' lang='lat' dir='ltr'><strong>ad</strong></span> <span class='ocrx_word' id='word_1_405' title='bbox 3079 2907 3233 2946; x_wconf 83' lang='lat' dir='ltr'><strong>mor-</strong></span> 
     </span>
     <span class='ocr_line' id='line_1_72' title="bbox 1951 2977 3235 3053; baseline -0.001 -18"><span class='ocrx_word' id='word_1_406' title='bbox 1951 2981 2073 3035; x_wconf 84' lang='lat' dir='ltr'><strong>tem</strong></span> <span class='ocrx_word' id='word_1_407' title='bbox 2106 2997 2294 3053; x_wconf 90' lang='lat' dir='ltr'><strong>usque</strong></span> <span class='ocrx_word' id='word_1_408' title='bbox 2330 2988 2427 3042; x_wconf 87' lang='lat'><strong>28.</strong></span> <span class='ocrx_word' id='word_1_409' title='bbox 2464 2979 2608 3040; x_wconf 80' lang='lat' dir='ltr'>Nov.</span> <span class='ocrx_word' id='word_1_410' title='bbox 2652 2988 2843 3041; x_wconf 83' lang='lat'>1610:</span> <span class='ocrx_word' id='word_1_411' title='bbox 2880 2997 3002 3053; x_wconf 92' lang='lat' dir='ltr'><strong>qua</strong></span> <span class='ocrx_word' id='word_1_412' title='bbox 3036 2977 3235 3035; x_wconf 90' lang='lat' dir='ltr'><strong>humi-</strong></span> 
     </span>
     <span class='ocr_line' id='line_1_73' title="bbox 1952 3065 3232 3128; baseline -0.001 -5"><span class='ocrx_word' id='word_1_413' title='bbox 1952 3066 2199 3125; x_wconf 89' lang='lat' dir='ltr'><strong>liatione</strong></span> <span class='ocrx_word' id='word_1_414' title='bbox 2220 3086 2341 3125; x_wconf 85' lang='lat' dir='ltr'><strong>non</strong></span> <span class='ocrx_word' id='word_1_415' title='bbox 2357 3069 2633 3128; x_wconf 82' lang='lat' dir='ltr'><strong>obstante</strong></span> <span class='ocrx_word' id='word_1_416' title='bbox 2655 3067 2991 3125; x_wconf 85' lang='lat' dir='ltr'><strong>sanctitatis</strong></span> <span class='ocrx_word' id='word_1_417' title='bbox 3014 3065 3232 3123; x_wconf 87' lang='lat' dir='ltr'><strong>famam</strong></span> 
     </span>
     <span class='ocr_line' id='line_1_74' title="bbox 1951 3154 3234 3216; baseline -0.001 -4"><span class='ocrx_word' id='word_1_418' title='bbox 1951 3155 2063 3212; x_wconf 90' lang='lat' dir='ltr'><strong>sibi</strong></span> <span class='ocrx_word' id='word_1_419' title='bbox 2095 3157 2451 3216; x_wconf 86' lang='lat' dir='ltr'><strong>conciliavit.</strong></span> <span class='ocrx_word' id='word_1_420' title='bbox 2497 3157 2901 3214; x_wconf 83' lang='lat' dir='ltr'><strong>Immortalem</strong></span> <span class='ocrx_word' id='word_1_421' title='bbox 2932 3174 3069 3213; x_wconf 91' lang='lat' dir='ltr'><strong>eum</strong></span> <span class='ocrx_word' id='word_1_422' title='bbox 3102 3154 3234 3211; x_wconf 86' lang='lat' dir='ltr'><strong>red-</strong></span> 
     </span>
     <span class='ocr_line' id='line_1_75' title="bbox 1951 3242 3231 3320; baseline 0 -20"><span class='ocrx_word' id='word_1_423' title='bbox 1951 3242 2106 3301; x_wconf 85' lang='lat' dir='ltr'><strong>didit</strong></span> <span class='ocrx_word' id='word_1_424' title='bbox 2156 3246 2507 3320; x_wconf 89' lang='lat' dir='ltr'><strong>opusculum</strong></span> <span class='ocrx_word' id='word_1_425' title='bbox 2548 3245 2867 3303; x_wconf 81' lang='lat' dir='ltr'><strong>asceticam</strong></span> <span class='ocrx_word' id='word_1_426' title='bbox 2919 3242 3231 3301; x_wconf 70' lang='grc' dir='ltr'><em>00ωόααὶ-</em></span> 
     </span>
     <span class='ocr_line' id='line_1_76' title="bbox 1949 3333 3233 3407; baseline -0.002 -17"><span class='ocrx_word' id='word_1_427' title='bbox 1949 3340 2134 3391; x_wconf 79' lang='lat' dir='ltr'><strong>mento</strong></span> <span class='ocrx_word' id='word_1_428' title='bbox 2166 3333 2482 3406; x_wconf 72' lang='lat' dir='ltr'><strong>Spirituale</strong></span> <span class='ocrx_word' id='word_1_429' title='bbox 2514 3333 2862 3391; x_wconf 83' lang='lat' dir='ltr'><strong>distinctum</strong></span> <span class='ocrx_word' id='word_1_430' title='bbox 2894 3333 2957 3390; x_wconf 90' lang='lat' dir='ltr'><strong>in</strong></span> <span class='ocrx_word' id='word_1_431' title='bbox 2979 3352 3105 3407; x_wconf 87' lang='lat' dir='ltr'><strong>cap.</strong></span> <span class='ocrx_word' id='word_1_432' title='bbox 3134 3341 3233 3392; x_wconf 87' lang='grc'><strong>66.</strong></span> 
     </span>
     <span class='ocr_line' id='line_1_77' title="bbox 1952 3420 3228 3499; baseline 0.002 -21"><span class='ocrx_word' id='word_1_433' title='bbox 1952 3421 2179 3479; x_wconf 88' lang='lat' dir='ltr'><strong>Prodiit</strong></span> <span class='ocrx_word' id='word_1_434' title='bbox 2224 3423 2375 3480; x_wconf 91' lang='lat' dir='ltr'><strong>illud</strong></span> <span class='ocrx_word' id='word_1_435' title='bbox 2410 3423 2665 3499; x_wconf 88' lang='lat' dir='ltr'><strong>primum</strong></span> <span class='ocrx_word' id='word_1_436' title='bbox 2697 3422 2784 3479; x_wconf 89' lang='lat' dir='ltr'><strong>ed.</strong></span> <span class='ocrx_word' id='word_1_437' title='bbox 2821 3421 3035 3479; x_wconf 79' lang='lat' dir='ltr'><strong>comite</strong></span> <span class='ocrx_word' id='word_1_438' title='bbox 3069 3420 3228 3481; x_wconf 86' lang='lat' dir='ltr'><strong>Hier.</strong></span> 
     </span>
     <span class='ocr_line' id='line_1_78' title="bbox 1949 3510 3237 3573; baseline 0 -7"><span class='ocrx_word' id='word_1_439' title='bbox 1949 3510 2019 3566; x_wconf 92' lang='lat' dir='ltr'><strong>de</strong></span> <span class='ocrx_word' id='word_1_440' title='bbox 2052 3510 2257 3568; x_wconf 87' lang='lat' dir='ltr'><strong>Porcia</strong></span> <span class='ocrx_word' id='word_1_441' title='bbox 2302 3511 2565 3569; x_wconf 89' lang='lat' dir='ltr'><strong>Venetiis</strong></span> <span class='ocrx_word' id='word_1_442' title='bbox 2608 3520 2768 3573; x_wconf 89' lang='grc'>1589</span> <span class='ocrx_word' id='word_1_443' title='bbox 2813 3510 3075 3568; x_wconf 84' lang='lat' dir='ltr'><strong>auctoris</strong></span> <span class='ocrx_word' id='word_1_444' title='bbox 3124 3527 3237 3566; x_wconf 74' lang='lat' dir='ltr'><strong>no·</strong></span> 
     </span>
     <span class='ocr_line' id='line_1_79' title="bbox 1949 3597 3229 3674; baseline -0.001 -19"><span class='ocrx_word' id='word_1_445' title='bbox 1949 3598 2105 3656; x_wconf 90' lang='lat' dir='ltr'><strong>mine</strong></span> <span class='ocrx_word' id='word_1_446' title='bbox 2139 3617 2410 3674; x_wconf 87' lang='lat' dir='ltr'><strong>supresso</strong></span> <span class='ocrx_word' id='word_1_447' title='bbox 2431 3603 2492 3657; x_wconf 90' lang='lat' dir='ltr'><strong>et</strong></span> <span class='ocrx_word' id='word_1_448' title='bbox 2510 3600 2717 3657; x_wconf 82' lang='lat' dir='ltr'><strong>exinde</strong></span> <span class='ocrx_word' id='word_1_449' title='bbox 2738 3599 3083 3657; x_wconf 87' lang='lat' dir='ltr'><strong>innumerae</strong></span> <span class='ocrx_word' id='word_1_450' title='bbox 3105 3597 3229 3654; x_wconf 88' lang='lat' dir='ltr'><strong>edi-</strong></span> 
     </span>
     <span class='ocr_line' id='line_1_80' title="bbox 1946 3686 3227 3747; baseline 0 -4"><span class='ocrx_word' id='word_1_451' title='bbox 1946 3687 2138 3745; x_wconf 84' lang='lat' dir='ltr'><strong>tiones</strong></span> <span class='ocrx_word' id='word_1_452' title='bbox 2170 3692 2230 3744; x_wconf 87' lang='lat' dir='ltr'><strong>et</strong></span> <span class='ocrx_word' id='word_1_453' title='bbox 2261 3688 2560 3747; x_wconf 82' lang='lat' dir='ltr'><strong>versiones</strong></span> <span class='ocrx_word' id='word_1_454' title='bbox 2591 3688 2654 3745; x_wconf 88' lang='lat' dir='ltr'><strong>in</strong></span> <span class='ocrx_word' id='word_1_455' title='bbox 2675 3706 2876 3745; x_wconf 84' lang='lat' dir='ltr'><strong>omnes</strong></span> <span class='ocrx_word' id='word_1_456' title='bbox 2897 3687 3018 3744; x_wconf 88' lang='lat' dir='ltr'><strong>fere</strong></span> <span class='ocrx_word' id='word_1_457' title='bbox 3039 3686 3227 3743; x_wconf 86' lang='lat' dir='ltr'><strong>Euro·</strong></span> 
     </span>
     <span class='ocr_line' id='line_1_81' title="bbox 1947 3775 3229 3852; baseline -0.002 -19"><span class='ocrx_word' id='word_1_458' title='bbox 1947 3794 2054 3849; x_wconf 89' lang='lat' dir='ltr'><strong>pae</strong></span> <span class='ocrx_word' id='word_1_459' title='bbox 2085 3776 2342 3852; x_wconf 87' lang='lat' dir='ltr'><strong>linguas,</strong></span> <span class='ocrx_word' id='word_1_460' title='bbox 2377 3776 2449 3834; x_wconf 88' lang='lat' dir='ltr'><strong>ad</strong></span> <span class='ocrx_word' id='word_1_461' title='bbox 2469 3798 2519 3834; x_wconf 89' lang='lat' dir='ltr'><strong>a.</strong></span> <span class='ocrx_word' id='word_1_462' title='bbox 2550 3785 2709 3837; x_wconf 88' lang='grc'>1747</span> <span class='ocrx_word' id='word_1_463' title='bbox 2738 3777 2945 3834; x_wconf 85' lang='lat' dir='ltr'><strong>saltem</strong></span> <span class='ocrx_word' id='word_1_464' title='bbox 2966 3775 3055 3833; x_wconf 90' lang='lat' dir='ltr'><strong>ed.</strong></span> <span class='ocrx_word' id='word_1_465' title='bbox 3082 3784 3229 3836; x_wconf 77' lang='lat'><strong>254.</strong></span> 
     </span>
     <span class='ocr_line' id='line_1_82' title="bbox 1946 3863 3225 3937; baseline 0 -16"><span class='ocrx_word' id='word_1_466' title='bbox 1946 3864 2106 3922; x_wconf 90' lang='lat' dir='ltr'><strong>Illud</strong></span> <span class='ocrx_word' id='word_1_467' title='bbox 2138 3883 2179 3921; x_wconf 78' lang='lat' dir='ltr'><strong>a.</strong></span> <span class='ocrx_word' id='word_1_468' title='bbox 2214 3866 2257 3921; x_wconf 88' lang='lat' dir='ltr'>F</span> <span class='ocrx_word' id='word_1_469' title='bbox 2261 3865 2563 3923; x_wconf 85' lang='lat' dir='ltr'><strong>ranciscus</strong></span> <span class='ocrx_word' id='word_1_470' title='bbox 2597 3865 2869 3933; x_wconf 82' lang='lat' dir='ltr'><strong>SalesiuS,</strong></span> <span class='ocrx_word' id='word_1_471' title='bbox 2906 3863 3001 3921; x_wconf 89' lang='lat' dir='ltr'><strong>cui</strong></span> <span class='ocrx_word' id='word_1_472' title='bbox 3015 3864 3225 3937; x_wconf 81' lang='lat' dir='ltr'><strong>juveni</strong></span> 
     </span>
     <span class='ocr_line' id='line_1_83' title="bbox 1945 3952 3226 4029; baseline 0 -20"><span class='ocrx_word' id='word_1_473' title='bbox 1945 3953 2088 4011; x_wconf 89' lang='lat' dir='ltr'><strong>dum</strong></span> <span class='ocrx_word' id='word_1_474' title='bbox 2122 3954 2355 4011; x_wconf 86' lang='lat' dir='ltr'><strong>Patavii</strong></span> <span class='ocrx_word' id='word_1_475' title='bbox 2389 3954 2644 4029; x_wconf 84' lang='lat' dir='ltr'><strong>degeret,</strong></span> <span class='ocrx_word' id='word_1_476' title='bbox 2679 3973 2712 4009; x_wconf 89' lang='lat' dir='ltr'><strong>a</strong></span> <span class='ocrx_word' id='word_1_477' title='bbox 2744 3957 2911 4028; x_wconf 89' lang='lat' dir='ltr'><strong>patre</strong></span> <span class='ocrx_word' id='word_1_478' title='bbox 2941 3952 3226 4010; x_wconf 87' lang='lat' dir='ltr'><strong>Theatino</strong></span> 
     </span>
    </p>
   </div>
   <div class='ocr_carea' id='block_1_10' title="bbox 601 4036 3226 4205">
    <p class='ocr_par' dir='ltr' id='par_1_10' title="bbox 601 4036 3226 4205">
     <span class='ocr_line' id='line_1_84' title="bbox 678 4036 3223 4122; baseline -0.001 -23"><span class='ocrx_word' id='word_1_479' title='bbox 678 4046 1574 4117; x_wconf 75' lang='lat' dir='ltr'><strong>2)Cf.Sommerv0gelVl‚1946.</strong></span> <span class='ocrx_word' id='word_1_480' title='bbox 1629 4046 1787 4099; x_wconf 84' lang='lat' dir='ltr'><strong>Alius</strong></span> <span class='ocrx_word' id='word_1_481' title='bbox 1814 4048 1888 4101; x_wconf 86' lang='lat' dir='ltr'><strong>ab</strong></span> <span class='ocrx_word' id='word_1_482' title='bbox 1944 4036 2121 4122; x_wconf 89' lang='lat' dir='ltr'><strong>(forte</strong></span> <span class='ocrx_word' id='word_1_483' title='bbox 2174 4042 2303 4117; x_wconf 89' lang='lat' dir='ltr'><strong>ipso</strong></span> <span class='ocrx_word' id='word_1_484' title='bbox 2357 4038 2619 4121; x_wconf 90' lang='lat' dir='ltr'><strong>Scupoli)</strong></span> <span class='ocrx_word' id='word_1_485' title='bbox 2672 4041 2959 4099; x_wconf 82' lang='lat' dir='ltr'><strong>traditum</strong></span> <span class='ocrx_word' id='word_1_486' title='bbox 3010 4040 3223 4108; x_wconf 83' lang='lat' dir='ltr'><strong>fuerat,</strong></span> 
     </span>
     <span class='ocr_line' id='line_1_85' title="bbox 601 4117 3226 4205; baseline -0 -18"><span class='ocrx_word' id='word_1_487' title='bbox 601 4135 665 4170; x_wconf 57' lang='lat'><strong>*³0</strong></span> <span class='ocrx_word' id='word_1_488' title='bbox 707 4121 791 4171; x_wconf 61' lang='lat'><strong>0³³⁶</strong></span> <span class='ocrx_word' id='word_1_489' title='bbox 831 4118 881 4172; x_wconf 75' lang='lat' dir='ltr'><strong>S·</strong></span> <span class='ocrx_word' id='word_1_490' title='bbox 909 4118 1232 4187; x_wconf 68' lang='lat' dir='ltr'><strong>AlPhOUSUS</strong></span> <span class='ocrx_word' id='word_1_491' title='bbox 1273 4117 1329 4170; x_wconf 79' lang='grc' dir='ltr'><strong>Β·</strong></span> <span class='ocrx_word' id='word_1_492' title='bbox 1361 4119 1412 4170; x_wconf 68' lang='lat' dir='ltr'><strong>S·</strong></span> <span class='ocrx_word' id='word_1_493' title='bbox 1440 4118 1506 4181; x_wconf 56' lang='lat' dir='ltr'><strong>Jn</strong></span> <span class='ocrx_word' id='word_1_494' title='bbox 1551 4117 1650 4184; x_wconf 72' lang='lat' dir='ltr'><strong>qui</strong></span> <span class='ocrx_word' id='word_1_495' title='bbox 1693 4119 1885 4171; x_wconf 65' lang='lat' dir='ltr'><strong>OOdem</strong></span> <span class='ocrx_word' id='word_1_496' title='bbox 1944 4132 2097 4187; x_wconf 84' lang='lat' dir='ltr'><strong>tanti</strong></span> <span class='ocrx_word' id='word_1_497' title='bbox 2127 4131 2281 4199; x_wconf 89' lang='lat' dir='ltr'><strong>fecit,</strong></span> <span class='ocrx_word' id='word_1_498' title='bbox 2322 4135 2392 4189; x_wconf 90' lang='lat' dir='ltr'><strong>ut</strong></span> <span class='ocrx_word' id='word_1_499' title='bbox 2424 4131 2667 4188; x_wconf 88' lang='lat' dir='ltr'><strong>haberet</strong></span> <span class='ocrx_word' id='word_1_500' title='bbox 2694 4149 2800 4205; x_wconf 88' lang='lat' dir='ltr'><strong>pro</strong></span> <span class='ocrx_word' id='word_1_501' title='bbox 2832 4130 2987 4188; x_wconf 78' lang='lat' dir='ltr'><strong>vitae</strong></span> <span class='ocrx_word' id='word_1_502' title='bbox 3022 4147 3226 4186; x_wconf 84' lang='lat' dir='ltr'><strong>norma</strong></span> 
     </span>
    </p>
   </div>
   <div class='ocr_carea' id='block_1_11' title="bbox 600 4188 1884 4259">
    <p class='ocr_par' dir='ltr' id='par_1_11' title="bbox 600 4188 1884 4259">
     <span class='ocr_line' id='line_1_86' title="bbox 600 4188 1884 4259; baseline 0.003 -20"><span class='ocrx_word' id='word_1_503' title='bbox 600 4188 714 4241; x_wconf 83' lang='lat' dir='ltr'><strong>fere</strong></span> <span class='ocrx_word' id='word_1_504' title='bbox 752 4190 988 4243; x_wconf 84' lang='lat' dir='ltr'><strong>decessit</strong></span> <span class='ocrx_word' id='word_1_505' title='bbox 1031 4192 1276 4256; x_wconf 79' lang='lat' dir='ltr'><strong>tempore</strong></span> <span class='ocrx_word' id='word_1_506' title='bbox 1319 4191 1515 4257; x_wconf 79' lang='lat' dir='ltr'>(30s31.</span> <span class='ocrx_word' id='word_1_507' title='bbox 1558 4188 1675 4241; x_wconf 87' lang='lat' dir='ltr'><strong>Oct.</strong></span> <span class='ocrx_word' id='word_1_508' title='bbox 1707 4193 1884 4259; x_wconf 80' lang='lat'>1617).</span> 
     </span>
    </p>
   </div>
   <div class='ocr_carea' id='block_1_12' title="bbox 601 4257 1959 4329">
    <p class='ocr_par' dir='ltr' id='par_1_12' title="bbox 601 4257 1959 4329">
     <span class='ocr_line' id='line_1_87' title="bbox 601 4257 1959 4329; baseline 0.001 -18"><span class='ocrx_word' id='word_1_509' title='bbox 601 4257 720 4312; x_wconf 85' lang='lat' dir='ltr'><strong>Etsi</strong></span> <span class='ocrx_word' id='word_1_510' title='bbox 747 4264 973 4314; x_wconf 84' lang='lat' dir='ltr'><strong>tantum</strong></span> <span class='ocrx_word' id='word_1_511' title='bbox 1014 4260 1188 4313; x_wconf 84' lang='lat' dir='ltr'><strong>frater</strong></span> <span class='ocrx_word' id='word_1_512' title='bbox 1229 4259 1404 4312; x_wconf 84' lang='lat' dir='ltr'><strong>laicus</strong></span> <span class='ocrx_word' id='word_1_513' title='bbox 1443 4259 1671 4326; x_wconf 89' lang='lat' dir='ltr'><strong>reliquit</strong></span> <span class='ocrx_word' id='word_1_514' title='bbox 1714 4276 1887 4329; x_wconf 88' lang='lat' dir='ltr'><strong>opera</strong></span> <span class='ocrx_word' id='word_1_515' title='bbox 1949 4308 1959 4319; x_wconf 85' lang='grc'>,</span> 
     </span>
    </p>
   </div>
   <div class='ocr_carea' id='block_1_13' title="bbox 1945 4217 3222 4294">
    <p class='ocr_par' dir='ltr' id='par_1_13' title="bbox 1945 4217 3222 4294">
     <span class='ocr_line' id='line_1_88' title="bbox 1945 4217 3222 4294; baseline -0.001 -19"><span class='ocrx_word' id='word_1_516' title='bbox 1945 4237 2292 4294; x_wconf 89' lang='lat' dir='ltr'><strong>semperque</strong></span> <span class='ocrx_word' id='word_1_517' title='bbox 2325 4238 2521 4278; x_wconf 89' lang='lat' dir='ltr'><strong>secum</strong></span> <span class='ocrx_word' id='word_1_518' title='bbox 2553 4221 2751 4279; x_wconf 87' lang='lat' dir='ltr'><strong>ferret.</strong></span> <span class='ocrx_word' id='word_1_519' title='bbox 2788 4218 2970 4293; x_wconf 87' lang='lat' dir='ltr'><strong>Saepe</strong></span> <span class='ocrx_word' id='word_1_520' title='bbox 3001 4217 3090 4275; x_wconf 91' lang='lat' dir='ltr'><strong>illi</strong></span> <span class='ocrx_word' id='word_1_521' title='bbox 3123 4217 3222 4275; x_wconf 88' lang='lat' dir='ltr'><strong>ad-</strong></span> 
     </span>
    </p>
   </div>
   <div class='ocr_carea' id='block_1_14' title="bbox 600 4305 3223 4400">
    <p class='ocr_par' dir='ltr' id='par_1_14' title="bbox 600 4305 3223 4400">
     <span class='ocr_line' id='line_1_89' title="bbox 600 4305 3223 4400; baseline 0.001 -18"><span class='ocrx_word' id='word_1_522' title='bbox 600 4332 854 4393; x_wconf 81' lang='lat' dir='ltr'><strong>ascetica,</strong></span> <span class='ocrx_word' id='word_1_523' title='bbox 901 4347 1045 4400; x_wconf 79' lang='lat' dir='ltr'><strong>quae</strong></span> <span class='ocrx_word' id='word_1_524' title='bbox 1090 4330 1321 4383; x_wconf 77' lang='lat' dir='ltr'><strong>collecta</strong></span> <span class='ocrx_word' id='word_1_525' title='bbox 1371 4330 1706 4398; x_wconf 88' lang='lat' dir='ltr'><strong>prodierunt</strong></span> <span class='ocrx_word' id='word_1_526' title='bbox 1749 4348 1885 4384; x_wconf 84' lang='lat' dir='ltr'><strong>cura</strong></span> <span class='ocrx_word' id='word_1_527' title='bbox 1936 4309 2213 4383; x_wconf 60' lang='lat' dir='ltr'><strong>Jungitm&#39;</strong></span> <span class='ocrx_word' id='word_1_528' title='bbox 2244 4308 2596 4384; x_wconf 52' lang='lat' dir='ltr'><strong>opusculum</strong></span> <span class='ocrx_word' id='word_1_529' title='bbox 2629 4308 2715 4365; x_wconf 68' lang='lat' dir='ltr'><strong>De</strong></span> <span class='ocrx_word' id='word_1_530' title='bbox 2751 4307 2951 4367; x_wconf 55' lang='lat' dir='ltr'><em>D⁰l⁰r5</em></span> <span class='ocrx_word' id='word_1_531' title='bbox 2984 4305 3223 4363; x_wconf 57' lang='lat' dir='ltr'><strong><em>Memau</em></strong></span> 
     </span>
    </p>
   </div>
   <div class='ocr_carea' id='block_1_15' title="bbox 597 4394 3228 4559">
    <p class='ocr_par' dir='ltr' id='par_1_15' title="bbox 597 4394 3228 4559">
     <span class='ocr_line' id='line_1_90' title="bbox 598 4394 3223 4470; baseline -0.001 -17"><span class='ocrx_word' id='word_1_532' title='bbox 598 4401 655 4454; x_wconf 89' lang='lat' dir='ltr'><strong>P.</strong></span> <span class='ocrx_word' id='word_1_533' title='bbox 675 4402 879 4455; x_wconf 83' lang='lat' dir='ltr'><strong>Nouell</strong></span> <span class='ocrx_word' id='word_1_534' title='bbox 906 4401 1177 4470; x_wconf 80' lang='lat' dir='ltr'><strong>iuscripta</strong></span> <span class='ocrx_word' id='word_1_535' title='bbox 1194 4405 1362 4456; x_wconf 81' lang='lat' dir='ltr'><strong>Obras</strong></span> <span class='ocrx_word' id='word_1_536' title='bbox 1377 4406 1725 4470; x_wconf 77' lang='lat' dir='ltr'><strong>espirituales,</strong></span> <span class='ocrx_word' id='word_1_537' title='bbox 1754 4401 1884 4455; x_wconf 85' lang='lat' dir='ltr'><strong>Bar·</strong></span> <span class='ocrx_word' id='word_1_538' title='bbox 1942 4398 2003 4453; x_wconf 83' lang='lat' dir='ltr'><strong>di</strong></span> <span class='ocrx_word' id='word_1_539' title='bbox 2039 4394 2226 4454; x_wconf 70' lang='lat' dir='ltr'><strong>Crista</strong></span> <span class='ocrx_word' id='word_1_540' title='bbox 2257 4397 2415 4455; x_wconf 88' lang='lat' dir='ltr'><strong>nella</strong></span> <span class='ocrx_word' id='word_1_541' title='bbox 2462 4415 2569 4454; x_wconf 89' lang='lat' dir='ltr'><strong>sua</strong></span> <span class='ocrx_word' id='word_1_542' title='bbox 2612 4396 2906 4464; x_wconf 89' lang='lat' dir='ltr'><strong>Passione‚</strong></span> <span class='ocrx_word' id='word_1_543' title='bbox 2942 4395 3101 4469; x_wconf 88' lang='lat' dir='ltr'><strong>quod</strong></span> <span class='ocrx_word' id='word_1_544' title='bbox 3134 4398 3223 4451; x_wconf 88' lang='lat' dir='ltr'><strong>est</strong></span> 
     </span>
     <span class='ocr_line' id='line_1_91' title="bbox 597 4473 3228 4559; baseline 0 -36"><span class='ocrx_word' id='word_1_545' title='bbox 597 4473 797 4526; x_wconf 82' lang='lat' dir='ltr'><strong>cinone</strong></span> <span class='ocrx_word' id='word_1_546' title='bbox 812 4478 949 4530; x_wconf 84' lang='lat'>1885</span> <span class='ocrx_word' id='word_1_547' title='bbox 967 4476 1004 4526; x_wconf 79' lang='lat' dir='ltr'><strong>t.</strong></span> <span class='ocrx_word' id='word_1_548' title='bbox 1017 4478 1068 4538; x_wconf 89' lang='lat'><strong>3,</strong></span> <span class='ocrx_word' id='word_1_549' title='bbox 1083 4473 1230 4527; x_wconf 86' lang='lat' dir='ltr'><strong>inter</strong></span> <span class='ocrx_word' id='word_1_550' title='bbox 1246 4492 1391 4541; x_wconf 86' lang='lat' dir='ltr'><strong>quae</strong></span> <span class='ocrx_word' id='word_1_551' title='bbox 1409 4473 1884 4541; x_wconf 76' lang='lat' dir='ltr'><strong>autobiographia</strong></span> <span class='ocrx_word' id='word_1_552' title='bbox 1941 4486 1995 4542; x_wconf 52' lang='lat' dir='ltr'><strong>b·</strong></span> <span class='ocrx_word' id='word_1_553' title='bbox 2062 4485 2369 4558; x_wconf 58' lang='lat' dir='ltr'><strong>Baptjsfge</strong></span> <span class='ocrx_word' id='word_1_554' title='bbox 2431 4484 2477 4542; x_wconf 89' lang='lat' dir='ltr'><strong>V</strong></span> <span class='ocrx_word' id='word_1_555' title='bbox 2500 4504 2534 4541; x_wconf 70' lang='lat' dir='ltr'>a</span> <span class='ocrx_word' id='word_1_556' title='bbox 2559 4505 2587 4542; x_wconf 72' lang='lat' dir='ltr'>r</span> <span class='ocrx_word' id='word_1_557' title='bbox 2612 4504 2646 4543; x_wconf 67' lang='lat' dir='ltr'><strong>a</strong></span> <span class='ocrx_word' id='word_1_558' title='bbox 2671 4503 2710 4542; x_wconf 75' lang='lat' dir='ltr'><strong>n</strong></span> <span class='ocrx_word' id='word_1_559' title='bbox 2735 4484 2755 4541; x_wconf 77' lang='lat' dir='ltr'><strong>j</strong></span> <span class='ocrx_word' id='word_1_560' title='bbox 2834 4482 3228 4559; x_wconf 63' lang='lat' dir='ltr'><strong>princjpjggae</strong></span> 
     </span>
    </p>
   </div>
   <div class='ocr_carea' id='block_1_16' title="bbox 593 4542 1882 4614">
    <p class='ocr_par' dir='ltr' id='par_1_16' title="bbox 593 4542 1882 4614">
     <span class='ocr_line' id='line_1_92' title="bbox 593 4542 1882 4614; baseline 0.002 -20"><span class='ocrx_word' id='word_1_561' title='bbox 593 4542 755 4609; x_wconf 77' lang='lat' dir='ltr'><strong>jussu</strong></span> <span class='ocrx_word' id='word_1_562' title='bbox 782 4546 1135 4614; x_wconf 84' lang='lat' dir='ltr'><strong>superiorum</strong></span> <span class='ocrx_word' id='word_1_563' title='bbox 1162 4545 1514 4599; x_wconf 73' lang='lat' dir='ltr'><strong>concinnata,</strong></span> <span class='ocrx_word' id='word_1_564' title='bbox 1551 4544 1632 4597; x_wconf 86' lang='lat' dir='ltr'><strong>Cf.</strong></span> <span class='ocrx_word' id='word_1_565' title='bbox 1660 4543 1722 4597; x_wconf 84' lang='lat' dir='ltr'><strong>R.</strong></span> <span class='ocrx_word' id='word_1_566' title='bbox 1754 4543 1882 4597; x_wconf 83' lang='lat' dir='ltr'><strong>Gol-</strong></span> 
     </span>
    </p>
   </div>
   <div class='ocr_carea' id='block_1_17' title="bbox 597 4612 2015 4683">
    <p class='ocr_par' dir='ltr' id='par_1_17' title="bbox 597 4612 2015 4683">
     <span class='ocr_line' id='line_1_93' title="bbox 597 4612 2015 4683; baseline 0.004 -20"><span class='ocrx_word' id='word_1_567' title='bbox 597 4612 686 4666; x_wconf 88' lang='lat' dir='ltr'><strong>die</strong></span> <span class='ocrx_word' id='word_1_568' title='bbox 709 4614 764 4669; x_wconf 80' lang='lat' dir='ltr'><strong>S.</strong></span> <span class='ocrx_word' id='word_1_569' title='bbox 783 4618 832 4669; x_wconf 87' lang='lat' dir='ltr'><strong>J.</strong></span> <span class='ocrx_word' id='word_1_570' title='bbox 853 4616 969 4668; x_wconf 86' lang='lat' dir='ltr'><strong>The</strong></span> <span class='ocrx_word' id='word_1_571' title='bbox 992 4615 1112 4667; x_wconf 80' lang='lat' dir='ltr'><strong>Life</strong></span> <span class='ocrx_word' id='word_1_572' title='bbox 1129 4616 1280 4669; x_wconf 83' lang='lat' dir='ltr'><strong>ofSt.</strong></span> <span class='ocrx_word' id='word_1_573' title='bbox 1308 4617 1518 4669; x_wconf 87' lang='lat' dir='ltr'><strong>Alonso</strong></span> <span class='ocrx_word' id='word_1_574' title='bbox 1547 4615 1881 4683; x_wconf 85' lang='lat' dir='ltr'><strong>Rodriguez‚</strong></span> <span class='ocrx_word' id='word_1_575' title='bbox 1942 4625 2015 4629; x_wconf 78' lang='grc'>-</span> 
     </span>
    </p>
   </div>
   <div class='ocr_carea' id='block_1_18' title="bbox 598 4684 1879 4811">
    <p class='ocr_par' dir='ltr' id='par_1_18' title="bbox 598 4684 1879 4811">
     <span class='ocr_line' id='line_1_94' title="bbox 598 4684 1879 4811; baseline 0 -73"><span class='ocrx_word' id='word_1_576' title='bbox 598 4684 829 4811; x_wconf 49' lang='grc' dir='ltr'><strong>ξιιῖξεέοη</strong></span> <span class='ocrx_word' id='word_1_577' title='bbox 883 4688 1049 4757; x_wconf 84' lang='grc'>1889;</span> <span class='ocrx_word' id='word_1_578' title='bbox 1092 4686 1149 4740; x_wconf 89' lang='lat' dir='ltr'><strong>L.</strong></span> <span class='ocrx_word' id='word_1_579' title='bbox 1191 4687 1436 4740; x_wconf 84' lang='lat' dir='ltr'><strong>Schmitt</strong></span> <span class='ocrx_word' id='word_1_580' title='bbox 1475 4686 1528 4739; x_wconf 88' lang='lat' dir='ltr'><strong>S.</strong></span> <span class='ocrx_word' id='word_1_581' title='bbox 1570 4686 1617 4739; x_wconf 84' lang='lat' dir='ltr'><strong>J.</strong></span> <span class='ocrx_word' id='word_1_582' title='bbox 1662 4686 1772 4743; x_wconf 88' lang='lat' dir='ltr'><strong>KL.</strong></span> <span class='ocrx_word' id='word_1_583' title='bbox 1817 4687 1879 4750; x_wconf 84' lang='lat' dir='ltr'><strong>X,</strong></span> 
     </span>
    </p>
   </div>
   <div class='ocr_carea' id='block_1_19' title="bbox 2050 4626 2256 4633">
    <p class='ocr_par' dir='ltr' id='par_1_19' title="bbox 2050 4626 2256 4633">
     <span class='ocr_line' id='line_1_95' title="bbox 2050 4626 2256 4633; baseline 0 0"><span class='ocrx_word' id='word_1_584' title='bbox 2050 4626 2256 4633; x_wconf 95' lang='lat' dir='ltr'><strong> </strong></span> 
     </span>
    </p>
   </div>
   <div class='ocr_carea' id='block_1_20' title="bbox 1941 4656 3223 4831">
    <p class='ocr_par' dir='ltr' id='par_1_20' title="bbox 1941 4656 3223 4831">
     <span class='ocr_line' id='line_1_96' title="bbox 2019 4656 3223 4759; baseline 0.002 -18"><span class='ocrx_word' id='word_1_585' title='bbox 2019 4692 2169 4759; x_wconf 65' lang='lat' dir='ltr'><strong>¹)1ta</strong></span> <span class='ocrx_word' id='word_1_586' title='bbox 2195 4689 2333 4743; x_wconf 66' lang='lat' dir='ltr'><strong>snos</strong></span> <span class='ocrx_word' id='word_1_587' title='bbox 2376 4689 2519 4742; x_wconf 71' lang='lat' dir='ltr'><strong>fflst.</strong></span> <span class='ocrx_word' id='word_1_588' title='bbox 2560 4688 2686 4747; x_wconf 76' lang='lat' dir='ltr'><strong>cler,</strong></span> <span class='ocrx_word' id='word_1_589' title='bbox 2728 4706 2840 4757; x_wconf 79' lang='lat' dir='ltr'><strong>reg.</strong></span> <span class='ocrx_word' id='word_1_590' title='bbox 2883 4706 2936 4758; x_wconf 78' lang='lat' dir='ltr'><strong>p.</strong></span> <span class='ocrx_word' id='word_1_591' title='bbox 2968 4689 3046 4741; x_wconf 91' lang='lat'><strong>111</strong></span> <span class='ocrx_word' id='word_1_592' title='bbox 3090 4656 3223 4743; x_wconf 78' lang='lat' dir='ltr'><strong>i.12</strong></span> 
     </span>
     <span class='ocr_line' id='line_1_97' title="bbox 1941 4760 2601 4831; baseline -0.006 -14"><span class='ocrx_word' id='word_1_593' title='bbox 1941 4779 1995 4831; x_wconf 87' lang='lat' dir='ltr'><strong>p.</strong></span> <span class='ocrx_word' id='word_1_594' title='bbox 2023 4766 2127 4817; x_wconf 85' lang='grc'><strong>606</strong></span> <span class='ocrx_word' id='word_1_595' title='bbox 2154 4760 2416 4813; x_wconf 78' lang='lat' dir='ltr'><strong>Panormi</strong></span> <span class='ocrx_word' id='word_1_596' title='bbox 2446 4765 2601 4817; x_wconf 82' lang='lat'><strong>1666.</strong></span> 
     </span>
    </p>
   </div>
  </div>
 </body>
</html>
