3625 5193
400 244 511 297 173

390 412 650 470 sacerdos
684 413 837 470 clam
870 416 1154 471 nutantes
1186 411 1250 470 in
1271 412 1382 472 fide
1415 414 1659 473 catholi-

387 519 476 559 cos
509 500 880 560 confirmavit
913 519 981 560 eo
1011 501 1232 570 fructu,
1267 509 1339 561 ut
1373 504 1660 562 securita-

387 590 463 648 tis
483 590 678 666 gratia
692 589 1056 648 domicilium
1074 597 1311 649 mutare
1327 597 1657 668 cogeretur,

386 700 447 738 ac
505 678 747 737 demum
817 680 1039 738 iterum
1102 680 1317 756 Anglia
1378 681 1661 739 secedere.

387 769 708 842 Postquam
758 768 1108 826 Mechliniae
1158 786 1352 828 sacros
1403 770 1661 845 suscepit

384 857 614 915 ordines
647 860 711 914 et
742 856 1112 932 aliquamdiu
1159 857 1522 935 theologiam
1554 858 1659 916 do-

384 947 524 1014 cuit,
559 946 799 1003 Romam
832 950 926 1004 est
957 945 1275 1021 profectus.
1327 948 1473 1006 Post
1503 946 1659 1005 redi-

383 1041 511 1093 tum
543 1035 740 1108 coepit
789 1034 1109 1093 sollicitius
1152 1035 1413 1113 cogitare
1465 1037 1536 1094 de
1567 1056 1660 1095 re-

1407 226 1726 282 Guilelmus
1752 228 1989 282 Alanus.

2877 246 2995 298 174

1717 413 1805 470 dit
1837 414 1882 470 Ε
1899 433 1939 488 g
1954 433 1993 490 g
2011 409 2120 493 sl),
2154 415 2285 471 tum
2318 413 2481 471 illius
2514 415 2645 471 tum
2666 413 2854 472 nostri
2872 414 3000 472 aevi

1717 503 2035 577 scriptores
2086 501 2300 560 sinceri
2351 501 2598 560 summis
2631 501 2909 560 laudibus
2942 505 3005 561 et

1718 590 1931 649 merito
1982 593 2327 650 extulerunt
2371 595 2677 666 tamquam
2727 591 3001 649 christia-

1720 698 1833 738 nae
1894 680 2198 757 religionis
2264 680 2547 738 athletam
2609 680 2999 739 fortissimum

1716 768 1973 843 fideique
1988 769 2053 826 in
2070 768 2283 844 Anglia
2302 769 2577 845 clypeum
2597 768 2999 827 invincibilem

1717 861 1779 915 et
1812 857 1865 918 S.
1900 858 1963 920 R.
1997 858 2060 916 E.
2106 857 2371 933 sacrique
2417 858 2653 934 collegii
2698 858 2999 935 singulare

1717 945 1899 1004 decus
1931 950 2111 1021 atque
2141 950 2574 1005 ornamentum.
2622 947 2667 1003 Ε
2701 947 2997 1005 contrario

1717 1035 1910 1111 iniqui
1943 1054 1988 1094 s.
2020 1033 2230 1093 matris
2263 1035 2557 1094 Ecclesiae
2600 1036 2799 1093 hostes
2831 1035 2996 1093 fidei-

384 1122 701 1182 stauranda
731 1123 1022 1200 religione
1053 1124 1346 1183 catholica
1375 1125 1438 1183 in
1470 1125 1664 1201 patria
1717 1143 1834 1198 que
1865 1124 2059 1183 avitae
2080 1124 2409 1183 desertores
2430 1124 2662 1200 probris
2678 1125 2850 1182 illum
2872 1141 2997 1181 om-

383 1231 488 1271 sua
516 1212 766 1286 ideoque
811 1212 884 1270 de
933 1212 1325 1272 instituendis
1373 1214 1659 1290 collegiis,
1716 1213 1896 1272 nibus
1927 1217 2250 1271 onerarunt
2294 1213 2547 1287 odioque
2593 1213 2831 1286 capitali
2861 1232 2996 1287 pro-

378 1302 440 1359 in
472 1301 692 1376 quibus
716 1302 970 1376 juvenes
991 1301 1153 1378 angli
1173 1303 1247 1360 ad
1267 1302 1662 1362 sacerdotium
1719 1303 1908 1360 secuti
1940 1305 2137 1361 sunt.⁴1
2177 1302 2301 1361 Hoc
2332 1302 2388 1360 ei
2423 1302 2685 1378 positum
2705 1305 2798 1360 est
2812 1301 2998 1376 epita-

379 1408 716 1463 munusque
738 1390 1129 1466 apostolicum
1149 1391 1215 1450 in
1235 1410 1303 1449 ea
1322 1392 1662 1451 obeundum
1719 1390 1930 1465 phium
1977 1392 2042 1449 in
2092 1391 2327 1468 collegii
2359 1392 2691 1467 Anglorum
2737 1389 2996 1460 ecclesia,

379 1479 701 1555 diligenter
778 1478 1258 1551 instituerentur,
1322 1480 1496 1539 nixus
1557 1481 1663 1539 illo
1718 1480 1783 1539 in
1814 1499 1932 1556 qua
1964 1481 2092 1556 ejus
2126 1498 2338 1555 corpus
2372 1480 2716 1554 requiescit:

377 1568 586 1643 adagio
635 1567 928 1643 ,Oportet
961 1568 1207 1628 meliora
1238 1575 1509 1645 tempora
1540 1588 1661 1627 non

377 1661 738 1731 exspectare,
752 1656 856 1714 sed
865 1656 1069 1715 facere.
1085 1665 1112 1694 ‘
1149 1658 1387 1717 Celebre
1409 1658 1526 1717 fuit
1544 1660 1661 1717 col·

376 1746 619 1822 legium,
666 1745 825 1820 quod
871 1746 1146 1805 instituit
1194 1743 1421 1828 (1568)
1459 1749 1658 1818 Duaci‚

375 1834 511 1892 inde
542 1834 795 1893 Rhemos
826 1835 901 1892 ob
921 1835 1132 1893 turbas
1147 1835 1387 1895 bellicas
1402 1837 1659 1894 transla-

373 1928 524 1992 tum,
559 1922 729 1998 cujus
751 1924 887 1998 plus
914 1942 1093 1998 quam
1122 1930 1434 2000 paternam
1462 1944 1663 1983 curam

374 2023 558 2087 atque
592 2012 1057 2070 sollicitudinem
1092 2013 1387 2091 habuitl).
1440 2012 1566 2082 Quo
1599 2015 1661 2071 in

374 2100 627 2159 consilio
674 2119 810 2158 eum
856 2103 1091 2178 egregie
1131 2103 1298 2177 juvit
1346 2103 1662 2178 Gregorius

373 2190 531 2246 XIII.
566 2189 678 2248 Pro
695 2189 847 2248 bono
867 2190 1175 2266 religionis
1189 2192 1413 2266 majora
1432 2210 1662 2268 semper

2089 1570 2207 1627 Deo
2241 1569 2398 1627 trino
2429 1573 2489 1627 et
2519 1570 2640 1627 uni.

2106 1658 2401 1717 Guilelmo
2435 1659 2624 1715 Alano

2137 1747 2575 1806 Lancastriensi

1874 1836 1924 1896 S.
1962 1838 2026 1898 R.
2060 1837 2122 1899 E.
2157 1837 2345 1894 PraeS.
2380 1835 2543 1894 Oard.
2577 1836 2844 1911 Angliae,

2009 1925 2123 1994 Qui
2156 1924 2406 1983 extorris
2437 1944 2471 1982 a
2502 1925 2697 2000 patria

1838 2014 2191 2073 Perfunctus
2225 2014 2531 2072 laboribus
2564 2013 2886 2080 diuturnis,

1868 2102 1938 2160 In
1956 2091 2292 2161 ‘orthodoxa
2322 2102 2608 2177 religione
2637 2103 2864 2161 tuenda

1839 2191 2169 2249 Sudoribus
2201 2191 2428 2260 multiS,
2464 2191 2527 2248 in
2560 2191 2891 2249 seminariis

373 2279 646 2354 cogitans
680 2283 742 2337 et
774 2296 955 2354 agens
988 2284 1207 2356 rogatu
1241 2280 1500 2356 Philippi
1521 2280 1594 2338 11.
1628 2300 1661 2338 a
1715 2280 1806 2338 Ad
1834 2281 2084 2339 salutem
2112 2280 2336 2355 patriae
2356 2279 2761 2349 instituendi&
2796 2280 2995 2337 foven-

372 2367 541 2425 Sixto
561 2366 624 2424 V.
647 2386 918 2443 purpura
937 2367 1055 2426 fuit
1075 2368 1389 2427 decoratus
1409 2365 1514 2450 (15
1527 2379 1560 2431 8
1573 2365 1655 2448 7);

371 2463 430 2513 et
465 2457 606 2514 licet
641 2456 1116 2532 archiepiscopus
1139 2457 1556 2516 mechlinensis
1577 2458 1658 2515 sit

369 2545 572 2603 dictus
609 2541 856 2627 (1589),
903 2565 1216 2622 nunquam
1264 2549 1463 2605 tamen
1495 2547 1657 2606 dioe-

369 2635 555 2692 cesim
607 2634 776 2704 adiit,
828 2654 1020 2709 neque
1071 2655 1105 2693 a
1150 2635 1287 2694 sede
1332 2636 1658 2711 apostolica

368 2725 501 2799 ipse
533 2723 652 2781 fuit
685 2723 1081 2793 confirmatus,
1116 2746 1149 2782 a
1179 2741 1425 2783 romano
1456 2726 1653 2800 ponti-

368 2814 480 2870 fice
529 2830 764 2888 semper
812 2831 918 2887 pro
963 2813 1319 2872 universalis
1365 2814 1656 2872 Ecclesiae

367 2901 635 2977 negotiis
686 2901 1008 2960 adhibitus·
1072 2904 1126 2960 A
1177 2902 1455 2979 Gregorio
1505 2902 1653 2962 XIV.

367 2992 497 3048 loco
531 2989 781 3048 Antonii
802 2990 1130 3050 cardinalis
1151 2990 1404 3050 Caraffae
1423 2991 1651 3051 demor-

367 3079 466 3137 tui
500 3077 994 3138 bibliothecarius
1044 3079 1410 3154 apostolicus
1460 3079 1651 3138 decla-

365 3172 562 3233 ratae,
597 3167 670 3225 ad
704 3167 1181 3227 reformationem
1213 3168 1489 3227 editionis
1522 3170 1652 3227 vul-

1993 2369 2101 2439 dis,
2134 2368 2415 2444 periculis
2449 2368 2724 2442 plurimis

1858 2458 1947 2516 Ob
1978 2458 2163 2516 Eccle.
2200 2459 2360 2517 Rom.
2394 2476 2583 2532 opere,
2620 2457 2878 2534 scriptiS,

1760 2546 1935 2606 Omni
1966 2547 2227 2623 corporis
2258 2550 2319 2607 et
2352 2547 2534 2605 animi
2569 2546 2942 2605 contentione

1877 2636 2207 2707 Defensam,
2242 2637 2335 2694 hic
2368 2637 2430 2693 in
2463 2636 2589 2712 ejus
2622 2636 2843 2712 gremio

1863 2725 2171 2794 Scientiae,
2208 2725 2465 2800 pietatis,
2502 2724 2842 2795 modestiae,

1758 2814 2135 2891 Integritatis
2168 2815 2323 2872 fama
2353 2817 2414 2872 et
2446 2814 2714 2888 exemplo
2748 2815 2961 2882 clarus,

1832 2905 1914 2960 Ac
1946 2904 2060 2978 piis
2098 2903 2374 2962 omnibus
2408 2921 2577 2961 carus
2613 2903 2891 2961 occubuit

1925 2993 2105 3051 xV11.
2140 2993 2266 3050 KaL
2301 2992 2585 3050 Novemb.
2618 3010 2772 3050 anno

1874 3082 2104 3140 Aetatis
2139 3081 2341 3149 LXIII,
2377 3081 2538 3138 exilii
2574 3080 2832 3140 XXXIII.

1847 3169 2071 3228 Salutis
2103 3169 2397 3228 humanae
2430 3167 2717 3227 MDXCIV
2750 3174 2857 3226 etc.

363 3260 546 3332 gatae
580 3256 1131 3315 bibliorumaSixto
1148 3256 1215 3318 V.
1233 3262 1500 3333 coeptam
1519 3276 1653 3315 cum
1715 3257 1871 3316 Haeo
1901 3260 2130 3333 potiora
2162 3258 2427 3333 ejusdem
2462 3258 2707 3333 scripta:
2762 3260 2994 3315 Certain

364 3344 670 3403 cardinali
702 3345 987 3403 Columna
1016 3345 1341 3421 deputatus
1375 3352 1435 3404 et
1460 3348 1584 3421 jam
1621 3367 1655 3404 a
1713 3347 1895 3421 Brief
1914 3348 2172 3407 Reasons
2203 3347 2559 3423 concerning
2590 3347 2690 3404 the
2723 3346 2994 3405 Catholik

365 3433 654 3510 Gregorio
670 3433 824 3498 XIII.
847 3433 1231 3493 missionibus
1253 3454 1360 3510 per
1372 3434 1652 3512 Angliam
1710 3436 1902 3507 Faith,
1935 3437 2119 3495 Duaci
2159 3448 2184 3499 1
2204 3446 2361 3505 5643
2396 3436 2449 3493 A
2474 3436 2718 3507 Defense
2737 3436 2857 3492 and
2878 3434 2989 3492 De-

363 3530 463 3581 est
496 3522 850 3597 praefectus.
912 3524 1155 3598 ,Hujus
1196 3524 1310 3583 viri
1343 3530 1651 3600 praestan·
1708 3526 1993 3584 claration
2043 3525 2108 3584 of
2150 3525 2252 3582 the
2304 3524 2651 3597 Catholique
2700 3522 2993 3581 Churches

362 3612 589 3670 tissimi
620 3612 872 3681 obitum,
921 3613 1135 3670 scribit
1181 3612 1418 3671 Pitseus
1462 3613 1535 3671 de
1566 3613 1649 3675 ill.
1709 3614 1991 3673 Doctrine
2012 3614 2301 3689 touching
2322 3613 2655 3689 Purgatory
2677 3611 2788 3668 and
2807 3612 2992 3687 Pray-

365 3701 622 3776 Angliae
670 3701 889 3776 script„
943 3704 1241 3776 quotquot
1291 3701 1428 3760 fidei.
1477 3720 1653 3760 causa
1709 3721 1801 3761 ers
1851 3702 1944 3761 for
1989 3703 2092 3761 the
2126 3702 2333 3760 Soules
2376 3700 2675 3777 departed,
2720 3702 2993 3760 Antwer-

365 3789 1344 3865 persecutionempatimur,adhuc
1361 3791 1649 3867 lugemuS,
1709 3791 1844 3867 piae
1884 3802 2047 3855 1565
2084 3792 2148 3849 in
2184 3800 2255 3860 83
2323 3792 2379 3848 A
2420 3792 2673 3848 Treatise
2718 3791 2884 3848 made
2930 3792 2995 3849 in

366 3886 427 3936 et
489 3883 800 3953 tamquam
860 3878 1112 3953 orphani
1171 3879 1421 3955 periisse
1484 3880 1652 3938 nobis
1713 3880 1951 3953 Defensa
2003 3876 2075 3958 of
2099 3882 2188 3938 the
2219 3881 2454 3954 Lawf'ul
2487 3880 2687 3937 Power
2718 3881 2837 3937 and
2869 3880 2993 3937 Au-

365 3985 734 4026 communem
783 3974 1089 4043 parentem
1137 3968 1325 4045 magis
1369 3987 1434 4026 ac
1466 3968 1653 4045 magis
1708 3969 1941 4029 thoritie
1971 3968 2404 4027 ofPreesthood
2426 3973 2488 4027 to
2510 3968 2745 4026 remitte
2767 3968 2993 4025 sinnes:

364 4056 427 4113 in
461 4056 589 4114 dies
621 4056 1013 4131 experimu1·.‘
1053 4057 1270 4125 ,Hunc
1296 4076 1514 4127 omneS,
1550 4058 1651 4115 ad·
1710 4058 1786 4116 Of
1812 4058 1917 4117 the
1950 4058 2211 4134 People's
2259 4057 2457 4115 duetie
2504 4058 2596 4115 sor
2626 4056 2996 4115 confessienn

1709 4147 1774 4204 of
1788 4147 1950 4205 their
1968 4148 2169 4206 sinnes
2191 4150 2253 4204 to
2275 4146 2466 4205 Godes
2486 4145 2825 4204 ministers:
2863 4145 2995 4202 And

1708 4235 1773 4294 of
1797 4236 1903 4294 the
1935 4236 2234 4294 Ohurches
2284 4235 2595 4311 meaninge
2637 4235 2994 4310 concerning

448 4289 481 4346 ¹)
511 4280 594 4335 Cf.
622 4280 692 4333 de
719 4280 825 4333 hoc
852 4279 1156 4334 seminario
1173 4284 1488 4349 martyrum
1507 4283 1651 4349 (160)

365 4355 428 4403 et
483 4353 743 4406 virorum
793 4351 1243 4421 apostolicorum
1287 4352 1428 4405 adeo
1480 4352 1651 4405 feraci

366 4421 484 4476 The
511 4424 633 4476 first
658 4423 772 4477 and
800 4423 1007 4477 second
1051 4422 1259 4477 diaries
1299 4423 1364 4476 of
1399 4423 1492 4476 the
1520 4440 1632 4492 eng
1789 4426 1823 4491 ¹)
1857 4422 1970 4474 Pur
2014 4439 2118 4476 ura
2159 4421 2383 4478 doc-tal.
2413 4426 2461 4476 5.
2490 4440 2545 4475 n.
2573 4424 2660 4477 46.
2725 4419 2806 4473 Cf.
2835 4437 2993 4489 prae-

367 4492 480 4546 liah
508 4494 725 4564 college
763 4494 966 4562 Douay
1004 4495 1118 4548 and
1159 4512 1232 4548 an
1274 4493 1562 4564 appendix
1593 4495 1657 4548 of
1709 4499 1865 4547 terea.
1892 4442 2102 4546 Gilpow
2132 4499 2178 4555 1,
2208 4497 2445 4557 14—243
2472 4493 2533 4545 in
2564 4490 2761 4561 primis
2787 4490 2991 4543 Belles-

368 4582 489 4635 unp
493 4564 756 4619 ublished
785 4565 1119 4618 documents
1150 4569 1273 4647 (67),
1316 4582 1458 4634 opus
1498 4582 1531 4617 a
1560 4582 1652 4635 pa·
1707 4564 1861 4618 heim
1924 4580 2015 4634 op.
2076 4563 2292 4632 insigni
2342 4539 2515 4618 Wilh.
2580 4563 2740 4616 Card.
2806 4561 2994 4625 Alleri,

365 4636 548 4689 tribus
576 4635 936 4691 londinensis
964 4636 1210 4691 Oratorii
1254 4636 1473 4690 editum
1496 4640 1652 4702 1878,
1707 4635 1893 4688 Majnz
1922 4639 2090 4695 1885:
2132 4636 2245 4691 Jos.
2274 4633 2504 4688 Schmid
2529 4634 2663 4686 hist.
2688 4633 2885 4686 Jahrb.
2913 4632 2991 4684 Vl

367 4707 439 4760 de
453 4725 563 4776 quo
576 4709 646 4764 cf.
659 4707 999 4762 Bellesheim
1012 4708 1141 4762 hist.
1148 4708 1282 4777 —.pol
1295 4707 1379 4760 Bl.
1385 4707 1651 4767 LXXXII
1710 4704 2625 4778 (1885)‚46·2—481;Bud‹10nsieg
2646 4703 2992 4765 Realenc.1³,

365 4781 439 4833 39
467 4796 532 4831 sa.
1708 4782 1974 4835 371—74.
