3625 5193
434 312 459 363 1
478 309 599 364 057
903 291 1245 356 Dominicus,
1272 291 1428 357 Pina,
1457 291 1686 346 Chirino
1713 293 1783 346 de
1811 292 1939 358 Sal„
1969 293 2229 356 Arcones,
2256 292 2437 346 Baeza
2461 293 2564 347 etc.
2884 312 3048 366 1053

426 478 677 537 Esthere
722 478 1104 537 adumbratae
1149 478 1586 554 praedicantur,
1633 479 1714 541 ib.
1769 479 1964 554 palem
2004 479 2433 550 malacitanam,
2486 478 2624 536 dein
2665 478 3049 554 archiepisco-

434 577 630 637 16483
684 585 887 627 omnes
922 566 1101 625 simul
1134 566 1413 643 Lugduni
1454 576 1712 630 1652-
1767 568 1956 643 palem
1988 568 2397 643 ciarquensem
2430 585 2773 643 promovere
2820 568 3050 626 niteba-

428 666 509 717 64
545 676 596 714 v,
635 667 668 718 6
704 656 765 714 in
796 656 868 726 f.;
919 658 982 713 in
1013 656 1305 715 Deboram
1339 652 1513 738 (opus
1545 660 1709 733 post·
1764 661 1883 728 tur,
1918 656 2020 716 sed
2053 659 2394 716 constanter
2424 656 2648 716 restitit
2668 656 2762 714 vir
2790 675 2927 715 vere
2959 677 3050 715 re-

423 740 715 826 humum),
750 745 827 803 ib.
869 754 1034 808 1673
1068 745 1130 802 in
1161 745 1199 801 f.
1763 746 2029 823 ligiosus.
2064 746 2267 805 Sacras
2287 747 2489 804 literas
2512 746 2941 821 interpretatus
2960 751 3051 805 est

1773 844 1847 898 12
1883 854 2068 895 annos
2112 835 2385 905 Murciae,
2439 834 2756 909 compluti,
2804 835 3050 900 Matriti.

516 934 661 986 451.
694 924 779 982 De
826 925 1115 999 mysteriis
1158 925 1515 981 cantieorum
1565 923 1705 982 scri·
1763 925 1855 982 Ad
1915 925 2218 983 meliorem
2279 924 2467 983 vitam
2526 923 2771 981 transiit
2815 932 2873 984 4.
2924 924 3047 983 Oct.

422 1012 545 1088 psit
565 1012 908 1089 Alphonsus
927 1011 1341 1071 Dominicus
1364 1012 1426 1071 O.
1450 1030 1523 1071 ss.
1546 1012 1705 1071 Trin.
1772 1023 1957 1076 1646.
1988 1046 2077 1058 —
2109 1014 2301 1072 Isaiae
2332 1011 2690 1071 illustrando
2723 1012 3050 1072 incubuere

421 1100 559 1160 Red.
595 1102 755 1178 Capt.
803 1102 1018 1160 Romae
1058 1110 1220 1164 1647
1270 1101 1335 1159 in
1367 1111 1422 1165 8.
1459 1135 1543 1146 —-
1578 1102 1704 1161 Sal·
1764 1102 1998 1161 Gabriel
2026 1099 2352 1161 Alvarez
2386 1103 2440 1160 S.
2472 1102 2530 1160 J.
2577 1101 2954 1175 Oropesanus
2989 1097 3050 1184 (†

422 1195 595 1249 vator
639 1190 726 1248 de
773 1191 970 1249 Leon
1003 1191 1054 1251 S.
1089 1190 1143 1252 J.
1191 1189 1497 1261 Murciani,
1538 1199 1615 1252 26
1656 1210 1705 1249 a.
1773 1200 1935 1255 1645
1957 1191 2328 1268 octogenario
2346 1187 2557 1271 major)
2575 1188 3049 1267 Lugdunil621.

424 1279 763 1355 Scripturae
795 1279 1142 1355 interpretis
1165 1274 1225 1359 (†
1252 1279 1464 1342 l.Jun.
1491 1276 1705 1360 1649),
1773 1289 1937 1343 1623
1973 1285 2015 1339 t.
2053 1290 2110 1341 2.
2145 1280 2210 1338 in
2241 1280 2279 1337 f.
2326 1284 2387 1338 et
2419 1280 2684 1338 Andreas
2729 1279 2921 1338 Lucas
2962 1281 3049 1339 de

421 1372 511 1427 est
529 1365 834 1442 Expositio
867 1376 917 1427 et
949 1370 1261 1427 illustratio
1284 1363 1429 1450 (non
1454 1369 1706 1444 comple·
1762 1371 2104 1429 Arcones
2139 1369 2193 1427 S.
2210 1369 2264 1427 J.
2288 1368 2689 1438 GranatensiS,
2722 1369 2828 1442 qui
2861 1388 3049 1429 annos

419 1453 507 1540 ta)
541 1458 606 1516 in
625 1457 1107 1533 Ecclesiastieum,
1131 1459 1509 1534 Antwerpiae
1542 1467 1701 1519 1640
1765 1466 1845 1522 30
1882 1459 2162 1518 lectiones
2206 1458 2279 1516 de
2314 1476 2359 1516 e.
2393 1457 2697 1534 Scriptura
2741 1458 2812 1514 ad
2858 1477 3049 1533 popu-

419 1547 484 1606 in
514 1547 550 1604 f.
587 1581 673 1590 —
702 1547 773 1604 In
803 1547 998 1604 solum
1032 1564 1077 1606 c.
1104 1556 1203 1608 24.
1235 1548 1706 1605 commentarium
1762 1547 1886 1605 lum
1922 1547 2132 1606 habuit
2161 1541 2222 1630 (†
2245 1556 2342 1610 26.
2366 1549 2514 1624 Aug.
2546 1541 2758 1626 1658),
2792 1566 3047 1622 quarum

420 1637 717 1711 literalem,
747 1637 1162 1711 paneqyrieum
1194 1644 1243 1694 et
1264 1637 1537 1694 moralem
1558 1636 1700 1694 scri·
1760 1654 1897 1711 pars
1929 1637 2273 1696 continetur
2314 1637 2374 1694 in
2418 1653 2623 1711 opere:
2671 1633 2867 1693 Isaiae
2902 1653 3045 1710 pro-

419 1726 540 1800 psit
572 1725 918 1799 Alphonsus
962 1725 1048 1782 de
1094 1725 1138 1782 F
1153 1725 1357 1785 lores
1392 1725 1449 1788 S.
1480 1725 1555 1794 J.‚
1604 1725 1703 1783 de·
1759 1726 1958 1800 phetae
1999 1726 2337 1785 dilucidatio
2387 1726 2658 1799 lim-alis,
2713 1725 2948 1800 mystica
2996 1726 3060 1783 et‘

420 1814 627 1872 cennio
660 1832 703 1875 s,
726 1813 1065 1887 Scripturae
1088 1814 1381 1889 interpres
1403 1814 1706 1873 Cordubae
1760 1816 2001 1873 moralis
2019 1818 2301 1874 exornata
2332 1813 2712 1872 discursuum
2735 1814 3042 1883 varietate,

421 1908 482 1960 et
528 1902 759 1977 Hispali
806 1900 866 1981 (†
922 1911 1013 1963 14.
1064 1903 1195 1961 Dec.
1251 1898 1472 1983 1660),
1533 1904 1703 1977 cujus
1761 1903 2042 1981 Lugduni
2083 1913 2243 1966 1642
2279 1923 2335 1965 V.
2371 1911 2403 1963 2
2441 1902 2504 1961 in
2535 1903 2573 1960 f.
2606 1936 2695 1946 —
2726 1901 2801 1960 In
2830 1902 3047 1962 Jonam

421 1990 600 2049 etiam
633 1994 725 2049 est
744 1991 813 2048 de
843 1991 1037 2049 inclito
1069 2009 1244 2068 ayone
1266 1994 1540 2066 martyrii
1558 2010 1705 2067 opus
1752 1994 2096 2067 prophetam
2116 1993 2550 2051 commentarios
2568 1992 2819 2049 literales
2849 1999 2900 2049 et
2921 2010 3038 2050 mo-

420 2097 622 2138 recens
668 2082 728 2138 et
761 2080 1009 2150 varium,
1056 2079 1304 2156 Neapoli
1349 2090 1545 2151 1648;
1598 2080 1701 2139 Co·
1760 2082 1916 2140 rales
1945 2081 2133 2139 edidit
2163 2081 2512 2138 Franciscus
2555 2079 2866 2138 Salinas
2901 2080 2957 2138 S.
2989 2081 3044 2139 J.

420 2169 607 2228 Ioniae
647 2178 809 2231 1735
847 2168 912 2227 in
943 2169 981 2229 f.
1012 2202 1082 2214 -
1125 2170 1384 2228 Joannes
1417 2169 1498 2227 de
1533 2169 1706 2227 Pina
1762 2169 2162 2238 Navarrensis‚
2211 2167 2490 2245 Lugduni
2543 2177 2725 2231 1652.
2781 2178 2943 2231 1655
2991 2189 3046 2227 v.

420 2257 475 2319 S.
507 2257 563 2315 J.
595 2258 975 2327 MatritensiS,
1023 2258 1169 2317 adeo
1199 2258 1262 2316 in
1309 2260 1543 2332 patrum
1592 2259 1704 2316 lec·
1765 2267 1798 2319 2
1835 2258 1896 2315 in
1938 2259 1977 2315 f.

421 2348 582 2406 tion'e
615 2346 892 2405 assiduus
925 2349 986 2405 et
1017 2346 1283 2423 diligens,
1318 2352 1390 2406 ut
1414 2347 1704 2422 excerptis

421 2437 545 2495 suis
579 2455 756 2510 supra
793 2445 914 2499 100
949 2439 1140 2495 tomos
1178 2446 1300 2499 500
1330 2456 1461 2513 pag.
1495 2437 1701 2513 singu·
1854 2444 1996 2500 452.
2029 2435 2105 2494 In
2135 2436 2514 2512 evanqelieam
2542 2435 2846 2493 historiam
2867 2435 3043 2496 uber·

418 2525 507 2585 los
528 2524 844 2601 repleverit
858 2524 938 2602 (n.
964 2533 1149 2596 1582,
1171 2523 1207 2592 †
1227 2535 1324 2588 29.
1341 2525 1381 2583 J
1382 2526 1466 2589 ul.
1491 2533 1609 2588 165
1623 2520 1701 2605 7),
1759 2525 1910 2583 rima
1952 2524 2373 2584 commentaria
2416 2524 2660 2583 moralia
2710 2525 3046 2599 composuit

417 2615 667 2689 reliquit
700 2614 761 2671 in
806 2614 978 2672 illum
1008 2615 1046 2672 l.
1085 2617 1628 2673 commentariorum
1657 2618 1701 2672 t.
1757 2614 2010 2692 insignis
2041 2615 2413 2674 ecclesiastes
2434 2613 2690 2675 Didacus
2723 2612 2795 2671 de
2821 2614 3047 2673 Baeza

423 2714 456 2766 5
493 2704 557 2761 in
586 2703 625 2760 f.
658 2702 941 2778 Lugduni
983 2712 1437 2776 1630—1648,
1487 2722 1638 2779 quae
1671 2723 1704 2761 a
1761 2704 1815 2761 S.
1849 2704 1905 2764 J.
1953 2700 2037 2785 (n.
2067 2712 2250 2773 1582,
2283 2700 2319 2769 †
2358 2705 2627 2778 15.Aug.
2669 2697 2861 2782 1647)
2907 2706 2951 2761 t.
2987 2714 3043 2775 4,

418 2792 679 2851 Feller
723 2790 1023 2869 indigesta
1071 2792 1551 2852 testimoniorum
1599 2812 1700 2867 pa·
1758 2811 2017 2868 quorum
2061 2793 2291 2867 primus
2336 2793 2576 2868 exponit
2615 2791 2670 2849 b.
2703 2791 2940 2864 Mariae,
2989 2793 3045 2852 d.

418 2884 581 2939 trum
614 2880 796 2939 moles
825 2880 1124 2940 dicuntur.
1167 2915 1255 2924 —
1293 2881 1702 2940 Ferdinandus
1759 2881 2004 2957 Josephi
2038 2885 2099 2939 et
2131 2882 2344 2940 Christi
2382 2881 2617 2940 Domini
2657 2880 2955 2956 magnalia
2988 2886 3050 2940 et

421 2968 703 3037 Quirinus
750 2965 1040 3052 (Chirino)
1092 2971 1176 3029 de
1210 2970 1525 3029 Salazar
1558 2970 1611 3028 S.
1647 2970 1700 3028 J.
1758 2972 2079 3029 tractatum
2102 2969 2544 3045 comprehendit
2582 2970 2653 3029 de
2675 2969 3048 3041 eucharistia,

418 3058 772 3116 Conchensis
820 3058 1133 3123 Proverbia
1177 3060 1474 3134 exposuit,
1523 3078 1703 3134 quam
1760 3060 1833 3119 de
1883 3059 2113 3135 Spiritu
2146 3077 2195 3121 s.
2227 3063 2287 3117 et
2335 3058 2406 3116 de
2440 3059 2748 3129 Trinitate,
2794 3058 3048 3119 Valliso·

419 3146 847 3223 expositionem
871 3143 1141 3229 (Parisiis
1170 3158 1354 3210 1619.
1385 3157 1541 3210 1621
1585 3167 1639 3209 v.
1665 3156 1697 3208 2
1760 3149 1869 3206 leti
1909 3157 2073 3210 1623
2110 3148 2170 3206 in
2194 3148 2263 3217 f.;
2307 3156 2468 3209 1626
2498 3169 2511 3216 ,ε
2549 3156 2749 3217 1628;
2786 3147 3049 3207 Venetiis

417 3237 479 3293 in
509 3236 580 3307 f.;
641 3244 801 3298 1625
840 3238 901 3294 et
931 3232 1098 3318 alibi)
1134 3236 1305 3296 Mich.
1337 3257 1372 3295 a
1403 3255 1448 3295 s,
1483 3236 1703 3313 Joseph
1772 3245 1965 3306 1628;
2024 3245 2077 3298 2.
2112 3236 2376 3295 continet
2419 3236 2760 3295 vocationes
2807 3239 2870 3293 et
2913 3255 3050 3295 con-

417 3324 921 3384 accuratissimam
953 3328 1153 3396 vocat3
1189 3329 1249 3384 et
1281 3326 1353 3384 de
1384 3345 1504 3401 qua
1535 3326 1702 3387 Corn.
1760 3326 2059 3384 versiones
2108 3346 2141 3383 a
2188 3326 2251 3383 D.
2303 3325 2450 3383 Jesu
2500 3326 2795 3399 peractas,
2851 3324 3050 3384 omnia

418 3434 452 3471 a
481 3413 700 3489 Lapide
734 3413 800 3470 in
830 3433 938 3472 sua
969 3415 1149 3490 praef.
1182 3415 1270 3473 ita
1301 3414 1506 3474 habet:
1547 3414 1705 3483 ,Sed
1760 3415 1926 3472 illius
1958 3415 2243 3472 miracula
2268 3416 2328 3471 et
2358 3413 2682 3472 nobiliores
2705 3413 3047 3487 prophetias

417 3503 552 3578 post
598 3520 802 3561 omnes
853 3506 914 3561 et
958 3522 1097 3579 prae
1146 3504 1419 3562 omnibus
1464 3503 1594 3561 fuse
1644 3506 1705 3561 et
1759 3504 2127 3580 adimpletas,
2178 3501 2509 3561 Vallisoleti
2559 3509 2757 3570 16273
2810 3502 3049 3561 Parisiis

418 3591 648 3650 erudite
682 3587 976 3674 (scripsit)
1008 3596 1212 3651 noster
1237 3592 1295 3650 F.
1330 3613 1364 3651 a
1396 3593 1700 3662 Salazar,
1770 3600 1962 3662 16273
2019 3601 2074 3653 3.
2122 3592 2388 3650 continet
2435 3589 2775 3667 prophetias
2824 3609 2858 3647 a
2901 3590 3047 3649 Jesu

417 3681 520 3754 qui
552 3680 804 3737 multam
835 3699 956 3738 non
988 3682 1180 3739 solum
1213 3699 1454 3750 sacram,
1509 3680 1612 3740 sed
1644 3683 1705 3738 et
1759 3681 1953 3739 dictas
1973 3683 2033 3739 et
2053 3680 2318 3739 nondum
2341 3680 2706 3755 adimpletae,
2723 3678 3047 3738 nobiliores

417 3768 720 3843 profanam
754 3769 1153 3828 eruditionem
1203 3770 1486 3839 continet,
1531 3787 1597 3828 ac
1631 3770 1700 3827 li-
1759 3772 1889 3845 ejus
1923 3787 2219 3828 sermones
2261 3773 2319 3827 et
2353 3770 2416 3827 in
2446 3769 2568 3826 illis
2611 3767 2935 3842 apertiores
2968 3768 3047 3826 si·

417 3855 682 3915 beralius
715 3857 786 3913 ad
819 3861 1138 3933 conceptus
1170 3859 1468 3935 elegantes
1500 3864 1559 3917 et
1579 3878 1702 3917 mo·
1759 3851 2148 3928 militudineS,
2185 3858 2514 3916 Vallisoleti
2557 3865 2753 3926 1628;
2801 3856 3047 3916 Parisiis

416 3945 570 4003 rales
603 3945 787 4003 etiam
823 3966 857 4004 a
887 3946 1215 4022 gentilibus
1252 3948 1469 4022 petitos
1505 3948 1700 4023 digre-
1768 3957 1967 4017 16293
2003 3958 2059 4009 4.
2080 3947 2347 4006 continet
2367 3947 2672 4022 parabolas
2692 3949 2753 4003 et
2774 3946 3047 4006 historias

418 4034 643 4093 ditur.‘
681 4033 978 4093 Canticum
997 4037 1353 4093 cantieorum
1378 4036 1703 4095 Salomonis
1760 4037 2045 4095 adductas
2075 4056 2109 4094 a
2140 4036 2285 4094 Jesu
2329 4038 2390 4093 et
2436 4036 2565 4111 ejus
2612 4033 3047 4109 disputationes

417 4122 726 4200 allegorico
774 4142 918 4183 sono
956 4127 1017 4182 et
1063 4124 1406 4199 prophetica
1450 4125 1702 4200 mystica
1758 4130 1821 4184 et
1853 4144 1951 4184 sex
1999 4125 2305 4184 conciones
2351 4124 2422 4182 de
2465 4124 2833 4192 antichristo,
2881 4125 3043 4200 Lug-

417 4210 859 4288 hypermystica
908 4213 1272 4288 expositione
1321 4213 1699 4288 productum,
1759 4214 1905 4272 duni
1944 4223 2105 4276 1624
2140 4209 2251 4295 (‘?);
2293 4220 2449 4276 1631
2491 4213 2553 4270 in
2590 4222 2647 4272 4.
2684 4210 2932 4269 Addidit
2953 4211 3043 4268 his

418 4299 695 4375 Lugduni
733 4311 896 4363 1642
937 4321 987 4360 v.
1026 4311 1061 4364 2
1096 4303 1160 4360 in
1191 4303 1262 4373 f.;
1314 4303 1379 4361 in
1414 4302 1700 4360 Ecclesia·
1757 4304 2174 4361 commentaria
2221 4302 2535 4379 allegorica
2585 4304 2646 4358 et
2689 4298 2933 4359 moralia
2977 4299 3046 4356 de

418 4393 541 4446 sten
560 4387 796 4447 Parisiis
823 4400 1006 4452 1652.
1042 4390 1292 4466 Scripsit
1323 4409 1562 4467 quoque
1584 4411 1702 4466 pro
1762 4391 1993 4451 Christo
2025 4394 2273 4470 fiyurato
2305 4392 2366 4448 in
2411 4390 2468 4449 V.
2513 4388 2573 4449 T.
2608 4409 2659 4447 v.
2699 4398 2752 4455 7,
2789 4406 3044 4462 quorum

418 4478 789 4535 immaculata
812 4479 1075 4555 Deipara
1123 4480 1183 4541 V.
1216 4482 1571 4553 conceptione
1600 4481 1694 4538 de·
1766 4490 1816 4541 1.
1851 4481 2128 4557 explanat
2172 4480 2447 4538 historias
2480 4476 2711 4546 Adami‚
2762 4476 2943 4534 isaaci
2984 4479 3044 4533 et

412 4566 747 4642 sensionem,
783 4567 1080 4641 compluti
1111 4578 1296 4633 1618.
1331 4568 1597 4627 Praetiea
1630 4569 1701 4628 de
1758 4570 2033 4638 Danielis,
2067 4571 2133 4628 in
2163 4568 2384 4643 quibus
2419 4566 2690 4624 Christus
2723 4568 3040 4638 conceptus

416 4655 472 4712 la
515 4654 854 4729 frequencia
886 4656 957 4713 de
989 4657 1047 4713 la
1078 4658 1324 4734 sagrada
1357 4657 1697 4727 Comunion‚
1756 4664 1819 4716 et
1849 4658 1912 4716 in
1946 4661 2116 4716 utero
2162 4658 2418 4714 existens
2453 4659 2514 4712 et
2559 4656 2736 4711 natus
2788 4656 2849 4710 et
2885 4671 2917 4710 a
2949 4671 3038 4710 re·

416 4743 644 4802 Matriti
688 4753 870 4807 1622.
905 4745 1181 4821 Philippo
1206 4745 1301 4810 IV,
1336 4751 1465 4805 erat
1495 4767 1529 4804 a
1561 4764 1698 4805 con·
1756 4747 1932 4824 gibus
1983 4747 2262 4805 adoratus
2313 4743 2698 4819 exprimitur,
2763 4741 3041 4817 Lugduni

416 4832 702 4903 cionibus,
750 4833 856 4907 qui
905 4834 1079 4892 illum
1113 4833 1189 4892 ad
1235 4837 1432 4893 sedem
1478 4835 1699 4910 episco-
1766 4844 1929 4898 1633
1963 4835 2029 4893 in
2060 4835 2129 4905 f.;
2167 4844 2221 4894 2.
2255 4832 2672 4908 complectitur
2709 4831 2887 4889 vitam
2920 4830 3040 4888 Mo·

632 4940 826 4998 Hurter,
854 4942 925 4989 No
937 4943 1203 4991 menclator
1229 4943 1297 4989 111
1317 4944 1394 4991 ed.
1425 4944 1473 4989 3.
1771 4972 1777 4977 ·
2651 4933 2722 4985 34
