3625 5193
587 230 706 283 103
1052 215 1421 268 1564—1580.
1448 212 1587 264 Acta
1614 209 1934 279 legatorum
1964 210 2169 278 pontif.
2197 212 2474 282 Gropper‚
2503 210 2728 279 Elgard‚
3077 226 3199 281 104

580 418 614 457 a
645 398 875 457 concilii
908 396 1280 473 praesidibus
1327 398 1398 454 ad
1433 396 1627 471 ipsum
1659 396 1857 470 ponti·
1914 396 2256 455 trevirensis
2276 400 2523 471 sumptu
2539 396 2610 453 ad
2632 397 2964 457 uberiorem
2980 397 3206 473 ingenii

582 489 764 547 ficem.
799 491 978 548 Sacra
1008 505 1273 562 purpura
1304 506 1338 543 a
1368 486 1474 544 Pio
1508 484 1605 546 IV.
1638 485 1733 543 vix
1765 484 1858 542 in·
1916 486 2142 544 cultum
2177 485 2417 543 Romam
2464 485 2810 545 mitteretur
2833 482 3059 568 (1569)
3084 486 3204 544 col-

582 578 841 654 signitus
872 597 920 635 a.
965 585 1148 645 1565,
1184 575 1385 633 eodem
1418 575 1527 633 hoc
1573 594 1622 632 a.
1669 577 1862 632 morte
1917 575 2056 651 legii
2087 574 2404 652 germanici
2451 574 2748 634 institutis
2800 576 3201 650 expolienslus.

584 668 899 724 immatura
913 665 1033 723 fuit
1048 664 1604 739 abreptusl3.Nov.
1618 683 1665 721 a.
1678 666 1862 721 natus
1920 664 2009 723 Ibi
2044 664 2301 724 doctoris
2334 664 2598 722 lauream
2635 665 2982 739 promeruit.
3037 666 3204 723 Post-

583 761 818 814 tantum
861 765 960 818 42.
1014 753 1372 813 Prodierunt
1416 753 1544 828 ejus
1576 753 1863 827 epistolae,
1919 772 2096 828 quam
2132 754 2380 811 solerter
2427 753 2594 811 varia
2641 753 2797 811 sedis
2847 754 3210 828 apostolicae

582 846 645 904 in
677 844 897 920 quibus
929 844 1102 919 plura
1134 842 1315 900 refert
1364 842 1437 899 de
1482 841 1724 901 concilio
1755 841 1865 898 tri·
1922 861 2028 918 per
2059 842 2429 900 Germaniam
2461 843 2702 917 negotia
2732 842 2997 917 perfecit,
3046 841 3204 902 ordi-

584 935 844 1002 dentinO,
879 933 1152 991 collectae
1196 949 1315 990 cur.
1350 932 1585 1007 Aymon
1630 932 1863 988 Amste-
1921 934 2100 990 natus
2163 934 2252 989 est
2300 931 2609 1005 episcopus
2660 931 2967 989 auxiliaris
3022 932 3203 989 erfor-

585 1023 798 1081 lodami
857 1032 1040 1091 1724,
1105 1020 1205 1080 sed
1265 1019 1532 1078 collectio
1593 1038 1711 1077 non
1774 1021 1868 1077 est
1924 1020 2145 1079 diensis
2179 1017 2451 1101 (2.Febr.
2482 1017 2692 1099 1578).
2727 1022 2939 1097 Magno
2973 1021 3202 1100 fervore

586 1112 892 1187 completa,
944 1110 1122 1168 editio
1167 1128 1308 1168 vero
1353 1108 1667 1167 admodum
1701 1126 1867 1166 men·
1924 1113 1986 1169 et
2044 1110 2166 1168 zelo
2228 1110 2421 1184 coepit
2480 1109 2664 1166 vitam
2726 1113 2786 1167 et
2836 1110 3207 1185 disciplinam

587 1207 740 1260 dosa.
775 1201 979 1258 Plures
1012 1203 1073 1257 et
1102 1199 1316 1257 melius
1348 1197 1698 1273 prodierunt
1728 1215 1870 1254 cura
1923 1202 2261 1257 restaurare
2293 1196 2641 1256 catholicam
2661 1218 2766 1274 per
2785 1198 3072 1257 ditionem
3096 1197 3207 1256 sibi

587 1290 774 1348 Mansi
837 1290 900 1346 in
962 1287 1350 1346 Miscellaneis
1400 1286 1623 1345 Baluzii
1669 1289 1711 1346 t..
1762 1284 1867 1341 111.

590 1381 868 1455 Spectant
918 1396 1019 1436 eae
1068 1377 1142 1435 ad
1191 1376 1502 1453 periodum
1533 1396 1566 1432 a
1607 1385 1700 1437 10.
1734 1375 1868 1432 Dec.

1927 1288 2250 1363 subjectam
2284 1288 2321 1344 i.
2355 1307 2402 1344 e.
2436 1286 2869 1355 Eichsfeldiam,
2923 1307 3074 1363 quae
3106 1288 3208 1344 diu

1928 1377 2153 1435 idoneis
2169 1376 2508 1451 pastoribus
2525 1376 2819 1435 destituta
2834 1377 3025 1435 multa
3039 1396 3210 1453 passa

597 1476 958 1531 1562-24.
1012 1468 1161 1543 Aug.
1222 1475 1404 1528 1563.
1455 1495 1542 1507 -
1589 1463 1872 1539 Ejusdem
1927 1469 2055 1525 erat
2084 1466 2148 1523 in
2179 1465 2293 1524 fide
2324 1465 2555 1534 damna,
2591 1469 2651 1524 et
2682 1484 2800 1524 non
2834 1467 2959 1524 sine
2992 1466 3206 1532 fructu,

590 1557 950 1615 collectionis
999 1558 1042 1613 t.
1096 1555 1193 1612 IV.
1258 1554 1641 1611 continentur
1694 1550 1871 1610 Mutii

591 1646 631 1704 C
647 1666 681 1704 a
699 1645 843 1703 lini
877 1643 1157 1711 Brixiani,
1192 1640 1615 1719 archiepiscopi
1628 1641 1871 1718 jadren-

592 1736 672 1793 sis
725 1732 895 1814 (Zara
954 1727 1343 1812 1555—66),
1408 1731 1544 1789 dein
1590 1728 1873 1790 interam-

592 1824 794 1883 nensis
848 1822 1046 1901 (Terni
1091 1819 1128 1888 †
1184 1817 1375 1902 1570)
1427 1822 1692 1895 epistolae
1745 1819 1875 1877 233

595 1909 657 1992 (a
691 1923 746 1975 3.
781 1913 905 1973 Oct.
948 1920 1263 1973 1561-6,
1303 1910 1434 1968 Dec.
1481 1905 1693 1990 1563).
1741 1909 1876 1984 lpse

594 2020 830 2077 operam
862 2018 1100 2077 quoque
1133 2018 1301 2057 suam
1347 1999 1605 2059 contulit
1649 2015 1872 2058 correc-

593 2092 743 2149 tioni
776 2088 1033 2148 Missalis
1064 2092 1124 2147 et
1155 2087 1461 2156 Breviarii,
1495 2094 1565 2147 ut
1597 2087 1751 2147 infra
1782 2086 1874 2144 di-

596 2198 807 2238 cemus.
841 2212 928 2222 —
962 2177 1229 2236 'sorellus
1270 2176 1502 2235 Phola
1542 2176 1875 2255 PugiensiS‚

594 2269 913 2328 canonicus
946 2267 1272 2336 fesulanus,
1308 2266 1411 2341 qui
1442 2266 1720 2326 interfuit
1737 2283 1875 2323 con-

593 2359 729 2417 cilio
790 2357 1133 2426 tridentino,
1211 2357 1543 2431 composuit
1602 2356 1879 2413 Diarium

596 2453 857 2507 actorum
876 2465 918 2503 s.
938 2445 1171 2504 concilii
1187 2444 1500 2503 tridentini
1526 2446 1637 2503 sub
1660 2444 1764 2501 Pio
1779 2442 1875 2499 IV.

596 2536 889 2612 pontifice,
953 2534 1113 2611 quod
1176 2533 1354 2591 habes
1398 2533 1555 2610 apud
1618 2533 1879 2590 Martene

599 2626 834 2684 Collect.
868 2629 929 2682 et
959 2625 1037 2681 Le
1069 2623 1218 2684 Plat.
1251 2623 1376 2692 Vll,
1413 2631 1469 2691 2,
1512 2629 1877 2685 159-254,

695 2810 795 2864 48.
831 2800 1121 2857 Historiae
1155 2800 1387 2858 concilii
1408 2799 1720 2858 tridentini
1740 2797 1879 2856 sub-

595 2890 838 2965 jicimus
870 2888 1186 2947 relationes
1208 2889 1563 2947 nunciorum
1595 2887 1882 2964 apostoli—

600 2997 823 3045 corum,
859 2995 926 3035 ex
960 2977 1178 3051 quibus
1197 2977 1351 3035 haud
1367 2997 1576 3052 parum
1596 2977 1882 3036 discimus

602 3085 709 3143 pro
742 3066 991 3124 historia
1023 3066 1416 3125 ecclesiastica
1459 3067 1757 3125 variarum
1789 3084 1884 3123 re-

604 3157 862 3232 gionum.
895 3156 988 3213 Ita
1020 3156 1192 3230 plura
1235 3155 1309 3213 ad
1355 3157 1664 3214 historiam
1695 3154 1880 3214 eccle-

604 3245 898 3303 siasticam
948 3244 1292 3303 Germaniae
1342 3245 1671 3321 spectantia
1719 3243 1880 3302 colli-

603 3337 832 3410 guntur
876 3352 944 3390 ex
980 3333 1173 3392 literis
1226 3333 1496 3410 Casparis
1541 3334 1888 3409 Gropper

603 3423 806 3482 fratris
825 3422 1072 3481 celebris
1094 3423 1133 3480 J
1134 3423 1342 3482 oannis
1366 3423 1647 3498 Gropper‚
1672 3422 1744 3480 de
1767 3439 1885 3496 quo

605 3512 833 3588 egimus
887 3510 961 3580 II,
1033 3522 1218 3574 1419.
1282 3513 1476 3570 Natus
1526 3514 1620 3569 est
1670 3511 1888 3585 Caspai·

605 3621 649 3659 c.
711 3611 873 3663 1519
939 3601 1136 3659 Susati
1190 3597 1411 3681 (Soest)
1471 3600 1886 3676 Westphaliae.

606 3690 874 3747 Coloniae
901 3690 1027 3763 juri
1060 3689 1223 3747 dedit
1263 3708 1499 3764 operam
1532 3688 1887 3763 promeruit·

607 3797 722 3853 que
747 3777 989 3851 juvenis
1040 3777 1102 3833 in
1153 3796 1222 3835 ea
1271 3778 1558 3837 facultate
1608 3778 1886 3836 lauream.

608 3865 836 3924 Exinde
882 3870 1008 3924 erat
1059 3865 1196 3924 duci
1228 3866 1470 3924 clivensi
1521 3885 1556 3924 a
1607 3866 1887 3937 consiliis,

610 3976 659 4013 a.
717 3965 877 4017 1550
932 3953 1195 4013 officialis
1242 3955 1685 4013 archidioecesis
1729 3955 1886 4013 colo-

609 4044 851 4102 niensis.
885 4045 1058 4101 Anno
1102 4053 1260 4106 1558
1296 4042 1538 4101 Romam
1574 4044 1739 4102 venit
1769 4043 1886 4101 fac-

608 4135 826 4205 tusque
878 4135 969 4189 est
1018 4132 1199 4189 Rotae
1250 4131 1505 4195 auditor,
1567 4134 1616 4190 A
1669 4133 1773 4190 Pio
1824 4131 1888 4192 V.

610 4220 866 4278 nuncius
900 4223 992 4278 est
1022 4220 1241 4279 missus
1281 4221 1354 4279 ad
1388 4221 1733 4279 Germaniae
1765 4220 1889 4295 epi·

1929 1555 2030 1613 sed
2079 1554 2382 1613 laboribus
2428 1554 2751 1613 exhaustus
2806 1554 2951 1613 obiit
2999 1572 3210 1631 magno

1929 1643 2211 1702 dioecesis
2263 1643 2477 1701 damno
2519 1644 2637 1717 jam
2694 1656 2788 1706 11.
2835 1648 2986 1720 Aug.
3032 1653 3210 1706 1587.

1930 1733 2037 1791 Vir
2066 1737 2197 1790 erat
2229 1731 2501 1791 doctrina
2531 1736 2592 1790 et
2623 1733 2844 1808 spiritu
2892 1732 3222 1808 apostolico*

1931 1821 2161 1897 plenu8‚
2196 1821 2354 1878 inter
2385 1821 2551 1879 verbi
2584 1822 2769 1880 divini
2803 1840 3119 1896 praecones
3152 1822 3212 1877 in

1931 1910 2241 1969 Germania
2273 1909 2688 1969 celeberrimus
2705 1908 2772 1990 ¹).
2806 1910 2843 1968 J
2847 1930 2936 1968 am
2970 1929 3109 1968 vero
3128 1910 3214 1967 le-

1931 1999 2185 2077 gationis
2218 1999 2502 2074 Gropperi
2546 2003 2608 2058 et
2641 1999 2882 2077 Elgardi
2914 2002 3044 2057 acta
3077 1998 3212 2057 dili-

1932 2092 2142 2165 genter
2186 2088 2426 2164 collegit
2470 2092 2863 2164 accurateque
2909 2088 3094 2146 edidit
3132 2088 3213 2144 W.

1932 2178 1996 2237 E.
2030 2178 2297 2236 Schwarz
2341 2177 2403 2234 in
2437 2195 2526 2251 op.
2562 2178 2666 2235 Die
2699 2177 3215 2235 Nuntiatur-Kor—

1933 2266 2295 2343 respondenz
2336 2266 2404 2323 Κ.
2441 2267 2738 2342 Groppers
2785 2261 2936 2347 (157
2949 2260 3213 2345 3-76),

1934 2356 2273 2414 Paderborn
2314 2356 2786 2417 isos—Alius
2819 2356 3052 2430 legatus
3069 2373 3214 2431 pon·

1935 2445 2155 2502 tificius
2208 2444 2378 2517 isque
2424 2444 2669 2515 celeber,
2718 2464 2786 2503 ex
2819 2446 2990 2518 cujus
3023 2444 3215 2501 literis

1935 2533 2261 2610 plurimum
2294 2532 2571 2609 colligere
2604 2534 2758 2604 licet,
2812 2534 2926 2591 suit
2957 2532 2994 2590 J
2999 2550 3228 2591 oannes.

1937 2624 2242 2681 Morone
2284 2621 2594 2680 Mediolani
2626 2643 2684 2681 n.
2721 2633 2820 2685 25.
2853 2622 2988 2681 Jan.
3032 2631 3214 2690 1509,

1937 2711 2042 2787 qui
2064 2716 2186 2769 tam
2206 2711 2364 2769 felici
2385 2729 2663 2770 successu
2681 2713 2900 2770 studiis
2917 2711 3209 2778 incubuit,

1938 2805 2008 2858 ut
2040 2799 2357 2858 admodum
2401 2801 2642 2875 juvenis
2692 2800 2915 2875 triplici
2962 2800 3217 2859 doctoris

1939 2890 2155 2958 laurea,
2190 2889 2253 2946 in
2285 2888 2656 2965 philosophia
2689 2890 2832 2960 scil„
2877 2890 3015 2965 jure
3047 2907 3216 2947 cano-

1938 2979 2068 3037 nico
2101 2983 2161 3036 et
2190 2977 2490 3053 theologia
2521 2981 2834 3037 ornaretur
2882 2982 2942 3036 et
2976 2998 3024 3036 a.
3059 2985 3217 3035 aeta-

1940 3069 2016 3125 tis
2072 3077 2169 3129 20.
2213 3068 2339 3142 jam
2390 3068 2614 3142 patriae
2667 3073 2905 3126 senator
2954 3070 3106 3125 esset
3156 3068 3214 3124 et

1939 3157 2253 3231 episcopus
2294 3156 2666 3214 mutinensis,
2731 3157 2801 3214 In
2848 3157 3219 3214 Germaniam

1942 3245 2160 3303 missus
2191 3245 2264 3302 ad
2298 3245 2733 3304 Ferdinandum
2752 3264 2952 3322 regem
2976 3264 3023 3303 a.
3058 3252 3216 3306 1536

1941 3333 2218 3392 interfuit
2267 3333 2499 3409 imperii
2550 3334 2806 3393 comitiis
2846 3334 3233 3410 Hagenoviae·

1951 3431 2134 3490 1540,
2170 3422 2519 3480 Ratisbonae
2548 3433 2697 3484 1541
2730 3426 2788 3480 et-
2807 3423 3010 3498 Spirae
3038 3430 3218 3489 1542,

1943 3517 2124 3586 atque
2155 3511 2380 3584 ubique
2414 3512 2734 3585 specimina
2780 3510 3130 3586 prudentiae
3161 3513 3222 3567 et

1943 3602 2006 3658 in
2055 3599 2327 3675 gerendis
2393 3600 2644 3676 negotiis
2706 3600 2981 3658 solertiae
3042 3599 3220 3656 dedit

1945 3692 2115 3747 Anno
2174 3697 2338 3749 1542
2383 3693 2615 3746 creatus
2661 3691 2754 3747 est
2803 3688 3116 3746 cardinalis
3164 3690 3224 3745 et

1945 3796 2077 3836 cum
2111 3777 2266 3834 card.
2302 3777 2464 3834 Paris
2496 3780 2557 3835 et
2588 3778 2727 3835 Polo
2769 3786 2935 3840 1542
2976 3776 3219 3835 Triden-

1943 3871 2075 3924 tum
2135 3865 2367 3941 legatus
2430 3866 2647 3924 missus
2696 3866 2768 3924 ad
2829 3864 3222 3924 inchoandum

1945 3954 2261 4012 concilium
2284 3955 2724 4013 oecumenicum
2759 3974 2885 4013 eam
2919 3955 2982 4011 in
3015 3954 3223 4012 urbem

1946 4045 2345 4101 convocatum.
2381 4043 2556 4118 Apud
2591 4044 2843 4101 Paulum
2874 4043 2969 4099 IV.
3004 4042 3076 4100 de
3128 4043 3225 4098 he·

1946 4131 2248 4190 terodoxia
2278 4133 2585 4190 accusatus
2633 4132 2852 4191 carceri
2884 4131 3001 4190 fuit
3033 4131 3223 4189 inclu-

1948 4239 2048 4279 sus
2084 4228 2182 4282 31.
2218 4221 2347 4296 Maj.
2392 4230 2578 4289 1557;
2617 4226 2678 4279 et
2697 4220 2933 4281 nonnisi
2955 4219 3242 4294 pontifice¹

611 4304 1669 4390 scopos(l573).Decessit19.Mart.
1701 4318 1889 4373 1574.
1948 4309 2229 4368 defuncto
2282 4330 2316 4368 a
2365 4309 2606 4385 collegio
2653 4309 3045 4368 cardinalium
3094 4325 3227 4366 mox

610 4432 695 4441 —
730 4398 969 4456 Socium
1000 4399 1064 4456 in
1096 4398 1202 4456 hac
1235 4398 1529 4474 legatione
1560 4399 1771 4457 habuit
1787 4397 1891 4455 Ni·
1950 4398 2228 4468 libertati,
2264 4402 2324 4456 et
2355 4418 2388 4455 a
2419 4399 2524 4457 Pio
2544 4397 2641 4461 IV.
2674 4398 2883 4457 honori
2905 4398 3242 4455 restitutus

611 4487 841 4544 colaum
892 4486 1174 4562 Elgard
1223 4507 1279 4546 n.
1341 4497 1502 4550 1546
1568 4488 1632 4546 in
1678 4486 1894 4564 oppido
1950 4487 2196 4546 cassatis
2228 4487 2504 4544 omnibus
2535 4487 2595 4543 in
2630 4506 2764 4544 eum
2798 4486 2944 4545 actis
2981 4480 3226 4566 (1560).

612 4575 895 4633 Elcherod
911 4575 1157 4634 ditionis
1181 4576 1714 4653 luxemburgensis
1752 4576 1894 4652 Dig-

611 4683 727 4722 nus
759 4664 852 4722 hic
883 4665 1125 4723 habitus
1157 4670 1247 4724 est
1277 4671 1413 4741 post
1433 4667 1682 4742 primam
1715 4666 1891 4724 insti-

2032 4697 2066 4763 ¹)
2096 4692 2177 4750 cf.
2206 4693 2544 4746 Steinhuber
2571 4694 2766 4747 Gesch.
2812 4692 2906 4745 des
2935 4691 3073 4744 Coll.
3102 4691 3247 4745 Ger--

610 4754 902 4812 tutionem
937 4755 1010 4812 ob
1043 4755 1302 4814 indolem
1335 4755 1439 4830 qui
1471 4754 1894 4829 archiepiscopi
1953 4764 2668 4833 manicam-Hungarieum‚
2696 4764 2735 4828 1,
2763 4767 3064 4819 194-204.
