3625 5193
424 243 534 296 185

1334 221 1652 292 Christoph.
1681 222 2118 279 Cheffontaines.

2912 241 3031 294 186

411 416 603 469 tamen
648 412 892 485 propter
927 409 1268 484 peregrinas
1314 408 1692 466 exuberantis
1751 409 1836 467 les
1859 412 1919 467 et
1936 409 2384 478 monomachias,
2407 407 2650 466 de'duite
2666 428 2740 466 en
2752 428 2834 467 un
2852 409 3035 467 truite

411 500 627 576 ingenii
660 499 968 574 opiniones
998 496 1263 573 ejusdem
1296 517 1472 574 opera
1503 498 1566 555 in
1597 498 1690 555 in·

411 589 594 647 dicem
647 587 922 645 debuisse
953 586 1177 658 referri,
1224 589 1285 645 et
1318 586 1551 661 quidem
1587 587 1690 643 ab·

413 679 600 736 solute
632 677 776 734 haec
794 676 942 734 tria:
976 674 1138 734 Varii
1169 677 1460 734 tractatus
1480 679 1541 732 et
1569 675 1689 732 dis-

412 766 754 841 putationes
778 766 848 822 de
867 766 1188 823 necessaria
1207 766 1552 823 correctione
1571 765 1687 822 tlte-

411 857 625 932 oloyiae
656 855 1042 923 scholasticae,
1076 853 1323 911 Parisiis
1363 862 1549 923 1586,
1586 872 1688 911 cu-

404 947 500 1020 jus
533 963 627 1019 op.
659 941 1020 1017 exemplaria
1048 941 1285 1017 integra
1315 948 1376 1000 et
1407 960 1528 1000 non
1559 961 1688 1000 mu-

409 1034 576 1091 tilata
609 1036 753 1091 sunt
783 1031 1116 1098 rarissima3
1167 1032 1234 1088 de
1279 1033 1489 1089 missae
1521 1030 1688 1089 Chri-

410 1125 479 1180 sti
511 1124 631 1179 ritu
676 1129 727 1179 et
771 1121 975 1178 ordine
989 1141 1018 1192 ‚·
1061 1139 1234 1178 novae
1283 1121 1690 1178 illustrationis

410 1213 753 1269 christianae
782 1209 921 1282 fidei
952 1209 1234 1267 adversus
1253 1209 1485 1283 impios,
1508 1209 1689 1266 liber·

411 1301 580 1369 tinos,
615 1300 839 1368 atheos,
863 1298 1166 1373 epicureos
1198 1301 1259 1356 et
1296 1317 1467 1356 omne
1497 1315 1687 1374 genus

413 1388 673 1447 infideles
725 1389 987 1460 epitome,
1055 1387 1131 1444 ib.
1193 1395 1376 1448 1586.
1441 1387 1688 1444 Maxime

412 1496 540 1535 vero
585 1469 895 1551 displicuit
937 1476 1043 1533 illa
1086 1476 1215 1551 ejus
1248 1475 1468 1550 opini0‚
1512 1495 1688 1550 quam

413 1567 669 1640 primum
702 1564 946 1623 Parisiis
967 1564 1267 1639 quondam
1288 1584 1426 1640 prae
1458 1564 1686 1624 concio-

410 1674 479 1712 ne
511 1654 869 1724 enunciavit,
913 1652 1048 1711 dein
1083 1653 1146 1710 in
1192 1653 1315 1711 suis
1346 1672 1688 1729 propugna-

408 1743 490 1801 vit
534 1743 831 1818 operibuS,
882 1760 1076 1816 neque
1126 1742 1420 1800 Christum
1484 1760 1686 1800 conse-

411 1851 594 1890 crasse
625 1831 819 1890 verbis
860 1832 961 1889 hoc
992 1837 1071 1888 est
1101 1849 1313 1905 corpus
1346 1850 1547 1901 meum,
1582 1849 1685 1889 ne-

407 1941 519 1996 que
565 1920 896 1979 sacerdotes
943 1920 1101 1978 hisce
1150 1921 1432 1979 conficere
1483 1936 1685 1978 conse-

1746 498 1819 555 de
1865 503 2079 574 quatre
2126 499 2289 572 chap.
2338 501 2398 555 et
2443 501 2611 556 entre
2658 516 2722 556 ce
2768 518 2842 556 en
2881 499 3031 556 trois

1746 586 2053 663 dialogues
2085 586 2449 658 ensuivants,
2483 586 2558 644 ib.
2589 596 2783 658 1568;
2829 598 2987 649 1571
3015 608 3031 656 ;

1755 685 1956 743 157e;
1988 685 2307 751 perpetuae
2338 676 2569 733 Mariae
2603 675 2660 733 V.
2692 694 2761 733 ac
2795 676 3033 749 Josepln·

1744 767 1944 838 sponsi
2005 767 2355 842 viryinitatis
2413 763 2692 823 catholica
2754 766 3028 840 defensiO,

1745 854 2024 931 Lugduni
2066 863 2182 917 157
2196 863 2230 917 8
2268 854 2332 911 in
2370 863 2425 916 8.
2446 857 2575 922 etc.‚
2610 871 2727 928 quo
2761 853 2825 911 in
2857 873 3035 929 opere

1746 946 1938 1001 exstat
1987 962 2224 1019 quoque
2256 942 2581 1001 illustratio
2631 942 2895 1001 vaticinii
2925 944 2964 1002 J
2968 964 3029 1001 a·

1744 1031 1911 1090 cobei
1944 1032 2085 1091 Gen.
2123 1043 2223 1101 49,
2265 1043 2359 1095 10.
2414 1031 2778 1103 Hierapistes
2810 1031 3033 1107 dialogi

1744 1119 1933 1179 forma
1984 1121 2374 1195 conscriptus,
2427 1120 2491 1178 in
2546 1138 2663 1196 quo
2697 1139 2805 1178 cui·
2836 1121 2901 1179 in
2933 1140 3031 1179 ex-

1744 1209 2032 1284 ponendis
2095 1210 2398 1285 aliquibus
2433 1209 2771 1285 Scripturae
2819 1210 2962 1268 locis
2998 1230 3037 1270 a

1745 1299 2045 1357 communi
2076 1299 2140 1356 in
2172 1317 2280 1357 suo
2301 1298 2374 1356 de
2394 1298 2450 1355 b.
2473 1299 2687 1357 Mariae
2707 1301 2768 1356 et
2784 1299 2821 1357 J
2825 1299 3033 1373 osephi

1743 1387 2091 1463 virginitate
2110 1387 2145 1446 1.
2164 1387 2438 1463 opinione
2457 1388 2770 1446 recesserit
2801 1392 2860 1446 et
2880 1407 3027 1446 non-

1743 1476 1929 1534 nullis
1980 1477 2262 1551 loquendi
2305 1495 2451 1535 usus
2497 1476 2575 1535 sit
2619 1476 2826 1547 modis,
2879 1495 3032 1550 quos

1744 1565 1933 1640 aliqui
1953 1566 2311 1625 erasmianos
2334 1565 2485 1624 falso
2502 1567 2721 1641 putant
2738 1565 3029 1624 rationem

1743 1654 1957 1724 reddit,
1993 1655 2371 1730 Antwerpiae
2401 1663 2584 1718 1575.
2619 1654 2828 1713 Omnia
2849 1655 3031 1730 hujus

1742 1744 2001 1802 auctoris
2034 1761 2213 1820 opera
2244 1746 2389 1802 sunt
2420 1762 2556 1802 rara
2586 1747 2647 1802 et
2679 1743 3026 1819 singularia.

1836 1929 1934 1984 86.
1968 1922 2135 1979 Inter
2182 1922 2391 1998 Belyas
2431 1921 2654 1980 eminet
2698 1920 3031 1996 primisque

409 2012 741 2079 cretionem,
769 2009 889 2068 nisi
914 2009 1607 2068 accesserintbenediczio
1628 2013 1689 2066 et
1741 2010 1934 2069 nostri
1949 2010 2235 2085 temporis
2252 2009 2545 2086 theologis
2568 2009 2962 2068 accensendus
2976 2005 3030 2088 1)

409 2117 623 2175 preces,
657 2098 881 2174 quibus
923 2099 1353 2156 elementorum
1386 2102 1687 2155 transmu-

408 2188 552 2246 tatio
568 2192 859 2246 exoretur.
892 2187 1032 2245 Alia
1056 2186 1326 2262 ejusdem
1346 2204 1525 2261 opera
1543 2189 1688 2244 sunt

405 2276 699 2351 prohibita
729 2277 934 2346 ,donec
965 2275 1373 2351 corrigantur.‘
1425 2275 1687 2350 Utraque

1820 2219 1860 2285 ¹)
1888 2213 1977 2266 Du
2003 2214 2108 2267 Pin
2134 2219 2221 2279 16,
2245 2219 2378 2271 138:
2409 2215 2487 2278 „11
2511 2217 2651 2285 peut
2671 2230 2862 2283 passer
2885 2231 3032 2282 pour

1743 2304 1824 2340 un
1840 2286 1938 2340 des
1955 2285 2432 2339 controversistae
2456 2286 2534 2340 du
2550 2286 2796 2355 premier
2812 2285 3022 2339 ordre.“

402 2372 599 2424 tamen
633 2383 880 2424 censura
931 2364 993 2422 in
1027 2382 1180 2423 novo
1216 2364 1417 2423 Indice
1449 2364 1688 2422 sublata
1742 2356 1831 2410 Ita
1858 2359 1917 2410 et
1941 2356 2222 2420 Hefele,
2262 2356 2524 2426 Beitrage
2560 2374 2662 2410 zur
2686 2356 3029 2426 Kirchenge-

403 2459 507 2512 est.
568 2455 738 2512 Inter
783 2472 851 2511 ea
895 2453 1171 2511 fuerunt:
1225 2453 1484 2527 Dcffence
1515 2454 1584 2510 de
1630 2454 1688 2510 la

398 2546 483 2617 foi
514 2545 583 2602 de
627 2561 732 2602 nos
777 2549 1062 2601 ancestres
1107 2545 1426 2602 contenent
1473 2541 1686 2617 quinze

401 2634 701 2707 chapitres
751 2634 831 2690 οὺ
868 2636 1005 2692 sont
1034 2631 1293 2690 declarez
1339 2633 1422 2690 les
1469 2634 1687 2690 strata-

1743 2427 1996 2481 schichte
2025 2433 2073 2492 1,
2099 2433 2223 2484 461.
2264 2428 2515 2482 Multum
2542 2443 2672 2481 eum
2699 2427 2902 2481 laudat
2927 2427 3028 2480 Ba·
3100 2487 3107 2494 .

1741 2499 1941 2553 tonius
1968 2499 2039 2551 ad
2068 2516 2117 2551 a.
2143 2503 2231 2555 53.
2260 2517 2314 2556 n.
2339 2503 2428 2555 32.
2460 2500 2566 2561 „ob
2591 2498 2879 2568 egregiam
2907 2514 3025 2550 eru-

1743 2570 2021 2625 ditionem
2073 2569 2184 2624 toti
2232 2571 2354 2627 orbi
2407 2574 2722 2641 spectatam
2765 2572 2823 2624 et
2873 2569 3031 2625 vitae

1743 2643 2155 2707 sanctitatem-⁶
2190 2645 2453 2723 „jamque
2468 2642 2626 2697 mille
2642 2642 2711 2696 de
2727 2642 3033 2711 prostratis

403 2730 604 2798 gemes
635 2725 697 2778 et
727 2739 895 2778 ruses
917 2722 1018 2779 des
1041 2721 1380 2795 hex-&tiques
1398 2721 1470 2779 do
1485 2723 1687 2778 nostre
1741 2714 2004 2768 hostibus
2044 2729 2266 2768 coronis
2305 2717 2571 2768 auctum“
2617 2713 2775 2767 dicit.
2806 2746 2872 2755 -
2900 2712 3025 2767 Huc

403 2816 615 2885 temps,
680 2810 758 2867 ib.
814 2818 977 2872 1570
1043 2810 1106 2867 in
1154 2819 1221 2880 83
1301 2819 1494 2878 15753
1544 2810 1688 2881 Def-

399 2902 560 2972 fence
604 2900 677 2957 de
737 2900 795 2956 la
834 2899 922 2971 foi
970 2899 1037 2957 de
1096 2916 1202 2957 nos
1264 2906 1549 2957 ancestres
1610 2901 1690 2957 ou

404 2989 459 3046 la
522 2991 801 3063 presence
867 2988 1045 3045 reelle
1094 2987 1178 3045 du
1240 3006 1411 3062 corps
1473 2988 1556 3045 du
1617 2987 1686 3044 N.

405 3078 459 3135 S.
509 3082 603 3135 est
646 3078 905 3151 prouvee
951 3094 1059 3150 par
1103 3076 1240 3151 plus
1285 3077 1357 3134 de
1413 3087 1537 3139 360
1571 3075 1687 3135 rai·

405 3184 562 3234 sons,
595 3166 674 3223 ib.
722 3175 907 3233 1571;
954 3174 1118 3228 1586
1160 3159 1262 3246 (m.
1306 3162 1413 3246 3⁴2)
1453 3169 1689 3223 utrum-

407 3274 525 3329 que
601 3254 806 3323 latine,
870 3254 1023 3312 illud
1072 3254 1434 3329 Antverpiae
1492 3263 1688 3324 15753

1744 2785 1916 2838 etiam
1965 2784 2165 2838 referri
2216 2788 2449 2854 possent
2498 2784 2796 2840 Cornelius
2845 2783 2888 2838 L
2905 2801 2937 2839 0
2955 2801 2987 2838 0
3004 2802 3033 2838 e

1743 2855 2057 2927 (Callidius)
2086 2856 2286 2911 Gudae
2313 2874 2368 2911 n.
2392 2861 2548 2920 1546,
2571 2856 2904 2927 Moguntiae
2930 2856 3033 2909 ali-

1745 2927 2018 2995 quamdiu
2046 2928 2330 2995 professor
2356 2928 2694 2998 theologiae,
2724 2927 2877 2981 unde
2904 2927 3034 2980 Tre·

1747 2998 1895 3051 viros
1924 2997 2165 3065 secessit,
2192 2999 2291 3053 sed
2318 2999 2543 3068 scriptis
2563 3001 2758 3053 contra
2780 2997 3032 3068 magiam

1745 3071 1945 3127 turbas
1961 3069 2023 3122 in
2034 3086 2092 3125 se
2102 3070 2394 3124 conscivit:
2406 3086 2580 3139 quare
2594 3069 2891 3140 opiniones
2902 3087 3033 3122 suas

1743 3144 2051 3196 retractare
2077 3140 2470 3209 ditionemque
2492 3140 2858 3196 trevirensem
2880 3141 3033 3194 dese·

1745 3229 1867 3266 rere
1883 3215 1970 3267 est
1984 3216 2214 3268 coactus
2236 3217 2433 3284 (1592).
2461 3211 2793 3267 Parochiam
2823 3211 3033 3266 deinde

1746 3283 2030 3338 Bruxellis
2056 3284 2213 3348 rexit,
2242 3286 2339 3338 sed
2368 3301 2493 3339 cum
2518 3285 2729 3337 iterum
2750 3300 2883 3337 suas
2911 3283 3029 3352 opi-

404 3344 674 3403 Venetiis
716 3350 871 3405 1581
914 3342 976 3400 in
1013 3352 1083 3413 83
1115 3344 1225 3401 hoc
1252 3343 1464 3402 Romae
1503 3352 1687 3414 1576,
1747 3354 1947 3411 niones
1974 3358 2335 3425 proponeret,
2376 3355 2437 3408 in
2477 3372 2756 3409 carcerem
2795 3357 2882 3407 est
2905 3371 3035 3406 con-

404 3452 532 3508 qua
562 3432 626 3490 in
656 3430 748 3493 ed,
780 3434 971 3489 exstat
1020 3434 1094 3489 tr.
1145 3433 1214 3489 de
1262 3435 1469 3490 virtute
1501 3433 1689 3490 verbo-
1738 3428 1946 3495 jectuS.
1974 3426 2112 3480 Inde
2138 3426 2414 3481 liberatus
2430 3424 2657 3479 tertiam
2685 3424 3032 3479 delationem

407 3542 564 3595 rum,
598 3520 821 3596 quibus
867 3520 935 3578 fit
966 3521 1331 3580 consecratio
1378 3539 1452 3582 se.
1488 3521 1692 3580 Sacra·

406 3609 592 3669 menti
627 3610 848 3676 altaris,
883 3609 987 3683 qui
1007 3608 1228 3684 prodiit
1247 3609 1426 3668 etiam
1445 3610 1691 3668 Parisiis

419 3710 615 3768 15853
649 3698 919 3757 Coloniae
957 3707 1152 3767 15873
1203 3700 1541 3758 consultatio
1574 3701 1691 3773 epi-

407 3790 583 3846 stolae
634 3786 942 3861 cujusdam
993 3792 1201 3845 contra
1240 3787 1495 3846 liberum
1529 3788 1689 3846 arbi-

408 3879 591 3936 trium
627 3880 688 3934 et
719 3875 949 3943 merita,
973 3876 1332 3951 Antverpiae
1359 3887 1431 3939 15
1446 3886 1545 3946 76,
1567 3876 1690 3951 pri-

406 3985 479 4024 ns
496 3965 713 4042 gallice
731 3963 977 4022 Parisiis
1002 3974 1075 4027 15
1089 3975 1120 4027 7
1139 3977 1157 4028 1
1177 3985 1190 4033 ;
1217 3964 1550 4023 Chre‘tienne
1562 3984 1692 4024 con-

407 4057 665 4127 futation
694 4055 775 4111 du
802 4056 969 4128 point
986 4053 1328 4128 d’honneur,
1362 4073 1468 4113 sur
1499 4054 1693 4129 lequel

408 4145 466 4202 la
480 4144 757 4203 noblesse
767 4142 944 4200 fonde
953 4144 1049 4217 auj
1057 4141 1334 4202 ourd'hui
1356 4161 1448 4202 ses
1461 4143 1694 4218 querel-

1747 3497 1932 3551 evasit
1957 3501 2137 3552 morte
2177 3500 2516 3566 praeventus
2555 3499 2625 3563 (3.
2667 3496 2825 3550 Febr.
2856 3499 3034 3565 1595).

1746 3568 1977 3622 Praeter
2021 3568 2231 3636 scripta
2271 3570 2466 3622 contra
2508 3567 2755 3636 magiam
2800 3565 3035 3633 reliquit

1748 3639 1865 3693 alia
1904 3639 2183 3709 opuscula
2222 3639 2518 3708 polemica,
2560 3641 2628 3692 ut
2658 3641 2894 3708 Spiritus
2922 3658 3034 3692 ver-

1747 3714 1929 3779 tiginis
1972 3716 2250 3780 utriusque
2296 3714 2619 3764 Germaniae
2660 3713 2719 3763 in
2762 3713 3035 3777 reliqionis

1747 3785 1985 3845 ἀίεεῐάίο,
2032 3782 2181 3835 unde
2227 3785 2465 3837 cunctae
2510 3781 2856 3835 calamitatis
2901 3797 3034 3835 vera

1749 3853 1927 3919 orig0‚
1957 3869 2290 3923 progressus
2317 3870 2379 3906 ac
2407 3853 2769 3907 indubitatus
2795 3852 3035 3906 curandi

1750 3924 1953 3978 modus
1979 3941 2107 3977 cum
2124 3924 2429 3993 rejectione
2446 3923 2826 3978 inefficacium
2852 3923 3039 3976 adhue

1748 3994 2147 4060 remediorum,
2174 3995 2506 4063 Moguntiae
2528 3999 2666 4051 1579
2694 3995 2756 4048 in
2775 3998 2838 4065 8;
2867 4013 3037 4049 ‹mno-

1749 4071 1972 4120 tationes
1997 4066 2059 4119 in
2084 4067 2125 4118 F
2143 4083 2172 4120 e
2189 4083 2269 4119 ru
2288 4086 2341 4119 m
2371 4067 2462 4137 (cf,
2492 4066 2559 4127 ΙΙ,
2589 4070 2726 4123 1487
2756 4069 2818 4137 s.)
2866 4082 3037 4135 super

1749 4136 2044 4202 Joannem,
2091 4137 2151 4189 in
2180 4139 2389 4205 quibus
2420 4137 2913 4207 interpretationis
2958 4154 3040 4189 er-

1749 4224 1904 4262 rores
1922 4208 2080 4262 illius
2096 4209 2344 4262 auctoris
2360 4209 2571 4276 aperit:
2599 4212 2887 4262 illustrium
2908 4211 3040 4260 Ger·

1748 4285 1962 4334 maniae
1986 4284 2309 4348 scriptorum
2338 4283 2448 4351 (89)
2475 4283 2757 4348 eataloqus,
2800 4280 3038 4345 Mogun·

412 4368 583 4417 quam
610 4350 909 4420 eleganter
934 4349 1336 4417 uberrimaque
1361 4365 1391 4403 e
1416 4349 1695 4418 limpidis·
1752 4349 1865 4404 tiae
1895 4354 2052 4415 1581,
2082 4368 2284 4420 parum
2329 4353 2557 4405 exactus
2602 4355 2661 4404 et
2700 4352 2789 4403 sat
2829 4348 3037 4403 tenuis.

413 4422 548 4477 simo
589 4420 916 4491 theologiae
961 4421 1120 4474 fonte
1162 4420 1482 4489 profluente
1510 4420 1696 4474 erudi·
1751 4420 2326 4489 -RBartholomaeus
2369 4438 2480 4476 van
2525 4421 2783 4474 Eersel
2829 4420 3042 4485 (Hono-

412 4494 565 4548 tione
589 4492 837 4547 liberum
863 4491 1161 4594 arbitrium⁶
1202 4494 1262 4546 et
1297 4492 1502 4573 merita
1527 4493 1696 4545 bono·
1750 4492 1910 4585 rinei·⁷
1944 4491 2007 4548 Ο.
2035 4494 2269 4574 Praem3
2303 4493 2364 4546 in
2417 4491 2662 4580 canonia
2712 4490 3037 4579 floreffiensi

414 4582 548 4690 3¹2¹}
573 4581 651 4689 {³1¹5
652 4564 1206 4715 {stimme
1220 4563 1400 4689 ¹331&
1414 4562 1700 4688 ttrite&
1751 4566 3042 4692 (ὶᾶὃὲὶιὲἒὲἐὲἓἪῇἒίἱᾎΐῗῡέἔῗοιὲᾚὲἕῗί

417 4706 701 4762 latinitate
727 4709 788 4760 et
815 4704 949 4759 stilo
991 4720 1245 4760 nervoso.
1298 4706 1383 4763 Cf.
1409 4705 1493 4761 Bi.
1521 4723 1619 4760 un.
1645 4709 1697 4771 8,
1755 4706 2233 4784 ᾳιιοᾳυεφτίιῃιιε
2263 4710 2400 4763 1586
2447 4708 2550 4759 sub
2593 4705 2819 4758 nomine
2860 4722 2902 4757 s.
2934 4709 3040 4756 An·

417 4782 675 4837 317-19.
1755 4779 1916 4834 selmi
1943 4781 2511 4929 (fan-Qcidarium
2527 4775 2645 4829 sive
2660 4773 2948 4842 dia-logum
2970 4772 3039 4824 de
