3625 5193
1041 257 1311 323 Azitores‚
1340 258 1561 322 Acosta,
1587 257 1976 325 Bustamante,
2000 258 2254 313 Sirletus.
2830 277 2953 332 258

344 275 464 329 257

337 462 442 501 nes
481 442 690 501 ordine
724 441 1026 518 alphabeti
1064 442 1326 501 literario
1363 443 1613 518 parabo·
1669 447 1761 501 est
1792 443 2050 503 Joannes
2098 444 2171 503 de
2220 445 2730 503 Bustamante
2779 445 2852 504 de
2899 447 2958 505 la

335 533 446 601 lae,
484 531 882 606 metaphorae,
920 531 1163 607 phrases
1196 533 1256 589 et
1286 530 1616 590 difficiliora
1672 533 1928 602 Camars,
1976 533 2430 609 ComplutensiS,
2478 534 2583 609 qui
2630 533 2955 594 medicinae

337 621 459 679 loca
508 620 696 678 totius
743 638 789 682 s.
836 619 1171 695 Scripturae
1216 619 1612 690 declarantur,
1669 624 1731 679 et
1761 621 2171 698 philosophiae
2203 623 2464 681 naturali
2506 641 2745 698 operam
2790 623 2957 682 dedit

336 710 508 784 cujus
540 714 741 767 tamen
771 712 1007 767 tantum
1044 709 1319 768 volumen
1357 710 1614 785 primum
1670 729 1735 768 ac
1779 711 1850 768 de
1893 711 2241 770 animalibus
2288 731 2333 773 s,
2380 712 2741 786 Scripturae,
2787 712 2954 771 Com-

337 793 521 880 (A-D)
537 796 1613 874 prodiitMetbymnaeaCampol594.
1672 799 1829 873 pluti
1869 809 2032 862 1595
2069 802 2111 858 t.
2149 810 2183 863 2
2217 799 2281 858 in
2304 811 2359 862 4.
2382 801 2698 859 disseruit:
2730 800 2953 875 quibus

334 921 422 931 —
453 886 723 945 Andreas
755 888 1116 946 Azitores
1149 886 1213 946 O.
1248 887 1386 945 Cist.
1420 889 1613 963 philo·
1670 887 2061 947 Hierozoikon
2113 907 2291 948 suum
2341 889 2578 948 Samuel
2628 890 2954 948 Bochartus

334 976 558 1052 sophus
603 975 870 1046 eximius,
917 995 1133 1053 magno
1163 976 1253 1034 vir
1283 976 1521 1053 ingenio
1553 980 1615 1035 et
1670 976 2165 1054 Rothomagensis
2184 979 2598 1054 superstruxit,
2613 997 2953 1037 memorno·

335 1068 569 1123 maturo
609 1064 835 1141 judicio
851 1061 914 1146 ²),
963 1065 1200 1142 scripsit
1256 1065 1614 1144 Theoloqiam
1670 1065 1781 1124 stri
1814 1066 2173 1141 quibusdam
2207 1066 2270 1125 in
2301 1067 2445 1126 locis
2477 1067 2791 1142 praecipue
2823 1067 2859 1125 l.
2896 1077 2950 1130 6.

334 1154 720 1230 symbolicam,
780 1153 903 1212 sive
967 1155 1450 1230 hieroylyphicam
1507 1174 1613 1231 pro
1670 1155 2011 1229 posterioris
2061 1156 2250 1231 partis
2296 1173 2342 1214 c.
2379 1166 2434 1218 4.
2482 1156 2816 1215 Secundum
2869 1156 2949 1214 Le

334 1243 522 1302 totius
554 1242 893 1318 Scripturae
938 1261 1134 1301 sacrae
1172 1246 1346 1318 juxta
1391 1244 1610 1318 prima-

333 1333 492 1389 rium
524 1333 587 1390 et
617 1331 947 1407 genuinum
981 1349 1221 1410 sensum
1253 1336 1610 1391 commenta-

335 1421 438 1479 riis
467 1420 719 1495 aliisque
752 1420 1024 1478 sensibus
1056 1420 1225 1478 facile
1254 1420 1609 1492 hauriendis,

338 1509 729 1568 Salmanticae
769 1518 953 1571 1597.
1003 1508 1089 1567 Ex
1139 1512 1268 1567 octo
1318 1509 1514 1580 tomis,
1549 1511 1613 1568 in

336 1616 483 1671 quos
513 1616 664 1672 opus
698 1597 1106 1668 distribuerat,
1127 1599 1354 1672 primus
1374 1601 1611 1657 tantum

337 1686 558 1761 prodiit
604 1684 663 1766 (†
718 1683 924 1762 1599).
986 1719 1064 1728 --
1121 1689 1294 1745 Anno
1341 1687 1612 1763 sequenti

334 1775 482 1834 obiit
510 1775 804 1851 Josephus
835 1774 907 1833 de
938 1775 1086 1833 Aoo
1108 1771 1294 1856 sta2)
1330 1776 1383 1833 S.
1418 1775 1473 1833 J.
1507 1796 1610 1853 pa-

333 1863 448 1922 tria
457 1863 938 1940 MethymnensiS,
953 1864 1058 1939 qui
1078 1863 1236 1922 inter
1245 1883 1444 1923 rerum
1456 1884 1612 1923 ame-

332 1953 663 2011 ricanarum
679 1952 997 2027 scriptores
1019 1952 1187 2011 facile
1202 1953 1449 2012 excellit.
1472 1954 1610 2012 Edi-

333 2041 423 2099 dit
440 2045 674 2116 praeter
694 2041 1077 2100 catechismos
1099 2045 1160 2100 et
1182 2043 1314 2100 alia:
1338 2044 1425 2101 De
1441 2043 1609 2101 Chri-

334 2138 417 2188 sto
448 2131 693 2188 revelato
723 2131 780 2188 ll.
812 2129 913 2188 IX
937 2137 988 2188 et
1018 2131 1087 2188 de
1118 2132 1465 2204 temporibus
1508 2151 1611 2189 no-

333 2220 580 2277 vissimis
610 2219 664 2276 ll.
698 2218 739 2277 I
748 2218 814 2292 V,
844 2218 1058 2277 Romae
1100 2229 1299 2290 1590;
1332 2220 1612 2298 Lugduni

344 2317 521 2377 1592,
560 2326 755 2382 „opus
787 2326 927 2366 sane
959 2307 1208 2383 dignum
1240 2311 1311 2367 ut
1343 2309 1609 2384 Scriptu-

337 2416 428 2455 rae
439 2415 479 2457 s.
494 2396 752 2455 studiosi
766 2396 1005 2455 assidue
1021 2396 1296 2456 lectitent
1306 2394 1375 2479 3);
1392 2406 1418 2436 ‘
1434 2417 1610 2474 prop-

337 2493 424 2544 ter
453 2486 782 2544 utilitatem
828 2504 990 2544 suam
1035 2487 1270 2562 saepius
1304 2506 1607 2559 recusum;

335 2593 367 2632 a
395 2574 787 2634 Tournemine
818 2574 880 2633 in
902 2573 1224 2634 editionem
1249 2576 1554 2646 Menochii,
1577 2595 1610 2635 a

335 2665 525 2741 Migne
573 2662 667 2745 (ex
713 2661 908 2746 parte)
953 2665 1018 2722 in
1065 2682 1303 2723 cursum
1338 2684 1379 2723 a.
1415 2664 1607 2741 Scrip-

334 2755 511 2823 turae,
548 2753 788 2811 Parisiis
821 2762 1000 2815 1840.
1022 2756 1064 2810 t.
1085 2752 1159 2810 ΙΙ.
1181 2774 1236 2829 p.
1259 2764 1605 2817 699—732

334 2846 646 2918 receptum.
701 2843 786 2900 De
827 2849 1046 2899 natura
1089 2845 1219 2901 novi
1264 2844 1418 2901 orbis
1463 2845 1518 2905 ll.
1567 2847 1608 2902 2

333 2936 389 2988 et
435 2931 506 2989 de
557 2931 1035 3007 promulgatione
1093 2930 1396 3009 Evangelii
1451 2932 1608 3007 apud

331 3017 607 3078 barbaros
640 3019 764 3077 sive
794 3019 866 3078 de
911 3020 1279 3095 procuranda
1325 3020 1608 3080 Indorum

333 3109 517 3166 salute
551 3108 613 3165 ll.
639 3107 735 3177 VI,
767 3108 1160 3167 salmanticae
1209 3119 1403 3179 15893
1438 3110 1603 3168 Colo·

332 3198 454 3254 niae
495 3206 682 3260 1596.
707 3227 784 3239 —·
809 3197 933 3255 Nec
977 3194 1605 3279 praetermittendus⁴)

406 3390 438 3454 ¹)
465 3384 534 3437 N.
563 3387 852 3437 Antonius
877 3383 1015 3439 bibl.
1043 3384 1186 3453 hisp.
1217 3404 1271 3440 n.
1300 3390 1349 3449 1,
1377 3390 1463 3441 70.

368 3464 437 3534 ,²)
463 3454 919 3525 Distinguendus
951 3471 986 3508 a
1027 3455 1350 3509 Gabriele
1377 3462 1434 3509 et
1461 3455 1607 3509 Phi-

332 3526 1412 3652 hfssffffssa‘ssle.q23²³1¹33¹81255¹¹¹1¹ff
1439 3527 1605 3655 ss:

330 3604 817 3749 Sotiimervbgeld,
842 3615 1070 3728 :sl—338.
1177 3638 1190 3650 ²
1280 3641 1293 3656 ⁶
1414 3641 1426 3664 ’
1592 3640 1603 3660 ⁹

1669 1244 1836 1320 Long
1866 1262 2018 1319 opus
2051 1244 2268 1320 prodiit
2282 1245 2632 1321 inscriptum
2651 1262 2664 1300 :
2684 1243 2950 1302 Historia

1668 1333 2014 1390 animalium
2038 1335 2330 1408 reptilium
2374 1353 2517 1410 quae
2564 1336 2627 1391 in
2672 1352 2718 1396 s.
2765 1334 2954 1391 codice

1667 1430 2202 1481 commemorantur.
2224 1423 2515 1481 Recusum
2535 1422 2652 1481 fuit
2671 1421 2951 1499 Lugduni

1675 1521 1699 1571 1
1717 1519 1750 1571 6
1763 1519 1796 1571 2
1807 1523 1842 1572 0
1865 1530 1880 1580 ;
1920 1522 1944 1572 1
1963 1520 1996 1572 6
2008 1520 2040 1572 5
2052 1519 2085 1572 8
2095 1559 2108 1573 .

1761 1680 1904 1734 111.
1937 1671 2031 1729 Ad
2062 1671 2409 1746 Hispaniam
2443 1691 2583 1747 prae
2615 1673 2825 1731 ceteris
2857 1691 2951 1730 ac-

1669 1758 1825 1817 cedit
1844 1759 2043 1832 Italia,
2061 1761 2335 1836 quamvis
2357 1762 2405 1820 si
2426 1763 2803 1837 exegetarum
2825 1762 2951 1820 sive

1668 1867 2003 1920 numerum,
2027 1848 2151 1908 sive
2184 1850 2404 1908 famam
2423 1855 2671 1925 spectes,
2691 1850 2949 1908 multum

1668 1937 1739 1995 ab
1772 1937 1879 1995 illa
1910 1937 2110 1996 distet.
2143 1939 2214 1996 In
2246 1939 2450 2013 primis
2485 1940 2784 1997 mentione
2818 1939 2948 2015 dig-

1666 2043 1782 2083 nus
1846 2028 1939 2084 est
1988 2026 2314 2085 Guilelmus
2373 2027 2721 2086 Sirletus
2781 2031 2949 2087 ortus

1667 2114 2061 2173 Guardavalle
2093 2134 2274 2191 prope
2313 2117 2531 2174 Stilum
2575 2116 2638 2173 in
2687 2116 2951 2175 Calabria

1667 2221 1714 2259 a.
1756 2212 1941 2266 1514.
1974 2203 2281 2280 Neapolim
2321 2204 2732 2280 commigravit
2777 2223 2947 2281 grae-

1667 2292 1768 2360 cis,
1802 2291 2090 2351 hebraicis
2125 2293 2443 2368 latinisque
2484 2293 2676 2351 literis
2710 2312 2946 2368 operam

1665 2380 1934 2449 daturus,
1952 2383 2131 2456 atque
2151 2382 2239 2440 ita
2257 2381 2612 2456 exquisitam
2632 2381 2817 2440 trium
2834 2382 2946 2439 lin-

1665 2488 1919 2547 guarum
1969 2470 2424 2547 intelligentiam
2481 2473 2571 2528 est
2618 2472 2945 2540 assecutae,

1664 2561 1736 2619 ut
1768 2559 1922 2618 nihil
1953 2559 2015 2617 in
2048 2560 2133 2618 eis
2167 2559 2305 2619 sciri
2338 2559 2603 2636 discique
2636 2559 2829 2635 possit
2850 2577 2943 2618 ac-

1665 2648 1951 2708 curatius.
1988 2649 2079 2707 Sic
2110 2650 2267 2708 enim
2298 2650 2501 2720 latine,
2538 2649 2619 2708 sic
2651 2668 2854 2726 graece
2887 2652 2950 2707 et

1665 2738 1937 2796 hebraice
1970 2739 2347 2813 loquebatur,
2394 2743 2465 2796 ut
2496 2739 2559 2796 in
2605 2738 2678 2797 iis
2725 2738 2948 2814 linguis

1664 2831 1843 2885 natus
1875 2828 2075 2901 potius
2124 2847 2303 2903 quam
2353 2826 2596 2886 edoctus
2643 2827 2949 2886 videretur

1664 2915 1806 2990 ipsis
1841 2916 2161 2992 magistris,
2213 2936 2359 2991 quos
2404 2918 2582 2993 longe
2629 2934 2945 2991 superave-

1663 3007 1775 3065 rat.
1809 3003 2038 3073 Quibus
2073 3004 2289 3063 studiis
2320 3024 2453 3064 cum
2501 3004 2945 3063 mathematicas

1666 3112 1921 3167 quoque,
1955 3094 2393 3169 philosophicas
2426 3097 2607 3167 atque
2656 3093 2943 3168 theologi-

1664 3200 1762 3240 cas
1794 3181 2136 3257 disciplinas
2171 3201 2240 3241 ex
2271 3182 2418 3258 ipsis
2452 3201 2794 3258 graecorum
2814 3180 2945 3239 fon-

1663 3270 1831 3328 tibus
1882 3271 2125 3330 haustas
2158 3272 2559 3347 conjungeret,
2592 3271 2760 3329 brevi
2796 3273 2943 3328 tem-

1665 3378 1805 3434 pore
1852 3360 1916 3417 in
1961 3361 2124 3419 omni
2172 3360 2557 3418 scientiarum
2604 3377 2818 3434 genere
2858 3359 2947 3416 ita

1664 3448 1961 3523 perfectus
2010 3450 2215 3517 evasit,
2264 3450 2333 3506 ut
2382 3448 2648 3506 omnium
2690 3447 2848 3505 hisce
2880 3447 2943 3503 in

1664 3537 1884 3594 studiis
1916 3541 2283 3596 versutorum
2302 3536 2578 3611 princeps
2599 3535 2819 3610 passim
2835 3552 2945 3592 nec

1663 3626 1960 3684 immerito
2006 3626 2339 3683 haberetur.
2384 3624 2535 3681 Eum
2565 3624 2813 3683 Romam
2844 3623 2945 3681 de-

394 3749 436 3795 ⁴}
464 3740 786 3794 fridericus
817 3739 1022 3793 Furius
1053 3741 1092 3794 O
1105 3740 1247 3794 erio
1261 3740 1280 3793 1
1292 3758 1374 3794 an
1389 3759 1423 3793 u
1439 3760 1464 3793 s
1492 3743 1604 3805 (vel
1663 3714 1851 3773 latum
1868 3714 2102 3772 amabat
2117 3714 2269 3771 card·
2287 3712 2534 3773 cervino
2553 3709 2783 3794 (Postea
2795 3731 2944 3788 Pon‘

330 3809 703 3876 Caeriolanus,
726 3810 948 3883 Cei-iol),
975 3810 1270 3865 Valentiae
1292 3815 1458 3865 natus
1479 3812 1603 3866 Phi·
1662 3803 1805 3862 tifex
1840 3803 2152 3861 Marcellus
2185 3798 2305 3884 IL),
2339 3802 2445 3878 qui
2468 3802 2596 3876 ejus
2619 3820 2794 3876 opera
2812 3803 2945 3859 ute-

329 3880 464 3954 lippi
485 3884 557 3939 Π·
584 3882 887 3936 familiariss
913 3885 959 3953 (†
983 3883 1389 3954 1ἴ)92)801’ἱ1)8ἰῄ
1412 3884 1605 3938 adver·
1660 3893 1858 3961 batur,
1906 3909 2043 3950 cum
2086 3894 2245 3950 esset
2288 3909 2525 3967 praeses
2568 3890 2802 3950 concilii
2835 3890 2944 3947 tri-

329 3970 415 4006 ⁸¹¹⁸
460 3955 489 4007 J
509 3969 824 4008 ⁰a¹²⁰em
875 3953 943 4034 (1.8
992 3953 1269 4017 B⁰n⁰¹¹²²²’
1334 3954 1602 4042 *Siculum
1661 3980 1910 4049 dentini,
1947 3981 2020 4039 ad
2053 3980 2452 4039 confirmanda
2478 3979 2659 4055 hujus
2706 3980 2945 4037 decreta

361 4026 690 4080 rofessorem
716 4025 1120 4089 lovaniensem,
1137 4030 1378 4080 Bononia
1396 4043 1513 4079 sive
1535 4027 1604 4080 de

348 4095 474 4150 ibris
501 4095 678 4150 sacris
719 4096 780 4148 in
805 4095 1163 4149 vernaculam
1193 4096 1450 4165 linguam
1478 4114 1602 4150 con,
1659 4070 2023 4128 testimoniis
2056 4072 2321 4127 veterum
2342 4065 2406 4151 ¹).
2440 4068 2584 4143 Ejus
2617 4085 2793 4143 opera
2823 4066 2942 4125 fac-

329 4168 607 4222 vertendis
652 4166 716 4220 ll.
760 4172 812 4230 2,
857 4164 1116 4222 Basileae
1163 4171 1331 4237 1556;
1375 4167 1601 4235 Leyden
2592 4224 2599 4229 ,

327 4241 473 4303 1819,
502 4239 606 4307 qui
646 4241 839 4291 tamen
880 4236 1025 4292 liber
1064 4238 1352 4306 quondam
1396 4242 1603 4293 eratin
1660 4241 1836 4295 franc.
1863 4241 1903 4304 l,
1930 4242 2073 4310 214).
2099 4238 2374 4293 Recenter
2417 4254 2546 4291 vero
2575 4236 2636 4291 B.
2663 4234 2946 4290 Biondelli

325 4308 505 4363 Indice
554 4309 620 4362 11.
673 4307 1112 4378 prohibitorum.
1177 4309 1259 4363 Cf.
1311 4309 1404 4363 Re
1422 4327 1458 4363 u
1477 4326 1501 4362 s
1518 4312 1600 4364 oh
1659 4312 1747 4365 ed.
1773 4314 2230 4381 Evangeliarium,
2268 4313 2634 4378 epistolarium
2678 4317 2727 4361 et
2775 4311 2942 4360 lectio-

325 4386 368 4442 1,
395 4385 513 4437 254.
541 4412 597 4421 -
627 4380 760 4433 Ber
778 4396 815 4430 n
833 4379 1045 4434 ardin
1065 4398 1143 4433 us
1170 4381 1601 4451 Sahaguntinus
1656 4389 1878 4438 narium
1905 4386 2161 4437 aztecum
2188 4381 2305 4434 sive
2346 4380 2700 4434 mexicanum
2727 4394 2791 4431 ex
2819 4377 2940 4432 cod.

325 4450 607 4521 Hispanus
633 4468 749 4520 reg.
779 4451 893 4503 obs.
919 4451 980 4504 in
1006 4452 1287 4505 Mexicum
1316 4453 1601 4522 profectus
1658 4454 1902 4523 antiquo
1914 4453 2203 4507 mexicano
2216 4469 2400 4521 nuper
2412 4453 2631 4519 reperto
2644 4466 2771 4502 cum
2788 4464 2944 4518 prae-

323 4523 500 4577 totum
551 4539 612 4577 ee
656 4522 942 4592 impendit
984 4522 1340 4578 addiscendis
1388 4525 1601 4594 linguis
1660 4526 1893 4589 satione,
1945 4524 2435 4592 interpretatione,
2476 4519 2944 4575 adnotationibus

322 4590 471 4647 illius
496 4593 769 4665 regionis,
810 4610 953 4660 quas
996 4593 1079 4649 ita
1108 4595 1356 4665 perfecte
1384 4594 1599 4648 addidi·
1659 4600 1717 4650 et
1741 4598 2016 4667 glossario
2042 4596 2215 4663 hujus
2252 4591 2591 4648 missionarii
2627 4591 2701 4664 (fl.
2731 4595 2940 4647 1529—

322 4663 411 4727 cit,
438 4668 503 4718 ut
526 4665 732 4720 erectis
777 4664 983 4719 scholis
1024 4666 1303 4734 plurimos
1328 4666 1603 4722 erudierit
1659 4672 1842 4740 1590).

322 4734 388 4787 ad
414 4737 582 4789 fidem
620 4736 1038 4805 capessendam,
1079 4738 1402 4806 multosque
1426 4737 1600 4792 libros
1736 4744 1773 4797 η
1799 4739 2042 4809 Aliquot
2090 4740 2163 4807 (5)
2216 4737 2484 4805 epistolas
2524 4734 2674 4789 card.
2714 4731 2941 4810 Cervini

322 4822 420 4874 pro
436 4807 553 4860 illis
575 4806 970 4875 conscripserit
986 4807 1077 4877 (cf.
1093 4807 1179 4863 Jo.
1197 4826 1230 4862 a
1247 4827 1288 4864 s.
1304 4811 1438 4864 Ant.
1454 4808 1599 4866 Bibl.
1657 4811 1730 4864 ad
1759 4810 2048 4876 Sirletum,
2094 4809 2195 4877 qui
2223 4808 2432 4862 Romae
2458 4806 2801 4868 morabatur,
2829 4802 2940 4856 edi·

527 4907 726 4963 Hurter,
752 4906 1095 4954 nomenclator
1120 4909 1187 4954 111
1216 4909 1292 4954 ec.
1322 4908 1370 4954 3.
2586 4899 2619 4950 9
