3625 5193
1053 206 1422 261 1601-1620.
1450 204 1794 273 Interpretee
1821 225 1863 259 s.
1890 203 2092 272 Script.
2119 204 2179 257 in
2207 204 2364 273 Hisp.
2395 205 2717 274 Stephanus
2743 207 2844 260 etc.
3140 225 3262 278 480

646 218 769 271 479

642 409 756 464 que
790 390 968 464 hujus
999 388 1298 449 facultatis
1345 390 1663 463 primarius
1696 391 1759 449 in
1791 409 1920 451 aca-
1978 391 2337 467 geographia
2380 395 2572 448 terrae
2617 390 3051 465 promissionis;
3097 402 3149 450 6.
3193 392 3264 450 de

641 478 833 537 demia
863 478 1054 553 patria
1100 478 1400 552 professor
1431 479 1650 537 edidit:
1682 480 1924 560 Clypeus
1980 480 2419 555 scripturarum
2453 479 2948 555 chronographia;
2990 491 3041 541 7.
3080 481 3261 539 histo-

639 571 1100 626 concionatoram
1145 568 1299 626 verbi
1346 566 1473 643 Dei,
1523 569 1584 625 in
1630 587 1748 643 quo
1781 575 1923 629 sunt
1977 570 2097 627 riae
2130 568 2501 644 evangelicae
2533 586 2782 628 summa.
2815 601 2903 612 —-
2936 569 3108 626 Alter
3142 570 3262 627 Ex—

638 657 903 731 sculptae
972 673 1173 715 omnes
1243 656 1498 715 visiones
1569 659 1922 733 symbolicae
1968 661 2313 731 positionem
2358 657 2635 715 literalem
2681 665 2731 714 et
2778 659 3051 715 moralem
3101 659 3265 717 dedit

652 750 712 804 et
773 746 940 822 signa
984 746 1165 804 realia
1211 745 1275 803 V.
1310 745 1370 802 Τ.
1421 749 1482 804 ct
1543 764 1751 806 causae
1784 748 1920 805 uni-
1978 747 2241 806 omnium
2276 745 2739 822 evangeliorum,
2774 766 2924 820 quae
2958 746 3031 803 ab
3064 747 3262 806 Eccle-

637 853 841 893 versae
874 833 1091 909 eloquii
1127 834 1333 909 divini,
1369 838 1430 892 et
1465 835 1608 909 quid
1649 854 1694 894 s.
1725 837 1918 911 Scrip·
1980 836 2069 894 sia
2100 839 2538 911 proponuntur.
2574 835 2794 911 Burgis
2822 846 2986 898 1604
3014 843 3055 892 t.
3082 846 3116 899 3
3141 837 3205 894 in
3227 837 3262 894 f.

636 927 805 982 turae
839 924 1165 982 secundum
1199 923 1407 980 seriem
1439 923 1635 982 decem
1686 925 1919 1000 praedi·
1981 959 2060 968 —
2097 924 2331 982 Tertius
2367 926 2854 998 Paxaugustanus
2892 920 2974 1006 (n.
3009 925 3261 1000 Badajoz

637 1016 1043 1074 camentorum
1091 1011 1342 1070 attribui
1395 1014 1580 1088 possit
1631 1032 1748 1072 una
1786 1034 1918 1073 cum
1980 1023 2078 1077 21.
2112 1013 2230 1071 Jul.
2272 1009 2484 1094 1533),
2520 1012 2613 1069 vir
2644 1018 2801 1071 certe
2833 1013 3125 1083 eruditae,
3156 1015 3261 1089 qui

637 1102 888 1159 historia
947 1102 1236 1159 Geneseos
1286 1121 1320 1158 a
1366 1102 1578 1160 mundi
1628 1103 1920 1178 principio
1975 1103 2316 1177 linguarum
2350 1102 2706 1160 biblicarum
2740 1102 3059 1170 hebraicae,
3101 1103 3259 1160 chal-

636 1209 825 1265 usque
885 1191 957 1248 ad
1018 1190 1286 1266 gentium
1346 1190 1694 1250 divisionem
1744 1193 1803 1250 11.
1863 1203 1916 1260 8,
1975 1192 2193 1260 daicae,
2231 1192 2505 1266 syriacae,
2542 1196 2774 1265 praeter
2806 1191 2953 1249 alias
3004 1211 3109 1266 per
3142 1192 3260 1250 Eu·

636 1279 863 1354 Hispali
921 1289 1117 1347 1612;
1168 1279 1430 1337 Venetiis
1479 1291 1661 1343 1613.
1694 1314 1781 1324 --
1814 1282 1917 1340 Jo·
1975 1300 2178 1355 ropam
2210 1281 2506 1356 vulgatae,
2541 1298 2688 1352 quas
2720 1280 2832 1338 sibi
2850 1280 3137 1338 diuturna
3159 1300 3258 1355 pe-

635 1370 852 1442 sephus
911 1368 1373 1443 Stephanae,
1439 1370 1620 1445 vulgo
1683 1371 1914 1438 Esteve,

635 1456 1001 1526 ValentinuS,
1088 1460 1369 1515 vestanus
1451 1452 1699 1536 (1586),
1782 1459 1916 1518 dein

635 1546 937 1604 oriolanus
994 1545 1301 1620 episcopus
1344 1543 1405 1611 (†
1458 1542 1665 1626 1604),
1725 1549 1916 1622 scrip-

633 1634 738 1692 sit:
785 1634 870 1691 De
902 1635 1036 1692 bello
1067 1653 1234 1692 sacro
1266 1636 1559 1711 reliyionis
1588 1655 1766 1693 causa
1787 1656 1915 1695 sus·

632 1731 788 1795 cepto
808 1724 889 1781 ad
908 1724 963 1783 ll.
987 1722 1472 1782 Machabaeomm
1503 1728 1913 1783 cominentarii.

634 1812 861 1870 Prodiit
891 1816 1131 1871 tantum
1163 1816 1206 1870 t.
1235 1823 1285 1874 1.
1310 1813 1537 1872 Oriolae
1569 1825 1729 1878 1603
1754 1815 1818 1873 in
1842 1825 1912 1883 4;

633 1902 934 1959 valentiae
967 1911 1148 1970 1616,
1181 1901 1242 1959 in
1276 1921 1394 1976 quo
1427 1902 1551 1978 agit
1583 1903 1818 1962 nonnisi
1841 1904 1912 1962 de

632 1990 840 2064 primis
876 2000 912 2051 4
947 2008 1026 2048 cc.
1060 1990 1095 2046 l.
1140 2002 1186 2051 1.
1221 1991 1354 2048 Alia
1386 1991 1674 2066 quaedam
1708 1992 1911 2062 edidit,

629 2084 701 2136 ut
732 2080 801 2136 de
819 2080 1092 2153 diqnitate
1113 2087 1161 2136 et
1189 2083 1643 2153 praeeminentia
1668 2082 1908 2156 presby·

629 2175 899 2241 tet-orum,
923 2168 1001 2230 ib.
1022 2190 1034 2233 ;
1068 2170 1136 2225 de
1148 2176 1422 2241 potestate
1441 2168 1709 2242 coactiva,
1732 2189 1908 2245 quam

629 2276 772 2315 rom.
807 2258 1072 2331 pontifex
1105 2263 1333 2316 exercet
1363 2259 1427 2317 in
1459 2260 1695 2335 negotia
1741 2278 1907 2318 secu-

630 2345 779 2404 laria
810 2346 846 2403 l.
883 2343 1174 2427 (tantum)
1196 2347 1444 2421 primus,
1468 2348 1680 2407 Romae
1708 2357 1907 2418 15863

628 2436 695 2491 de
727 2437 1066 2494 osculatione
1089 2437 1306 2510 pedum
1326 2455 1471 2498 rom.
1492 2437 1785 2512 pontificis
1806 2438 1906 2494 ad-

618 2524 775 2599 jecta
810 2525 955 2599 disp.
991 2524 1062 2581 de
1094 2525 1464 2582 coronatione
1511 2531 1570 2582 et
1617 2526 1908 2583 levatione

1974 1369 2371 1445 regrinatione
2434 1368 2756 1427 familiares
2820 1369 3055 1432 fecerat,
3122 1389 3257 1444 cog-

1973 1458 2201 1516 nitione
2262 1458 2679 1516 humaniorum
2729 1458 3142 1532 diciplinarum
3195 1477 3261 1517 ac

1972 1547 2162 1604 multo
2224 1547 2414 1623 magis
2477 1565 2670 1604 sacrae
2723 1547 2998 1604 scientiae
3057 1547 3258 1604 studio

1974 1655 2102 1693 sese
2134 1636 2277 1694 adeo
2309 1636 2588 1694 omnibus
2623 1636 2917 1709 probavit,
2954 1645 3023 1692 ut.
3057 1655 3091 1692 a
3124 1636 3252 1693 Phi-

1972 1725 2132 1799 lippo
2162 1711 2238 1782 'IL
2275 1725 2703 1800 chronographi
2736 1725 2884 1800 regii
2927 1724 3111 1782 titulo
3160 1744 3253 1782 co-

1972 1813 2407 1873 honestaretur.
2441 1812 2675 1871 Maximi
2710 1831 2947 1887 quoque
2998 1833 3131 1871 eum
3166 1815 3252 1871 fa-

1970 1903 2161 1960 ciebat
2193 1903 2363 1960 Arias
2396 1904 2793 1960 Montanus
2817 1897 2880 1983 (†
2911 1897 3252 1980 1607136-

1971 1987 2212 2068 liquit1)
2265 1991 2337 2048 ad
2391 2009 2466 2049 ss.
2510 1992 2767 2064 quatuor
2809 1991 3252 2066 evangeliorum

1968 2081 2365 2156 cognitionem
2411 2079 2740 2153 spectantia
2785 2098 2962 2153 opera
3007 2080 3252 2138 indues

1968 2173 2158 2228 tomos
2203 2168 2504 2237 distincta,
2554 2186 2805 2242 quorum
2855 2168 3081 2242 primus
3114 2187 3251 2226 con-

1967 2259 2121 2316 tinet
2170 2265 2418 2333 quatuor
2464 2258 2876 2333 evaristum-um
2925 2274 3119 2315 recens
3160 2277 3249 2314 re-

1967 2347 2248 2421 coquitam
2281 2348 2735 2420 translationem,
2788 2345 2882 2404 cui
2931 2364 2961 2403 e
3012 2347 3254 2420 regione

1967 2442 2138 2493 vetus
2203 2441 2263 2493 et
2338 2436 2583 2511 vulgata
2643 2435 2821 2492 editio
2900 2435 3250 2509 respondet;

1966 2528 2304 2600 sequuntur
2364 2524 2574 2581 deinde
2636 2527 2893 2598 quatuor
2944 2523 3006 2580 ll.
3059 2525 3250 2601 isago-

627 2632 734 2672 seu
764 2613 1095 2686 portatione
1127 2614 1349 2687 Papae:
1396 2615 1591 2673 omnia
1637 2633 1794 2672 nunc
1841 2634 1907 2673 ex
1962 2614 2099 2688 gici‚
2136 2614 2258 2674 scil.
2289 2614 2754 2692 chi-onoyraplzia
2793 2614 2865 2670 ab
2921 2614 3061 2671 orbe
3114 2632 3249 2672 con-

626 2702 880 2775 repetita
910 2702 1302 2775 praelectione
1324 2703 1530 2760 multis
1547 2721 1613 2760 ex
1636 2704 1905 2777 partibus
1963 2702 2091 2760 dito
2142 2703 2217 2760 ad
2266 2704 2557 2760 excidium
2618 2702 3249 2777 hierosolymitanum3

627 2790 984 2864 locupletata
1033 2794 1093 2846 et
1141 2794 1313 2848 aucta
1356 2795 1418 2849 et
1460 2793 1534 2849 ab
1577 2792 1903 2850 haeretico·
1963 2792 2345 2867 topoyraphia
2376 2793 2638 2850 locorum
2672 2791 2746 2848 ad
2780 2809 2852 2848 ss.
2887 2792 3092 2848 literas
3114 2811 3248 2865 per-

625 2897 757 2935 rum
794 2877 1105 2937 calumniis
1140 2878 1398 2949 defensa,
1445 2880 1664 2939 Romae
1705 2890 1903 2950 15883
1964 2880 2317 2949 tinentium3
2362 2882 2428 2937 de
2460 2899 2735 2938 consensu
2767 2888 2817 2936 et
2850 2881 3050 2937 ordine
3082 2899 3247 2937 evan·

627 2966 924 3040 prodierat
959 2967 1082 3039 jam
1130 2967 1206 3029 ib.
1250 2978 1438 3037 1575;
1488 2988 1621 3027 cum
1669 2970 1905 3044 Delphii
1956 2971 2323 3045 yelistaram;
2369 2973 2620 3043 quartus
2669 2970 2703 3025 l.
2758 2968 3020 3027 methodi
3062 2969 3248 3026 totius

627 3055 684 3111 ll.
720 3056 786 3112 de
809 3062 1085 3127 potestate
1107 3060 1416 3131 pontificis,
1438 3059 1707 3116 Coloniae
1735 3069 1900 3121 1580
1960 3059 2247 3116 rationem
2282 3058 2505 3125 reddit;
2542 3061 2878 3131 sequuntur
2899 3059 3248 3132 eeaieyelicae

624 3144 762 3212 in&
791 3145 1038 3202 cleunica
1060 3147 1410 3222 reliyionead
1429 3147 1900 3223 Philippumlll„
1959 3148 2233 3204 historiae
2249 3165 2315 3204 ex
2334 3151 2591 3220 quatuor
2607 3146 2932 3221 evangeliis
2951 3165 3245 3221 cocytum-

624 3233 660 3289 1.
713 3232 983 3291 eruditus
1040 3238 1098 3291 et
1147 3235 1314 3294 utilis
1367 3239 1571 3295 contra
1621 3254 1734 3303 eos,
1801 3236 1906 3309 qui
1959 3243 2113 3293 tatae
2144 3237 2200 3292 Il.
2234 3239 2291 3294 4.
2325 3235 2538 3293 Tomus
2585 3235 2876 3293 secundus
2922 3244 3013 3292 est
3058 3254 3245 3310 para-

622 3321 924 3397 religionis
957 3323 1293 3382 libertatem
1327 3325 1607 3384 inducere
1647 3328 1901 3386 tentant.
1947 3325 2194 3397 phrasis
2228 3326 2577 3401 evanyelicae
2607 3325 2902 3396 historiae,
2935 3343 3088 3398 quae
3125 3324 3242 3384 411.

1958 3414 2206 3489 digesta,
2242 3431 2628 3487 quaecunque
2670 3414 2735 3470 in
2781 3432 2855 3470 ss.
2903 3412 3241 3488 Evangeliis

713 3510 856 3561 205.
896 3501 1104 3559 Plures
1151 3501 1400 3577 Hispani
1452 3521 1685 3578 operam
1733 3521 1902 3560 suam
1958 3503 2254 3560 habentur
2299 3502 2566 3577 explicat,
2616 3502 2841 3559 Matriti
2882 3512 3039 3563 1601
3099 3502 3159 3558 in
3203 3501 3239 3559 f.

617 3589 853 3647 utiliter
873 3590 1237 3648 collocarunt
1257 3592 1319 3649 in
1340 3591 1711 3650 illustrandis
1731 3610 1898 3649 evan-

615 3680 789 3751 yeliis.
859 3676 1123 3746 Quatuor
1171 3681 1515 3752 praesertim
1567 3681 1684 3738 huc
1733 3698 1898 3755 spec-

617 3770 780 3823 tant:
819 3766 1024 3823 Petrus
1059 3767 1331 3826 Garcia
1361 3769 1434 3825 de
1468 3769 1730 3827 Galarzia
1758 3768 1897 3848 (Ga-

617 3852 808 3933 laria),
844 3855 1058 3912 Petrus
1093 3855 1452 3913 Machado
1487 3856 1621 3913 Ord.
1658 3857 1711 3914 b.
1734 3859 1809 3914 M.
1834 3857 1895 3913 V.

618 3942 688 4000 de
722 3942 912 4011 Mera,
949 3943 1265 4002 Rodericus
1299 3945 1516 4003 Dosm
1538 3964 1572 4002 a
1616 3945 1894 4021 Delgado,

617 4034 672 4087 et
693 4030 913 4087 Sebast.
947 4032 993 4088 B
1011 4032 1231 4089 arrad
1250 4052 1324 4091 as
1359 4033 1413 4090 S.
1436 4033 1490 4090 J.
1511 4033 1738 4092 Horum
1771 4035 1894 4109 pri·

617 4137 748 4175 mus
782 4118 1091 4195 episcopus
1124 4122 1445 4179 cauriensis
1478 4116 1539 4203 (†
1581 4120 1772 4199 1606)
1805 4126 1895 4180 in-

615 4209 969 4264 stitutionum
1015 4212 1466 4285 evanyelicarum
1512 4212 1567 4270 lt.
1602 4216 1641 4269 8
1689 4211 1892 4282 edidit,

617 4296 842 4354 Matriti
896 4307 1096 4367 15793
1145 4298 1404 4357 Venetiis
1447 4309 1641 4369 1603;
1693 4309 1892 4371 16043

616 4384 738 4442 scil.
786 4397 830 4446 l.
865 4384 937 4444 de
970 4386 1282 4462 Evangelii
1315 4390 1696 4464 praestantia,
1733 4390 1892 4448 veri-

613 4476 757 4541 tate,
793 4478 852 4530 et
885 4474 1223 4550 linguarum
1256 4496 1399 4546 usu3
1437 4487 1491 4540 2.
1515 4477 1587 4534 de
1620 4496 1796 4535 sensu
1818 4478 1889 4534 li-

612 4561 786 4619 terali
833 4579 877 4619 s.
925 4564 1294 4639 Scripturae3
1347 4577 1399 4629 3.
1442 4567 1513 4624 de
1546 4566 1810 4640 mysticis
1846 4585 1889 4624 e.

615 4649 950 4727 Scripturae
998 4655 1300 4727 sensibus3
1351 4665 1408 4717 4.
1453 4657 1522 4715 de
1570 4656 1891 4731 Scripturis

1957 3591 2045 3647 De
2076 3593 2412 3650 auctoritate
2443 3609 2485 3648 s.
2522 3591 2863 3663 Scripturas
2896 3590 2953 3646 ll.
2990 3592 3046 3659 3,
3098 3590 3239 3649 Pin-

1956 3680 2074 3737 ciae
2118 3690 2311 3746 1594;
2363 3680 2666 3752 Eaepositio
2704 3682 2816 3737 sive
2838 3679 3241 3754 paraphrasis

1957 3770 2015 3825 in
2047 3787 2123 3826 ss.
2158 3768 2256 3826 CL
2290 3767 2548 3826 Psalmos
2579 3770 2631 3826 et
2676 3770 2739 3825 in
2782 3769 3005 3825 wintica
3054 3769 3238 3824 canti-

1954 3876 2153 3915 corum
2186 3876 2317 3914 cum
2351 3856 2838 3914 annotationibus
2882 3859 2943 3914 et
2982 3856 3235 3924 scholiis,

1955 3946 2178 4004 Matriti
2222 3956 2377 4008 1601
2422 3946 2482 4003 in
2520 3958 2574 4007 4.

2045 4080 2187 4132 206.
2224 4071 2343 4127 Hos
2375 4074 2573 4128 tamen
2612 4068 2917 4144 praecellit
2963 4073 3235 4143 quartae,

1954 4158 2332 4216 Sebastianus
2392 4158 2774 4216 Barradas
2828 4158 2880 4215 S.
2933 4157 2987 4214 J.
3039 4157 3237 4232 patria

1953 4247 2396 4322 Olisiponensis,
2432 4247 2734 4305 nobilibus
2770 4250 2938 4304 ortus
2971 4246 3234 4321 parenti-

1951 4337 2061 4394 bus
2095 4339 2156 4394 et
2190 4336 2261 4393 ad
2295 4354 2525 4393 omnem
2558 4336 2803 4393 virtutis
2845 4334 3078 4392 laudem
3109 4335 3233 4408 jam

2028 4476 2063 4537 ¹)
2093 4471 2172 4524 Cf.
2202 4471 2452 4539 ejusdem
2482 4486 2652 4539 opera
2678 4469 2834 4524 edita
2860 4474 2919 4523 et
2936 4468 3152 4524 inedita
3172 4470 3231 4524 in

1947 4541 2084 4596 bibl.
2106 4542 2249 4610 hisp.
2278 4559 2426 4595 nova
2454 4542 2519 4606 ΙΙ,
2547 4545 2651 4598 265
2681 4558 2738 4605 s.,
2780 4541 2929 4595 inter
2975 4557 3123 4610 quae
3150 4543 3237 4596 est

1947 4612 2118 4666 etiam
2142 4634 2152 4666 :
2216 4612 2489 4667 Tratados
2540 4616 2621 4666 <tel
2674 4616 3018 4667 Sacramenta
3068 4615 3130 4666 de
3178 4618 3234 4670 la

1946 4687 2241 4739 Pem'tencia
2269 4702 2304 4752 y
2332 4684 2611 4739 calidades
2656 4683 2749 4738 del
2777 4683 3045 4738 Confesor
3070 4701 3107 4752 y
3135 4683 3234 4738 Pe-

611 4741 740 4797 tum
794 4742 1086 4800 canonicis
1138 4747 1265 4802 tum
1299 4745 1678 4820 apocryphi33
1731 4756 1784 4807 5.
1820 4744 1889 4802 de
1946 4756 2183 4819 nitente,
2210 4754 2428 4809 Matriti
2458 4760 2593 4811 1601
2623 4756 2682 4807 in
2709 4761 2760 4811 4.
2868 4819 2874 4822 Α
