3625 5193
566 217 639 267 19
1046 202 1417 256 1564—1580.
1444 200 1751 269 Theologia
1777 200 1890 271 pol.
1917 200 1976 253 in
2004 200 2321 255 Germania.
2350 198 2678 266 Staphylus,
3086 216 3163 267 20

555 384 759 442 habita
777 384 1076 459 praestitit
1089 381 1152 464 1).
1187 384 1441 461 Ideoque
1457 386 1752 460 quondam
1770 386 1831 444 in
1890 387 2152 445 deseruit
2184 392 2378 445 castra
2393 383 2438 463 ¹)
2491 389 2550 443 et
2583 384 2656 442 ad
2688 388 2934 443 matrem
2966 386 3166 444 Eccle-

554 474 615 530 ll.
649 473 1083 549 prohibitorum
1104 473 1603 544 indicem,sa1tem
1630 474 1831 543 ‚donee
1889 476 2036 535 siam
2067 475 2246 534 rediit
2277 474 2346 553 (a.
2393 471 2599 554 1553).
2651 473 2823 532 Tanti
2853 474 3045 532 factus
3078 480 3169 533 est

530 563 943 638 -oorrigantur‘
963 563 1152 621 relata
1167 566 1309 622 sunt
1322 565 1449 640 ejus
1466 564 1833 623 Collectanea
1888 585 1921 623 a
1954 566 2247 640 pontifice,
2298 570 2367 623 ut
2397 583 2530 623 eum
2563 564 2635 622 ad
2668 563 2980 622 concilium
3015 564 3167 622 invi-

555 653 625 709 de
655 653 997 710 continentia
1030 653 1083 715 ll.
1120 652 1218 727 VI,
1256 653 1496 711 Parisiis
1536 662 1735 721 15653
1769 653 1831 710 in
1888 655 2106 713 taverit
2137 653 2563 713 tridentinum:
2616 672 2720 712 nec
2752 652 2997 711 minoris
3029 672 3167 711 eum

554 761 640 816 ep.
693 741 747 805 d,
784 741 953 799 Pauli
1002 745 1073 799 ad
1124 742 1323 800 Titum
1371 744 1829 800 commentarius.
1888 743 2157 802 fecerunt
2203 744 2484 819 Bojorum
2529 741 2668 815 dux,
2714 742 2818 816 qui
2863 761 2995 800 eum
3033 762 3169 801 con-

554 830 993 889 HincBonain
1015 849 1123 889 sua
1137 831 1351 889 notitia
1366 834 1676 890 auctorum
1694 850 1831 890 eum
1887 833 2086 891 stituit
2116 832 2505 908 professorem
2550 835 2611 889 et
2656 834 2984 889 curatorem
3037 850 3165 889 aca-

556 919 850 996 insignem
901 923 1067 977 vocat
1110 920 1471 996 theologum,
1525 919 1628 978 sed
1661 924 1831 979 caute
1888 921 2114 980 demiae
2145 921 2612 998 ingolstadianae
2645 915 2892 999 (1560),
2941 924 3000 977 et
3031 921 3166 978 Fer-

557 1009 871 1085 legendum
908 1027 1031 1067 esse
1064 1014 1281 1067 monet.
1345 1009 1613 1084 Reliquit
1656 1011 1833 1085 plura
1887 1010 2181 1069 dinandus
2213 1012 2552 1085 imperator,
2585 1009 2689 1084 qui
2712 1009 2883 1066 illum
2907 1009 2967 1066 in
2990 1028 3165 1067 causa

556 1099 667 1159 alia
714 1118 890 1173 opera
933 1098 1145 1174 gallice
1187 1098 1517 1174 conscripta
1562 1099 1828 1169 ascetica‚
1887 1100 2118 1159 concilii
2166 1099 2494 1175 Oeniponte
2541 1098 2788 1155 retinuit
2836 1094 2910 1177 (a.
2953 1094 3163 1178 1563),

555 1206 868 1256 sermoneS,
907 1187 1166 1245 carmina
1196 1192 1303 1246 etc.
1888 1193 1948 1247 et
1990 1190 2115 1265 jam
2167 1192 2340 1247 antea
2387 1188 2460 1247 ad
2511 1186 2868 1261 colloquium
2916 1206 3165 1245 worma-

1887 1279 2075 1337 tiense
2092 1278 2491 1336 destinaverat
2521 1280 2582 1335 et
2609 1276 2672 1334 in
2692 1275 2946 1334 comitiis
2966 1276 3165 1334 eadem

1888 1368 1947 1425 in
1983 1369 2129 1426 urbe
2163 1367 2381 1426 habitis
2404 1366 2474 1424 de
2493 1365 2747 1442 negotiis
2768 1366 3164 1424 consuluerat.

652 1466 673 1514 l
699 1454 793 1516 l.J
797 1474 885 1513 am
901 1454 971 1512 ad
989 1455 1831 1513 Germanostranseamus.Pri-
1888 1458 2140 1516 Moriens
2152 1453 2202 1537 ⁸)
2226 1474 2377 1531 opus
2399 1456 2812 1514 adumbravit:
2846 1455 2934 1512 De
2965 1455 3167 1512 ultima

554 1563 683 1601 mus
736 1543 909 1601 nobis
962 1545 1217 1601 occurrit
1277 1545 1606 1603 Fridericns
1672 1546 1829 1603 Sta·
1887 1554 1937 1604 et
1969 1565 2178 1621 maqna
2203 1547 2506 1618 defectione
2525 1546 2825 1602 adventum
2846 1545 3168 1602 antichristi

551 1632 839 1708 phylus
887 1630 1089 1714 (natus
1141 1643 1238 1695 27.
1285 1637 1437 1709 Aug.
1495 1630 1705 1713 1512),
1758 1635 1830 1692 de
1879 1654 2276 1708 praecessura.
2315 1634 2621 1702 ,Libellus
2654 1633 2771 1704 ille,
2816 1633 3016 1708 inquit
3048 1634 3165 1691 En-

553 1740 671 1796 quo
703 1722 786 1779 ita
819 1722 1040 1780 habent
1072 1723 1328 1780 Annales
1379 1722 1707 1781 academiae
1738 1724 1830 1782 in·
1887 1725 2121 1801 genius,
2167 1725 2233 1782 in
2262 1724 2450 1785 annal.
2484 1724 2579 1781 cit.
2615 1743 2669 1798 p.
2709 1732 2763 1790 7,
2815 1742 2848 1781 a
2897 1722 3007 1797 piis
3040 1742 3164 1779 om-

552 1810 1061 1884 golstadiensisad
1087 1822 1356 1875 a.1564:
1398 1811 1538 1886 „Die
1564 1812 1830 1873 5.Martii
1885 1814 2065 1872 nibus
2144 1814 2299 1872 inter
2365 1813 2562 1870 omnia
2615 1812 2838 1886 scripta
2889 1811 3163 1886 Staphyli

552 1900 865 1975 emigravit
916 1920 982 1958 ex
1035 1902 1144 1958 hac
1192 1900 1429 1959 mortali
1463 1901 1583 1959 vita
1614 1901 1706 1957 vir
1736 1902 1831 1959 in·
1887 1904 2138 1961 maxime
2198 1903 2261 1960 in
2325 1902 2549 1960 deliciis
2612 1900 2938 1970 habenduS,
3007 1900 3167 1975 quod

558 1988 964 2062 comparabqis
1011 1992 1071 2047 et
1102 1989 1363 2047 invictus
1397 1989 1702 2067 religionis
1736 2009 1831 2048 ca·
1888 1992 2179 2066 quaedam
2230 1992 2400 2067 quasi
2462 1991 2707 2048 extremi
2767 1990 2974 2062 judicii
3020 1989 3167 2047 tuba

552 2078 805 2136 tholicae
867 2083 1280 2153 propugnator
1327 2082 1461 2153 post
1513 2080 1830 2138 immensos

554 2167 787 2225 labores
821 2186 928 2241 pro
961 2167 1258 2226 Ecclesiae
1292 2168 1699 2227 incolumitate
1731 2189 1829 2228 ex-

554 2256 801 2315 haustos
820 2258 883 2314 D.
901 2257 1320 2333 Fr.Staphylus
1334 2257 1829 2333 OsnabrugensiS,

560 2346 955 2421 WestphaluS,
978 2364 1022 2405 s,
1042 2347 1373 2423 theologiae
1393 2347 1599 2406 doctor
1609 2345 1679 2424 2),
1702 2367 1829 2405 cae-

554 2455 747 2493 sareae
763 2436 1086 2509 majestatis
1102 2439 1163 2493 et
1178 2435 1542 2494 serenissimi
1560 2436 1829 2507 bojorum

553 2525 719 2583 ducis
754 2525 985 2582 Alberti
1017 2524 1385 2582 consiliarius
1405 2528 1466 2581 et
1486 2524 1713 2581 scholae
1736 2524 1829 2581 in-

551 2614 973 2690 golstadiensis
989 2613 1481 2688 superintendens
1498 2617 1605 2670 etc.
1621 2620 1647 2649 ‘
1672 2612 1829 2670 Ado-

553 2704 775 2760 lescens
836 2702 1183 2760 celebriores
1247 2701 1447 2759 invisit
1497 2701 1719 2759 Galliae
1769 2704 1831 2758 et

552 2792 757 2849 ltaliae
780 2790 1169 2858 accademias;
1205 2789 1554 2847 decennium
1573 2808 1828 2848 commo·

552 2884 845 2938 ratusest
878 2878 1320 2954 Wittenbergae
1366 2878 1628 2936 amicitia
1651 2879 1827 2954 junc-

550 2973 649 3026 tus
680 2969 938 3026 Luthero
958 2972 1018 3025 et
1040 2967 1454 3036 Melanchtoni,
1479 2969 1572 3043 cuj
1582 2985 1650 3025 us
1671 2986 1828 3027 com-

552 3057 928 3115 mendatione
978 3056 1225 3115 docendi
1289 3075 1529 3114 munere
1575 3057 1830 3115 donatus

551 3153 640 3204 est
660 3145 1053 3221 Regiomontii
1078 3142 1324 3224 (1546).
1358 3145 1577 3204 Verum
1610 3146 1670 3204 in
1692 3165 1830 3206 con-

552 3235 839 3293 troversia
858 3253 992 3293 cum
1015 3234 1300 3293 Osiandro
1323 3239 1827 3311 argumentorum,

550 3312 769 3400 quibus
846 3324 1027 3401 hujus
1087 3324 1415 3381 utebantur
1489 3324 1828 3394 adversarii,

550 3413 983 3487 persentiscens
1016 3412 1442 3481 infirmitatem,
1478 3414 1648 3471 testis
1682 3433 1828 3486 quo-

551 3521 666 3576 que
700 3503 1081 3561 dissidiorum
1102 3503 1163 3560 in
1196 3502 1469 3560 doctrina
1498 3522 1678 3578 penes
1712 3502 1830 3561 Lu-

1886 2082 2178 2150 videatur‚
2191 2101 2308 2155 qua
2323 2084 2628 2155 torpentes
2639 2079 2972 2137 excitentur
2985 2079 3163 2137 animi

1887 2176 1946 2229 et·
1963 2175 2244 2229 nutantes
2259 2170 2691 2228 confirmentur.
2708 2177 2734 2203 *¹
2760 2168 2984 2224 Prodiit
2999 2167 3164 2240 prius

1888 2260 2239 2337 germanice,
2288 2259 2423 2315 ‹lein
2469 2257 2650 2314 latine
2698 2266 2875 2317 1569.
2942 2254 3161 2311 Eodem

1887 2353 2040 2406 teste
2073 2348 2263 2404 fertur
2294 2346 2511 2402 Hosius
2563 2345 2624 2401 in
2659 2343 2792 2400 fidei
2825 2346 3163 2400 controver-

1889 2438 1988 2494 siis
2052 2434 2402 2509 Staphylum
2467 2437 2741 2490 nostrum
2803 2433 2895 2489 vel
2945 2431 3162 2489 celebri

1888 2524 2067 2581 Eckio
2100 2522 2469 2598 praetulisse.
2534 2521 2727 2596 Opera
2771 2522 2899 2596 ejus
2931 2520 3164 2596 prodie-

1886 2617 2030 2671 runt
2062 2613 2123 2669 in
2156 2612 2420 2687 linguam
2451 2611 2696 2669 latinam
2749 2629 2920 2668 versa
2950 2614 3011 2668 et
3043 2611 3165 2669 col-

1886 2704 2038 2760 lecta
2098 2719 2230 2760 cum
2281 2701 2409 2776 ejus
2457 2701 2583 2758 vita
2632 2719 2770 2759 cura
2819 2699 3010 2774 ipsius
3058 2700 3166 2757 filii

1887 2789 2176 2849 Friderici
2227 2789 2496 2848 canonici
2547 2789 3013 2858 eichstadiensiS,
3067 2790 3165 2847 In-

1886 2879 2163 2957 golstadii
2197 2879 2260 2937 in
2290 2883 2329 2935 t.
2369 2887 2555 2941 1613.
2598 2879 2775 2936 Deest
2804 2882 3003 2936 tamen
3036 2880 3164 2949 eius

1888 2970 2158 3044 dialogus
2201 2970 2272 3026 de
2318 2970 2611 3040 corruptis
2658 2968 2911 3026 moribus
2943 2970 3165 3026 utrius·

1886 3078 1991 3135 que
2012 3060 2229 3133 partis,
2264 3057 2702 3134 pontificiorum
2751 3057 2864 3114 vid.
2901 3061 2959 3113 et
2991 3076 3164 3114 evan-

1886 3149 2229 3225 gelicorum,
2265 3147 2369 3221 qui
2400 3146 2628 3221 prodiit
2660 3165 2703 3207 s,
2730 3147 2763 3202 l.
2785 3149 2847 3203 et
2865 3164 2913 3206 a.
2935 3145 2989 3224 (1
3011 3140 3161 3224 562)

1887 3238 1996 3296 sub
2032 3237 2265 3295 nomine
2299 3235 2439 3294 Silv.
2475 3235 2824 3294 Czecanovii.
2857 3234 3021 3290 Inter
3036 3233 3163 3307 ejus

1886 3345 2064 3402 opera
2093 3326 2388 3384 eminent:
2449 3325 2775 3400 Theoloqiae
2809 3321 2886 3381 Μ.
2925 3321 3168 3379 Lulheri

1887 3415 2239 3474 trimembris
2299 3410 2398 3494 (de
2458 3412 2770 3489 principiis
2831 3411 3164 3486 theologiae

1887 3505 2267 3572 lutheranae;
2330 3503 2404 3561 de
2454 3502 2702 3560 materia
2762 3502 3164 3576 praesentium

549 3593 826 3649 theranos
860 3595 919 3649 et
949 3593 1215 3651 tristium
1250 3591 1572 3659 fructuum,
1618 3592 1830 3650 horum
1887 3593 2448 3661 controversiarum3
2527 3591 2598 3649 de
2676 3590 3044 3648 successione
3106 3594 3170 3647 et

631 3837 664 3892 s)
693 3832 773 3886 Cf.
805 3831 1151 3902 D'Argentre
1191 3832 1445 3887 collectio
1489 3833 1831 3898 iudiciorum

549 3902 617 3955 de
662 3905 823 3957 novis
868 3903 1149 3957 erroribus
1192 3904 1255 3968 ΙΙ,
1297 3908 1431 3972 134;
1476 3903 1829 3957 KirchenleX.

1887 3682 2194 3741 concordia
2224 3681 2650 3756 discipulorum
2670 3679 2920 3738 Lutheri
2942 3680 3006 3737 in
3025 3697 3165 3736 con-

1886 3773 2140 3831 fessione
2203 3764 2562 3850 augustana)
2626 3772 2864 3842 epitome
2924 3768 3168 3826 collecta

1891 3861 2242 3919 Wormatiae
2284 3860 2536 3917 durante
2569 3859 2860 3933 colloquio
2892 3879 2941 3917 a.
2985 3864 3162 3924 1558,

553 3975 645 4038 [ν’
671 3979 804 4038 906:
832 3975 1053 4028 Reugch
1069 3975 1168 4028 der
1185 3975 1356 4028 Index
1374 3975 1471 4027 d„-
1486 3976 1830 4028 vel-bomne„
1887 3968 2101 4009 aureus
2136 3949 2376 4006 libellus
2409 3946 2736 4006 secundum
2758 3946 3161 4005 Posseviinum

550 4045 769 4098 Bucher
796 4047 833 4108 l,
862 4050 983 4102 563.
1035 4045 1182 4099 Eum
1224 4045 1487 4099 nonnihil
1526 4046 1830 4115 cespitasse
1887 4040 2157 4115 Defensio
2206 4056 2312 4111 pro
2361 4037 2695 4095 trimembri
2745 4037 3016 4109 theologa
3065 4032 3161 4097 M.;

549 4117 698 4170 05103
723 4118 941 4170 cultum
969 4135 1038 4170 ⁸³·
1077 4117 1395 4186 imaginum
1436 4117 1725 4186 OOlligitur
1764 4135 1831 4170 ΘΚ
1886 4127 2128 4186 Lutheri
2164 4130 2368 4184 contra
2411 4126 2807 4185 aedifitatores
2853 4121 3159 4197 babyloni-

548 4189 635 4253 iis,
665 4205 810 4256 quae
836 4189 1009 4242 refert
1034 4189 1197 4241 Feret
1218 4189 1299 4241 La
1318 4187 1528 4241 faculte
1544 4189 1613 4242 de
1635 4188 1827 4242 Theol.

549 4259 617 4313 de
656 4259 829 4322 Paris,
871 4277 899 4313 e
945 4275 1091 4327 oque
1132 4260 1398 4313 moderne
1446 4260 1483 4320 l,
1528 4264 1827 4316 237—240.
1889 4271 2130 4275 “*“--
2165 4270 2186 4274 “

550 4331 837 4394 Quaedam
865 4348 899 4384 a
924 4330 975 4383 'a
996 4330 1246 4400 ejusdem
1269 4330 1545 4399 opuscula.
1566 4331 1830 4386 facultati

1964 4334 1999 4400 ¹)
2028 4331 2108 4384 Ci.
2138 4331 2458 4387 Chitraeum
2499 4331 2560 4384 in
2588 4330 2787 4384 Saxon.
2818 4328 2853 4383 l.
2883 4333 2946 4384 17
2976 4348 3031 4399 p.
3057 4333 3164 4385 444

550 4402 903 4470 theologicae
929 4400 1285 4472 displicuisse
1304 4402 1456 4455 idem
1476 4401 1648 4456 refert
1667 4402 1740 4455 ib.
1764 4404 1827 4467 Il,
1885 4402 1969 4456 lit.
1999 4401 2303 4474 Osiander3
2345 4403 2533 4467 Raess,
2573 4401 2675 4455 Die
2716 4400 3086 4454 Convertiten
3113 4407 3163 4463 1,

553 4478 669 4536 105,
713 4475 813 4541 qui
854 4474 928 4528 ib.
972 4492 1024 4543 p.
1070 4477 1351 4530 101—118
1396 4474 1517 4543 ejus
1580 4477 1831 4527 recenset
1885 4478 1987 4531 337
2016 4492 2086 4529 ss.

550 4561 735 4613 opera.

1960 4549 2000 4615 ²)
2028 4547 2168 4599 Cum
2214 4544 2359 4598 circa
2402 4545 2522 4614 ejus
2564 4546 2800 4598 mortem
2843 4543 3163 4596 calumniae

625 4623 663 4685 ²³)
681 4616 756 4668 Ex
773 4615 1212 4684 dispensatione,
1227 4633 1404 4684 quam
1421 4617 1473 4669 ei
1488 4632 1521 4668 a
1538 4615 1715 4670 Paulo
1734 4616 1826 4669 IV.
1885 4616 2277 4686 vulgarentur,
2295 4617 2357 4671 R.
2379 4615 2604 4679 Clenck,
2627 4616 2694 4668 de
2715 4632 2829 4682 quo
2851 4631 2999 4677 mox,
3021 4615 3069 4682 ej
3078 4631 3164 4666 us-

551 4687 884 4757 impetravit
910 4687 1302 4741 Ferdinandus
1327 4687 1635 4757 imperator
1674 4688 1829 4754 quod
1885 4688 2009 4741 dem
2038 4688 2197 4742 testis
2224 4689 2478 4741 oculatus
2524 4703 2647 4740 eam
2689 4687 2826 4740 data
2860 4702 3031 4755 opera
3076 4685 3165 4738 de·

552 4759 912 4812 matrimonio
940 4761 1085 4813 esset
1107 4761 1362 4827 junctus.

1887 4760 2083 4814 scribit
2106 4760 2169 4813 in
2195 4758 2388 4813 libello
2415 4757 2754 4828 Ingolstadii
2782 4762 2922 4814 1564
2948 4757 3119 4811 edito,
