3625 5193
445 203 579 254 489

441 373 606 429 riam
673 378 994 445 martyrum
1054 373 1513 448 yorcumensium
1575 366 1735 453 (19),

434 477 595 535 quos
616 460 760 516 Pius
774 460 867 517 IX.
887 463 1121 518 sanctos
1135 460 1390 536 proclam
1399 460 1527 518 avit
1548 471 1573 522 1
1591 470 1668 524 86
1681 470 1734 528 7,

446 548 634 608 Duaci
680 558 865 616 16033
917 548 1147 607 Namur
1183 558 1368 611 1655.
1432 550 1597 607 Inter
1642 568 1738 608 eos

450 638 641 713 ipsius
678 655 822 695 avus
870 640 959 695 est
998 655 1225 713 passae,
1278 636 1378 696 alii
1410 638 1574 697 fuere
1607 640 1736 713 ejus

442 726 863 801 condiscipuli.
928 727 1205 786 Narratio
1236 729 1436 785 autem
1491 727 1737 804 simplex

438 818 543 874 -est
605 818 669 873 et
732 818 1007 873 accurata
1074 815 1306 890 fideque
1371 816 1736 893 dignissima,

447 923 630 979 quam
653 908 898 978 propter
914 922 1084 963 suam
1102 904 1526 979 praestantiam
1551 905 1735 965 Solle-

450 994 573 1051 rius
629 993 920 1069 integram
971 994 1033 1051 in
1082 994 1234 1052 Acta
1284 993 1380 1051 SS.
1417 1005 1472 1056 9.
1505 994 1541 1051 J
1548 995 1628 1052 ul.
1661 993 1736 1063 II,

460 1091 809 1144 754—-835
846 1082 1084 1157 recepit.
1135 1082 1441 1140 Orationes
1473 1079 1738 1160 theoloqi·

439 1190 549 1228 >cae
580 1171 762 1244 XIX,
794 1171 979 1229 Duaci
1022 1179 1218 1240 16143
1266 1172 1510 1230 Lovanii
1555 1181 1736 1235 1709.

452 1259 697 1316 Lovanii
755 1278 936 1336 agens
989 1263 1217 1335 partem
1261 1259 1472 1318 habuit
1520 1261 1583 1319 in
1615 1260 1738 1318 edi-

452 1348 615 1406 tione
648 1349 979 1407 lovaniensi
1027 1367 1268 1423 operum
1318 1368 1361 1407 s.
1396 1349 1736 1424 Augustini,

457 1439 708 1512 ejusque
740 1436 802 1494 in
835 1437 1043 1512 primis
1078 1438 1328 1496 debetur
1378 1439 1534 1496 curis
1565 1441 1609 1500 t.
1641 1438 1739 1496 IX.

451 1525 703 1584 Axioma
722 1525 914 1601 ipsius
934 1531 1060 1584 erat
1080 1527 1236 1602 quod
1258 1527 1382 1584 sine
1404 1527 1739 1603 cognitione

463 1615 740 1673 historiae
772 1615 1200 1674 ecclesiasticae
1234 1634 1353 1674 non
1385 1616 1576 1691 possit
1607 1616 1739 1691 quis

440 1722 576 1761 «esse
609 1704 909 1777 perfectus
942 1702 1255 1781 theologus
1272 1700 1337 1785 ²).

543 1889 687 1942 209.
720 1882 962 1940 Praeter
994 1881 1225 1939 Estium
1261 1883 1376 1940 duo
1419 1881 1518 1940 alii
1550 1882 1737 1940 nomi·

457 1970 548 2027 nis
582 1970 988 2028 celebritatem
1020 1971 1218 2045 adepti
1251 1974 1410 2040 sunt,
1445 1971 1738 2028 Martinus

447 2058 750 2117 Antonius
816 2058 1084 2117 Delrio
1147 2062 1209 2117 et·
1268 2059 1511 2117 Lucas
1561 2061 1739 2117 Bru-

455 2147 734 2220 gensiS.
793 2148 905 2206 Ille
941 2147 1183 2222 quidem
1217 2148 1444 2224 origine
1476 2152 1566 2205 est
1598 2148 1737 2206 His-

454 2253 661 2309 panuS,
697 2236 799 2294 sed
819 2236 1195 2312 Antwerpiae
1227 2242 1404 2294 natus
1439 2232 1515 2315 (a.
1544 2232 1737 2316 1551)

459 2343 521 2382 ac
554 2325 618 2382 in
649 2325 855 2401 Belgio
903 2326 1021 2383 sere
1062 2344 1292 2401 semper
1324 2330 1737 2383 commoratus

455 2414 505 2470 A
537 2413 753 2471 celebri
786 2413 986 2489 Lipsio
1034 2414 1182 2483 ,aevi
1228 2414 1321 2472 sui
1367 2414 1738 2472 miraculum‘

447 2501 664 2570 dictus,
745 2523 776 2559 a
852 2503 1068 2561 Baillet
1129 2502 1472 2561 hominibus
1537 2502 1735 2578 prodi·

445 2590 629 2667 giosis
680 2600 773 2649 est
821 2596 1269 2661 annumeratuS,
1316 2610 1423 2651 nec
1475 2592 1602 2650 sine
1648 2612 1739 2650 ra·

453 2682 631 2747 tione,
687 2698 821 2738 cum
871 2681 1022 2739 tales
1072 2684 1391 2756 tantosque
1442 2681 1645 2739 fecerit
1677 2681 1741 2739 in

455 2768 644 2827 literis
678 2788 1047 2845 progressus,
1103 2772 1173 2828 ut
1219 2769 1317 2827 vix
1364 2770 1738 2846 undeviginti

451 2876 637 2916 annos
668 2862 846 2915 natus
896 2860 957 2916 in
992 2858 1232 2916 Senecae
1277 2860 1604 2934 trayoedias
1635 2860 1739 2916 ad-

454 2949 720 3004 versaria
752 2946 1073 3022 scripserit,
1110 2947 1173 3004 in
1193 2948 1412 3020 quibus
1432 2947 1597 3004 mille
1617 2947 1740 3004 cir-

450 3035 603 3093 citer
652 3039 713 3092 et
763 3040 1004 3094 centum
1054 3035 1294 3093 adducit
1342 3039 1612 3093 auctores
1646 3054 1741 3093 ex-

457 3124 800 3198 penditque,
836 3124 1121 3199 quosdam
1144 3124 1258 3199 ipsi
1277 3124 1475 3199 Lipsio
1494 3126 1554 3181 in
1575 3142 1740 3200 grae·

459 3212 538 3270 cis
572 3203 840 3285 alioquin
888 3213 1207 3288 latinisque
1239 3213 1430 3271 literis
1464 3214 1742 3271 versatis-

451 3301 604 3358 simo
640 3302 891 3376 ignotos.
937 3301 1216 3360 Omnium
1246 3304 1574 3377 poetarum,
1608 3303 1740 3359 rhe-

456 3393 651 3447 torum
699 3394 759 3448 et
807 3390 1222 3449 historicorum
1257 3408 1451 3465 opera,
1501 3409 1650 3463 quae
1682 3390 1744 3447 in

456 3478 754 3536 universis
787 3479 978 3554 Belgii
1015 3479 1385 3536 bibliothetis
1434 3478 1742 3553 reperiun-

457 3570 577 3637 tur,
612 3567 914 3625 volutasse
947 3566 1140 3625 fertur
1172 3571 1233 3625 et
1253 3567 1492 3642 quidem
1516 3570 1743 3626 attente

449 3674 526 3713 ac
555 3655 854 3723 meditate,
889 3656 962 3714 iis
996 3655 1307 3731 decerptis,
1342 3657 1574 3730 quaein
1594 3674 1740 3714 uno-

460 3763 695 3818 quoque
730 3744 1041 3821 insigniter
1072 3742 1234 3803 dicta
1282 3748 1342 3802 et
1385 3748 1745 3820 pertractata

461 3833 860 3892 observasset:
913 3852 1122 3891 novem
1155 3836 1458 3909 praeterea
1492 3833 1747 3892 callebat

454 3921 710 3998 linguas.
776 3922 1004 3998 Viginti
1048 3941 1334 3980 annorum
1362 3922 1604 3996 juvenis
1637 3942 1743 3979 an-

456 4091 527 4144 ad
555 4110 606 4145 n.
634 4095 777 4163 472),
821 4090 1039 4144 Estium
1086 4090 1215 4158 „qui
1258 4091 1346 4145 vir
1378 4094 1525 4145 certe
1553 4090 1748 4144 doctus

453 4164 574 4216 estu
606 4180 723 4216 esse
746 4165 1090 4231 suspectum,
1133 4164 1330 4231 utpote
1356 4163 1479 4231 Baji
1508 4162 1749 4232 discipu-

457 4232 596 4298 lum,
640 4234 741 4300 qui
782 4237 988 4296 tamen,
1033 4236 1100 4286 ut
1139 4233 1402 4287 observat
1445 4233 1747 4301 Tournely‚

455 4307 654 4373 postea
696 4304 1006 4357 sententias
1046 4320 1173 4356 suas
1218 4303 1387 4357 nimis
1413 4303 1584 4357 duras
1613 4308 1748 4357 tem-

499 4379 619 4427 erat
647 4377 705 4428 et
730 4374 967 4438 emollit,
1016 4376 1082 4427 ut
1108 4374 1181 4428 ad
1209 4390 1561 4428 communem
1593 4375 1749 4429 theo-

479 4462 714 4514 ogorum
743 4444 1085 4499 sententiam
1111 4445 1373 4499 accedere
1402 4445 1677 4501 videatur.

536 4520 573 4588 ¹)
601 4516 683 4569 Cf.
713 4519 1039 4569 accuratum
1063 4516 1317 4584 ejusdem
1345 4516 1592 4586 elogium
1622 4534 1749 4571 auc·

457 4589 577 4642 tore
606 4587 708 4640 Th.
739 4587 1022 4641 Leuridan
1065 4587 1127 4640 in
1155 4587 1349 4641 Revue
1377 4588 1474 4642 des
1502 4587 1747 4642 sciences

458 4657 586 4713 eccl.
628 4656 830 4711 Lxxu
871 4662 1070 4728 (1895),
1113 4663 1423 4716 120—131:
1467 4663 1747 4731 326—-40;

458 4733 760 4787 481—495.

1514 187 1799 241 Antonius
1825 186 2028 241 Deln'0.

2948 207 3073 258 490

1793 374 2108 429 notationes
2138 372 2399 429 eruditas
2448 372 2681 446 scripsit
2713 376 2775 430 in
2813 373 2942 444 Caji
2973 372 3077 430 So-

1793 459 2342 536 linipolyhistorem,
2354 479 2508 519 anno
2521 461 2794 535 sequenti
2820 464 2883 519 in
2902 461 3076 520 Clau-

1793 551 1961 608 diani
1983 557 2269 624 poemata.
2331 549 2607 608 Triennio
2658 570 2691 607 a
2738 550 3079 608 studiorum

1794 638 2088 697 curriculo
2149 639 2413 696 confecto
2488 636 2674 718 (quod
2749 639 3080 697 absolverat

1794 727 2012 803 partim
2045 726 2300 796 ParisiiS,
2335 728 2553 803 partim
2587 728 2789 798 Duaci,
2833 728 3075 786 Lovanii

1794 819 1855 875 et
1888 816 2295 885 salmanticae,
2330 816 2435 874 ubi
2467 816 2669 876 doctor
2699 817 2817 875 fuit
2847 819 3077 875 creatus

1794 927 1843 963 a.
1886 901 2081 985 1574)
2131 904 2193 962 in
2226 923 2566 980 supremum
2599 906 2952 964 Brabantiae
2986 924 3078 964 se·

1795 998 2004 1052 natum
2038 997 2348 1069 cooptatus
2399 998 2505 1065 est,
2559 994 2659 1052 sed
2695 995 2986 1069 probitate
3019 1000 3080 1053 et

1795 1083 2058 1141 doctrina
2093 1083 2453 1159 suffragante
2473 1084 2654 1141 altius
2687 1088 2944 1153 evectu3‚
2975 1104 3077 1159 pa-

1795 1172 1996 1230 latinis
2061 1171 2476 1247 militibusque
2529 1173 2633 1248 jus
2682 1173 2892 1242 dicere,
2944 1191 3076 1230 mox

1795 1261 1974 1319 etiam
2009 1261 2366 1318 Brabantiae
2414 1280 2521 1336 pro
2553 1260 2911 1319 cancellario
2956 1280 3079 1320 esse

1795 1349 2146 1424 regiumque
2208 1350 2414 1407 fiscum
2470 1369 2677 1408 curare
2719 1351 2928 1425 jussus
2990 1353 3081 1408 est

1797 1432 2039 1519 (1578).
2073 1437 2199 1495 Hoc
2229 1441 2494 1512 tempore
2526 1439 2793 1513 scripsit:
2858 1439 3079 1497 Miscel-

1795 1529 1963 1585 Ianea
1995 1530 2342 1601 scriptorum
2389 1528 2469 1584 ad
2514 1529 2842 1585 universum
2864 1530 2971 1602 jus
3000 1529 3079 1585 ci·

1797 1617 1901 1673 vile
1935 1612 2201 1696 (Parisiis
2243 1612 2457 1697 1580),
2493 1635 2644 1690 opus
2662 1617 2874 1692 ingens
2907 1620 2967 1674 et
2988 1617 3079 1675 in-

1795 1705 1952 1763 finiti
1987 1722 2168 1779 prope
2202 1704 2437 1773 laboris
2479 1724 2680 1763 omnes
2712 1706 2865 1763 enim
2892 1705 3081 1779 juris·

1797 1793 2119 1868 consultos),
2198 1811 2400 1852 omnes
2462 1812 2667 1852 eorum
2723 1794 3080 1869 interpretes

1797 1883 2149 1957 perlegerat.
2196 1882 2496 1940 Indefessa
2544 1884 2717 1958 plane
2768 1883 3082 1958 diligentia

1795 1975 1923 2028 tota
1954 1970 2050 2028 die
2083 1971 2295 2028 studiis
2342 1970 2601 2029 vacabat.
2668 1971 2839 2029 Haud
2882 1972 3081 2048 ingra-

1795 2065 1927 2117 tum
1961 2059 2074 2117 erit
2105 2059 2233 2133 ejus
2286 2059 2525 2117 vivendi
2575 2060 2863 2118 rationem
2913 2078 3080 2117 accu-

1797 2149 1989 2206 ratius
2007 2165 2193 2217 nosse‚
2212 2147 2530 2223 singularis
2563 2148 2719 2206 enim
2750 2151 2891 2209 erat.
2924 2149 3082 2205 Bene

1795 2255 1983 2305 mane,
2030 2241 2346 2310 postquam
2393 2236 2475 2293 rei
2523 2236 2754 2294 divinae
2795 2236 3082 2294 interfue-

1797 2330 1906 2395 rat,
1941 2325 2170 2382 modico
2202 2344 2370 2399 pane,
2418 2343 2593 2399 quem
2648 2325 2987 2400 intingebat
3018 2325 3080 2382 in

1797 2414 2001 2472 vinum
2034 2431 2404 2490 generosum,
2427 2417 2605 2487 caput
2626 2432 2692 2471 ac
2713 2414 3082 2472 stomachum

1796 2503 1989 2561 labori
2021 2502 2424 2578 praeparabat.
2476 2501 2700 2560 Deinde
2733 2501 2985 2560 abdebat
3020 2520 3083 2559 se

1797 2593 1859 2650 in
1893 2611 2182 2661 museum,
2216 2590 2275 2648 in
2310 2610 2495 2665 eoque
2514 2591 2876 2667 perdurabat
2893 2610 3083 2666 usque

1799 2682 1873 2740 ad
1906 2683 2159 2739 multam
2192 2683 2439 2749 noctem,
2458 2681 2641 2738 donec
2670 2700 2803 2739 eum
2821 2680 3082 2738 famulus

1797 2770 1871 2827 ad
1904 2789 2165 2839 coenam,
2198 2788 2317 2828 non
2350 2788 2483 2827 raro
2502 2769 2758 2827 invitum
2793 2788 2859 2828 ac
2889 2768 3080 2827 reluc-

1798 2861 2045 2928 tantem,
2080 2858 2416 2918 abduceret.
2450 2858 2518 2914 In
2541 2876 2744 2916 museo
2778 2859 2982 2916 sellam
3018 2875 3083 2916 ac

1798 2948 2073 3022 pluteum
2090 2947 2374 3022 subjectis
2405 2946 2552 3004 rotis
2573 2946 2657 3005 ita
2676 2946 3083 3005 fabricandum

1800 3040 2126 3104 curaverat,
2178 3040 2252 3094 ut
2299 3035 2413 3094 levi
2463 3035 2629 3111 pedis
2679 3036 2946 3110 impulsu
2978 3054 3087 3110 per

1799 3125 1997 3182 omnia
2044 3125 2331 3182 librorum
2384 3116 2776 3182 loculamenta
2828 3125 3084 3199 seipsum

1800 3232 1867 3271 ac
1898 3213 2172 3289 pluteum
2222 3231 2356 3271 cum
2398 3213 2557 3270 omni
2590 3212 2855 3270 literaria
2888 3212 3084 3286 supel-

1800 3302 1985 3360 lectili
2017 3301 2492 3362 circumveheret.
2527 3301 2648 3358 Hac
2682 3301 2966 3375 pertinaci
2989 3319 3082 3357 as·

1802 3390 2087 3448 siduitate
2137 3390 2461 3449 doctrinam
2498 3389 2893 3455 excellentem,
2931 3407 3085 3462 quae

1800 3480 1916 3537 nisi
1949 3479 2153 3537 labore
2185 3477 2410 3535 venalis
2444 3495 2563 3535 non
2595 3480 2701 3545 est,
2726 3480 3087 3534 consecutus

1801 3567 2009 3625 fuerat.
2059 3566 2466 3623 Humanarum
2499 3571 2695 3623 tamen
2727 3584 2922 3622 rerum
2959 3568 3085 3622 tae-

1801 3655 1899 3713 dio
1949 3655 2193 3712 affectus
2245 3654 2463 3729 quietis
2509 3656 2747 3730 portum
2797 3654 2860 3712 in
2904 3653 3087 3711 socie-

1802 3747 1927 3803 tate
1987 3744 2133 3801 Jesu
2197 3742 2495 3818 quaesivit
2572 3736 2802 3824 (1580)
2864 3761 3089 3801 annum

1805 3851 1985 3909 agens
2001 3831 2549 3907 undetrigesimum.
2584 3831 2799 3889 Exacto
2835 3831 3091 3888 tirocinii

1803 3921 2043 3980 biennio
2095 3920 2528 3996 philosophiam
2578 3921 2914 3978 naturalem
2958 3920 3089 3995 jus-

1805 4030 1906 4069 sus
1938 4009 2299 4068 accuratiore
2332 4009 2528 4067 studio
2574 4013 2841 4083 repetere
2876 4008 2965 4066 vir
2998 4010 3092 4066 tot

1805 4099 1999 4157 clarus
2020 4098 2469 4174 magistratibus
2484 4098 2683 4174 gesti8‚
2714 4102 2883 4156 tanta
2901 4098 3091 4155 scien-

1804 4189 2029 4246 tiarum
2063 4187 2353 4245 varietate
2375 4187 2447 4245 ad
2468 4187 2820 4245 miraculum
2856 4185 3090 4259 conspi-

1807 4295 1976 4345 cuuS,
2011 4281 2145 4351 post
2177 4275 2548 4334 doctissimos
2583 4275 2766 4332 libros
2801 4276 2863 4331 in
2898 4275 3084 4330 lucem

1806 4366 2013 4433 editos,
2047 4370 2184 4439 post
2215 4364 2489 4440 adeptam
2538 4364 2600 4421 in
2642 4363 2777 4437 jure
2809 4362 3087 4430 lauream,

1805 4457 1943 4530 post
1975 4454 2222 4528 scriptos
2252 4454 2453 4528 legum
2492 4451 2938 4511 commentarios
2971 4469 3091 4508 non

1805 4543 2050 4600 erubuit
2081 4561 2210 4600 cum
2246 4543 2457 4617 pueris
2488 4544 2667 4615 atque
2699 4539 3088 4599 adolescenti-

1807 4633 1921 4690 bus
1953 4631 2191 4706 publico
2223 4631 2285 4687 in
2319 4629 2458 4687 ludo
2492 4630 2728 4697 versari,
2764 4628 2826 4685 in
2848 4647 2963 4703 quo
2986 4628 3088 4685 ha-

1804 4720 1937 4779 buit
1969 4719 2321 4796 magistrum
2370 4718 2734 4778 Ludovicum
2780 4717 2852 4774 de
2901 4716 3090 4775 Ponte
