<?xml version="1.0" encoding="UTF-8"?>
<!DOCTYPE html PUBLIC "-//W3C//DTD XHTML 1.0 Transitional//EN"
    "http://www.w3.org/TR/xhtml1/DTD/xhtml1-transitional.dtd">
<html xmlns="http://www.w3.org/1999/xhtml" xml:lang="en" lang="en">
 <head>
  <title>
</title>
<meta http-equiv="Content-Type" content="text/html;charset=utf-8" />
  <meta name='ocr-system' content='tesseract 3.04.00' />
  <meta name='ocr-capabilities' content='ocr_page ocr_carea ocr_par ocr_line ocrx_word'/>
</head>
<body>
  <div class='ocr_page' id='page_1' title='image "./nomenclatorlite11hurtgoog_0098.png"; bbox 0 0 3625 5193; ppageno 0'>
   <div class='ocr_carea' id='block_1_1' title="bbox 629 204 2955 276">
    <p class='ocr_par' dir='ltr' id='par_1_1' title="bbox 629 204 2955 276">
     <span class='ocr_line' id='line_1_1' title="bbox 629 204 2955 276; baseline 0.001 -15"><span class='ocrx_word' id='word_1_1' title='bbox 629 221 748 274; x_wconf 84' lang='lat'>179</span> <span class='ocrx_word' id='word_1_2' title='bbox 899 208 1269 264; x_wconf 86' lang='grc'>1581-1600.</span> <span class='ocrx_word' id='word_1_3' title='bbox 1298 206 1493 264; x_wconf 81' lang='lat' dir='ltr'>Theoi.</span> <span class='ocrx_word' id='word_1_4' title='bbox 1523 207 1802 276; x_wconf 86' lang='lat' dir='ltr'>polemica</span> <span class='ocrx_word' id='word_1_5' title='bbox 1826 207 1889 260; x_wconf 89' lang='lat' dir='ltr'>in</span> <span class='ocrx_word' id='word_1_6' title='bbox 1917 204 2119 260; x_wconf 81' lang='lat' dir='ltr'>Gallia.</span> <span class='ocrx_word' id='word_1_7' title='bbox 2148 206 2391 274; x_wconf 86' lang='lat' dir='ltr'>Emotte,</span> <span class='ocrx_word' id='word_1_8' title='bbox 2418 207 2596 274; x_wconf 90' lang='lat' dir='ltr'>Bollo,</span> <span class='ocrx_word' id='word_1_9' title='bbox 2626 209 2819 262; x_wconf 83' lang='lat' dir='ltr'>Portez</span> <span class='ocrx_word' id='word_1_10' title='bbox 2846 215 2955 264; x_wconf 86' lang='lat' dir='ltr'>etc.</span> 
     </span>
    </p>
   </div>
   <div class='ocr_carea' id='block_1_2' title="bbox 612 227 3240 1981">
    <p class='ocr_par' dir='ltr' id='par_1_2' title="bbox 612 227 3240 1892">
     <span class='ocr_line' id='line_1_2' title="bbox 3110 227 3232 281; baseline 0.016 -2"><span class='ocrx_word' id='word_1_11' title='bbox 3110 229 3131 279; x_wconf 88' lang='lat'>1</span> <span class='ocrx_word' id='word_1_12' title='bbox 3152 227 3232 281; x_wconf 83' lang='lat'>80</span> 
     </span>
     <span class='ocr_line' id='line_1_3' title="bbox 619 390 3238 469; baseline 0.001 -17"><span class='ocrx_word' id='word_1_13' title='bbox 619 393 712 452; x_wconf 90' lang='lat' dir='ltr'>nis</span> <span class='ocrx_word' id='word_1_14' title='bbox 743 393 1012 452; x_wconf 87' lang='lat' dir='ltr'>habitum</span> <span class='ocrx_word' id='word_1_15' title='bbox 1047 390 1246 450; x_wconf 89' lang='lat' dir='ltr'>induit</span> <span class='ocrx_word' id='word_1_16' title='bbox 1290 392 1603 466; x_wconf 79' lang='lat' dir='ltr'>emisitque</span> <span class='ocrx_word' id='word_1_17' title='bbox 1635 395 1776 451; x_wconf 86' lang='lat' dir='ltr'>vota</span> <span class='ocrx_word' id='word_1_18' title='bbox 1807 411 1901 451; x_wconf 91' lang='lat' dir='ltr'>so·</span> <span class='ocrx_word' id='word_1_19' title='bbox 1957 393 2114 452; x_wconf 87' lang='lat' dir='ltr'>stitit</span> <span class='ocrx_word' id='word_1_20' title='bbox 2144 395 2336 453; x_wconf 85' lang='lat' dir='ltr'>testis.</span> <span class='ocrx_word' id='word_1_21' title='bbox 2370 427 2454 437; x_wconf 93' lang='lat'>—</span> <span class='ocrx_word' id='word_1_22' title='bbox 2488 394 2632 469; x_wconf 90' lang='lat' dir='ltr'>Ejus</span> <span class='ocrx_word' id='word_1_23' title='bbox 2675 394 2890 453; x_wconf 88' lang='lat' dir='ltr'>sodalis</span> <span class='ocrx_word' id='word_1_24' title='bbox 2922 395 3131 453; x_wconf 87' lang='lat' dir='ltr'>Petrus</span> <span class='ocrx_word' id='word_1_25' title='bbox 3163 395 3238 454; x_wconf 88' lang='lat' dir='ltr'>de</span> 
     </span>
     <span class='ocr_line' id='line_1_4' title="bbox 621 480 3237 557; baseline 0 -16"><span class='ocrx_word' id='word_1_26' title='bbox 621 482 855 542; x_wconf 86' lang='lat' dir='ltr'>lemnia.</span> <span class='ocrx_word' id='word_1_27' title='bbox 903 480 1284 557; x_wconf 81' lang='lat' dir='ltr'><strong>Disciplinam</strong></span> <span class='ocrx_word' id='word_1_28' title='bbox 1332 482 1719 540; x_wconf 82' lang='lat' dir='ltr'>monasticam</span> <span class='ocrx_word' id='word_1_29' title='bbox 1753 501 1900 540; x_wconf 90' lang='lat' dir='ltr'>non·</span> <span class='ocrx_word' id='word_1_30' title='bbox 1958 482 3020 546; x_wconf 77' lang='lat' dir='ltr'>BolloAllobroxCambriacinatuS.</span> <span class='ocrx_word' id='word_1_31' title='bbox 3039 486 3237 542; x_wconf 79' lang='lat' dir='ltr'>orator</span> 
     </span>
     <span class='ocr_line' id='line_1_5' title="bbox 618 570 3235 649; baseline 0 -19"><span class='ocrx_word' id='word_1_32' title='bbox 618 572 769 630; x_wconf 91' lang='lat' dir='ltr'>nihil</span> <span class='ocrx_word' id='word_1_33' title='bbox 788 572 1106 646; x_wconf 86' lang='lat' dir='ltr'>collapsam</span> <span class='ocrx_word' id='word_1_34' title='bbox 1127 570 1518 629; x_wconf 76' lang='lat' dir='ltr'><strong>instauravit:</strong></span> <span class='ocrx_word' id='word_1_35' title='bbox 1541 570 1902 629; x_wconf 80' lang='lat' dir='ltr'>laudabilem</span> <span class='ocrx_word' id='word_1_36' title='bbox 1955 570 2263 641; x_wconf 77' lang='lat' dir='ltr'>facundae,</span> <span class='ocrx_word' id='word_1_37' title='bbox 2299 572 2771 649; x_wconf 89' lang='lat' dir='ltr'>congregationis</span> <span class='ocrx_word' id='word_1_38' title='bbox 2787 573 3110 649; x_wconf 77' lang='lat' dir='ltr'>gallicanae</span> <span class='ocrx_word' id='word_1_39' title='bbox 3145 573 3235 630; x_wconf 87' lang='lat' dir='ltr'>vi-</span> 
     </span>
     <span class='ocr_line' id='line_1_6' title="bbox 620 660 3238 738; baseline -0.001 -17"><span class='ocrx_word' id='word_1_40' title='bbox 620 664 925 721; x_wconf 82' lang='lat' dir='ltr'>Scotorum</span> <span class='ocrx_word' id='word_1_41' title='bbox 967 678 1073 735; x_wconf 89' lang='lat' dir='ltr'>per</span> <span class='ocrx_word' id='word_1_42' title='bbox 1106 660 1475 718; x_wconf 81' lang='lat' dir='ltr'>Germaniam</span> <span class='ocrx_word' id='word_1_43' title='bbox 1516 660 1894 718; x_wconf 89' lang='lat' dir='ltr'>consuetudi·</span> <span class='ocrx_word' id='word_1_44' title='bbox 1958 661 2150 718; x_wconf 85' lang='lat' dir='ltr'>carius</span> <span class='ocrx_word' id='word_1_45' title='bbox 2214 662 2507 738; x_wconf 88' lang='lat' dir='ltr'>generalis</span> <span class='ocrx_word' id='word_1_46' title='bbox 2593 661 2812 720; x_wconf 89' lang='lat' dir='ltr'>edidit:</span> <span class='ocrx_word' id='word_1_47' title='bbox 2891 663 3238 719; x_wconf 62' lang='lat' dir='ltr'>Anthemiou.</span> 
     </span>
     <span class='ocr_line' id='line_1_7' title="bbox 618 747 3235 824; baseline 0 -16"><span class='ocrx_word' id='word_1_48' title='bbox 618 770 751 809; x_wconf 89' lang='lat' dir='ltr'>nem</span> <span class='ocrx_word' id='word_1_49' title='bbox 784 748 1028 808; x_wconf 90' lang='lat' dir='ltr'>tenendi</span> <span class='ocrx_word' id='word_1_50' title='bbox 1061 749 1290 807; x_wconf 86' lang='lat' dir='ltr'>scholas</span> <span class='ocrx_word' id='word_1_51' title='bbox 1309 749 1580 824; x_wconf 88' lang='lat' dir='ltr'>publicas</span> <span class='ocrx_word' id='word_1_52' title='bbox 1614 747 1898 809; x_wconf 74' lang='lat' dir='ltr'>restituit:</span> <span class='ocrx_word' id='word_1_53' title='bbox 1946 749 2216 822; x_wconf 80' lang='lat' dir='ltr'>probatio</span> <span class='ocrx_word' id='word_1_54' title='bbox 2248 753 2604 809; x_wconf 74' lang='lat' dir='ltr'>sacrosancti</span> <span class='ocrx_word' id='word_1_55' title='bbox 2636 752 2844 809; x_wconf 76' lang='lat' dir='ltr'>missae</span> <span class='ocrx_word' id='word_1_56' title='bbox 2873 751 3147 823; x_wconf 75' lang='lat' dir='ltr'>sacrificii</span> <span class='ocrx_word' id='word_1_57' title='bbox 3166 769 3235 808; x_wconf 88' lang='lat' dir='ltr'>ex</span> 
     </span>
     <span class='ocr_line' id='line_1_8' title="bbox 623 837 3235 916; baseline -0 -18"><span class='ocrx_word' id='word_1_58' title='bbox 623 840 840 898; x_wconf 87' lang='lat' dir='ltr'>altiora</span> <span class='ocrx_word' id='word_1_59' title='bbox 871 837 1069 896; x_wconf 89' lang='lat' dir='ltr'>studia</span> <span class='ocrx_word' id='word_1_60' title='bbox 1100 837 1226 913; x_wconf 88' lang='lat' dir='ltr'>ipse</span> <span class='ocrx_word' id='word_1_61' title='bbox 1260 838 1474 896; x_wconf 84' lang='lat' dir='ltr'>docuit.</span> <span class='ocrx_word' id='word_1_62' title='bbox 1509 837 1766 896; x_wconf 84' lang='lat' dir='ltr'>Tandem</span> <span class='ocrx_word' id='word_1_63' title='bbox 1801 847 1899 900; x_wconf 81' lang='lat'>21.</span> <span class='ocrx_word' id='word_1_64' title='bbox 1957 838 2148 896; x_wconf 84' lang='lat' dir='ltr'>solius</span> <span class='ocrx_word' id='word_1_65' title='bbox 2196 858 2241 901; x_wconf 89' lang='lat' dir='ltr'>s.</span> <span class='ocrx_word' id='word_1_66' title='bbox 2276 840 2613 915; x_wconf 88' lang='lat' dir='ltr'>Scripturae</span> <span class='ocrx_word' id='word_1_67' title='bbox 2663 839 3042 904; x_wconf 53' lang='lat' dir='ltr'>testimoniis,</span> <span class='ocrx_word' id='word_1_68' title='bbox 3078 841 3235 916; x_wconf 87' lang='lat' dir='ltr'>Lug-</span> 
     </span>
     <span class='ocr_line' id='line_1_9' title="bbox 620 925 3233 1004; baseline 0 -18"><span class='ocrx_word' id='word_1_69' title='bbox 620 932 777 1004; x_wconf 90' lang='lat' dir='ltr'>Sept.</span> <span class='ocrx_word' id='word_1_70' title='bbox 812 948 859 986; x_wconf 87' lang='lat' dir='ltr'>a.</span> <span class='ocrx_word' id='word_1_71' title='bbox 904 936 1064 989; x_wconf 86' lang='grc'>1592</span> <span class='ocrx_word' id='word_1_72' title='bbox 1102 926 1314 985; x_wconf 88' lang='lat' dir='ltr'>aetatis</span> <span class='ocrx_word' id='word_1_73' title='bbox 1341 935 1438 989; x_wconf 83' lang='lat'>74.</span> <span class='ocrx_word' id='word_1_74' title='bbox 1461 925 1823 985; x_wconf 87' lang='lat' dir='ltr'>obdormivit</span> <span class='ocrx_word' id='word_1_75' title='bbox 1839 927 1900 984; x_wconf 91' lang='lat' dir='ltr'>in</span> <span class='ocrx_word' id='word_1_76' title='bbox 1957 927 2104 985; x_wconf 90' lang='lat' dir='ltr'>duni</span> <span class='ocrx_word' id='word_1_77' title='bbox 2145 937 2310 991; x_wconf 91' lang='grc'>1588</span> <span class='ocrx_word' id='word_1_78' title='bbox 2350 928 2413 986; x_wconf 92' lang='lat' dir='ltr'>in</span> <span class='ocrx_word' id='word_1_79' title='bbox 2450 937 2519 997; x_wconf 80' lang='lat'>83</span> <span class='ocrx_word' id='word_1_80' title='bbox 2562 938 2723 991; x_wconf 85' lang='lat'>1617</span> <span class='ocrx_word' id='word_1_81' title='bbox 2761 947 2895 987; x_wconf 90' lang='lat' dir='ltr'>cum</span> <span class='ocrx_word' id='word_1_82' title='bbox 2926 928 3041 986; x_wconf 88' lang='lat' dir='ltr'>alio</span> <span class='ocrx_word' id='word_1_83' title='bbox 3074 930 3233 1003; x_wconf 86' lang='lat' dir='ltr'>ejus—</span> 
     </span>
     <span class='ocr_line' id='line_1_10' title="bbox 620 1012 3237 1095; baseline -0 -20"><span class='ocrx_word' id='word_1_84' title='bbox 620 1017 867 1075; x_wconf 90' lang='lat' dir='ltr'>Domino</span> <span class='ocrx_word' id='word_1_85' title='bbox 883 1012 930 1095; x_wconf 90' lang='lat'>¹)</span> <span class='ocrx_word' id='word_1_86' title='bbox 986 1020 1256 1092; x_wconf 82' lang='lat' dir='ltr'>,gratus,</span> <span class='ocrx_word' id='word_1_87' title='bbox 1292 1016 1617 1074; x_wconf 86' lang='lat' dir='ltr'>honoratus</span> <span class='ocrx_word' id='word_1_88' title='bbox 1650 1017 1712 1073; x_wconf 91' lang='lat' dir='ltr'>et</span> <span class='ocrx_word' id='word_1_89' title='bbox 1743 1015 1899 1073; x_wconf 90' lang='lat' dir='ltr'>desi·</span> <span class='ocrx_word' id='word_1_90' title='bbox 1956 1016 2089 1073; x_wconf 89' lang='lat' dir='ltr'>dem</span> <span class='ocrx_word' id='word_1_91' title='bbox 2122 1017 2304 1077; x_wconf 89' lang='lat' dir='ltr'>libro:</span> <span class='ocrx_word' id='word_1_92' title='bbox 2353 1017 2686 1076; x_wconf 80' lang='lat' dir='ltr'>oeconomia</span> <span class='ocrx_word' id='word_1_93' title='bbox 2717 1019 2996 1076; x_wconf 80' lang='lat' dir='ltr'>canonica</span> <span class='ocrx_word' id='word_1_94' title='bbox 3028 1035 3133 1076; x_wconf 86' lang='lat' dir='ltr'>seu</span> <span class='ocrx_word' id='word_1_95' title='bbox 3164 1016 3237 1075; x_wconf 90' lang='lat' dir='ltr'>de</span> 
     </span>
     <span class='ocr_line' id='line_1_11' title="bbox 618 1103 3236 1165; baseline 0 -3"><span class='ocrx_word' id='word_1_96' title='bbox 618 1107 858 1164; x_wconf 83' lang='lat' dir='ltr'>deratus</span> <span class='ocrx_word' id='word_1_97' title='bbox 905 1103 1181 1164; x_wconf 88' lang='lat' dir='ltr'>omnibus</span> <span class='ocrx_word' id='word_1_98' title='bbox 1228 1123 1346 1163; x_wconf 91' lang='lat' dir='ltr'>non</span> <span class='ocrx_word' id='word_1_99' title='bbox 1392 1105 1518 1162; x_wconf 88' lang='lat' dir='ltr'>sine</span> <span class='ocrx_word' id='word_1_100' title='bbox 1564 1104 1900 1163; x_wconf 78' lang='lat' dir='ltr'>sanctitatis</span> <span class='ocrx_word' id='word_1_101' title='bbox 1957 1123 2031 1163; x_wconf 89' lang='lat' dir='ltr'>ss.</span> <span class='ocrx_word' id='word_1_102' title='bbox 2066 1106 2388 1165; x_wconf 89' lang='lat' dir='ltr'>catholicae</span> <span class='ocrx_word' id='word_1_103' title='bbox 2409 1106 2627 1164; x_wconf 84' lang='lat' dir='ltr'>Christi</span> <span class='ocrx_word' id='word_1_104' title='bbox 2648 1106 2905 1165; x_wconf 85' lang='lat' dir='ltr'>familiae</span> <span class='ocrx_word' id='word_1_105' title='bbox 2926 1105 3236 1163; x_wconf 74' lang='lat' dir='ltr'>ministro-</span> 
     </span>
     <span class='ocr_line' id='line_1_12' title="bbox 619 1189 3240 1274; baseline -0 -22"><span class='ocrx_word' id='word_1_106' title='bbox 619 1189 1019 1274; x_wconf 60' lang='lat' dir='ltr'>opinioness).‘</span> <span class='ocrx_word' id='word_1_107' title='bbox 1053 1192 1258 1250; x_wconf 77' lang='lat' dir='ltr'>Edidit</span> <span class='ocrx_word' id='word_1_108' title='bbox 1290 1197 1524 1268; x_wconf 87' lang='lat' dir='ltr'>praeter</span> <span class='ocrx_word' id='word_1_109' title='bbox 1556 1193 1704 1251; x_wconf 86' lang='lat' dir='ltr'>alia:</span> <span class='ocrx_word' id='word_1_110' title='bbox 1756 1193 1898 1251; x_wconf 80' lang='lat' dir='ltr'>Fla·</span> <span class='ocrx_word' id='word_1_111' title='bbox 1954 1213 2087 1252; x_wconf 88' lang='lat' dir='ltr'>rum</span> <span class='ocrx_word' id='word_1_112' title='bbox 2110 1195 2300 1253; x_wconf 84' lang='lat' dir='ltr'>officio</span> <span class='ocrx_word' id='word_1_113' title='bbox 2333 1200 2393 1254; x_wconf 92' lang='lat' dir='ltr'>et</span> <span class='ocrx_word' id='word_1_114' title='bbox 2428 1196 2828 1254; x_wconf 85' lang='lat' dir='ltr'>conservanda</span> <span class='ocrx_word' id='word_1_115' title='bbox 2858 1195 3081 1269; x_wconf 85' lang='lat' dir='ltr'>ubique</span> <span class='ocrx_word' id='word_1_116' title='bbox 3115 1214 3240 1252; x_wconf 89' lang='lat' dir='ltr'>ma-</span> 
     </span>
     <span class='ocr_line' id='line_1_13' title="bbox 612 1281 3237 1361; baseline 0.001 -20"><span class='ocrx_word' id='word_1_117' title='bbox 612 1285 820 1361; x_wconf 78' lang='lat' dir='ltr'>yellum</span> <span class='ocrx_word' id='word_1_118' title='bbox 853 1284 1249 1351; x_wconf 76' lang='lat' dir='ltr'>sectariorum,</span> <span class='ocrx_word' id='word_1_119' title='bbox 1269 1282 1375 1356; x_wconf 91' lang='lat' dir='ltr'>qui</span> <span class='ocrx_word' id='word_1_120' title='bbox 1393 1281 1701 1359; x_wconf 87' lang='lat' dir='ltr'>religionis</span> <span class='ocrx_word' id='word_1_121' title='bbox 1721 1301 1898 1357; x_wconf 87' lang='lat' dir='ltr'>prae·</span> <span class='ocrx_word' id='word_1_122' title='bbox 1947 1284 2150 1358; x_wconf 88' lang='lat' dir='ltr'>jorum</span> <span class='ocrx_word' id='word_1_123' title='bbox 2180 1285 2576 1343; x_wconf 87' lang='lat' dir='ltr'>ecclesiastica</span> <span class='ocrx_word' id='word_1_124' title='bbox 2625 1284 2950 1359; x_wconf 77' lang='lat' dir='ltr'>disciplina,</span> <span class='ocrx_word' id='word_1_125' title='bbox 2986 1301 3164 1357; x_wconf 89' lang='lat' dir='ltr'>quem</span> <span class='ocrx_word' id='word_1_126' title='bbox 3197 1284 3237 1344; x_wconf 95' lang='lat' dir='ltr'>l.</span> 
     </span>
     <span class='ocr_line' id='line_1_14' title="bbox 615 1370 3236 1447; baseline -0.001 -17"><span class='ocrx_word' id='word_1_127' title='bbox 615 1375 788 1431; x_wconf 81' lang='lat' dir='ltr'>textu</span> <span class='ocrx_word' id='word_1_128' title='bbox 849 1371 1166 1430; x_wconf 82' lang='lat' dir='ltr'>seditiones</span> <span class='ocrx_word' id='word_1_129' title='bbox 1218 1371 1279 1428; x_wconf 94' lang='lat' dir='ltr'>in</span> <span class='ocrx_word' id='word_1_130' title='bbox 1332 1370 1628 1429; x_wconf 87' lang='lat' dir='ltr'>Caesarem</span> <span class='ocrx_word' id='word_1_131' title='bbox 1678 1374 1783 1428; x_wconf 84' lang='lat' dir='ltr'>aut</span> <span class='ocrx_word' id='word_1_132' title='bbox 1836 1370 1900 1428; x_wconf 89' lang='lat' dir='ltr'>in</span> <span class='ocrx_word' id='word_1_133' title='bbox 1955 1372 2213 1447; x_wconf 91' lang='lat' dir='ltr'>primum</span> <span class='ocrx_word' id='word_1_134' title='bbox 2247 1373 2507 1431; x_wconf 86' lang='lat' dir='ltr'>ediderat</span> <span class='ocrx_word' id='word_1_135' title='bbox 2551 1372 3035 1431; x_wconf 78' lang='lat' dir='ltr'>annotationibus</span> <span class='ocrx_word' id='word_1_136' title='bbox 3069 1390 3236 1430; x_wconf 83' lang='lat' dir='ltr'>exor-</span> 
     </span>
     <span class='ocr_line' id='line_1_15' title="bbox 617 1459 3237 1536; baseline 0.002 -16"><span class='ocrx_word' id='word_1_137' title='bbox 617 1462 766 1520; x_wconf 88' lang='lat' dir='ltr'>alios</span> <span class='ocrx_word' id='word_1_138' title='bbox 800 1459 1154 1518; x_wconf 87' lang='lat' dir='ltr'>orthodoxos</span> <span class='ocrx_word' id='word_1_139' title='bbox 1176 1459 1474 1536; x_wconf 85' lang='lat' dir='ltr'>principes</span> <span class='ocrx_word' id='word_1_140' title='bbox 1495 1459 1749 1518; x_wconf 77' lang='lat' dir='ltr'>excitare</span> <span class='ocrx_word' id='word_1_141' title='bbox 1770 1463 1898 1517; x_wconf 88' lang='lat' dir='ltr'>stu·</span> <span class='ocrx_word' id='word_1_142' title='bbox 1954 1464 2164 1519; x_wconf 85' lang='lat' dir='ltr'>natum</span> <span class='ocrx_word' id='word_1_143' title='bbox 2175 1463 2387 1520; x_wconf 78' lang='lat' dir='ltr'>Petrus</span> <span class='ocrx_word' id='word_1_144' title='bbox 2406 1464 2457 1519; x_wconf 82' lang='lat' dir='ltr'>M</span> <span class='ocrx_word' id='word_1_145' title='bbox 2476 1464 2596 1520; x_wconf 89' lang='lat' dir='ltr'>att</span> <span class='ocrx_word' id='word_1_146' title='bbox 2612 1463 2649 1519; x_wconf 88' lang='lat' dir='ltr'>h</span> <span class='ocrx_word' id='word_1_147' title='bbox 2665 1483 2698 1518; x_wconf 81' lang='lat' dir='ltr'>a</span> <span class='ocrx_word' id='word_1_148' title='bbox 2713 1480 2744 1520; x_wconf 89' lang='lat' dir='ltr'>e</span> <span class='ocrx_word' id='word_1_149' title='bbox 2759 1481 2843 1518; x_wconf 91' lang='lat' dir='ltr'>us</span> <span class='ocrx_word' id='word_1_150' title='bbox 2864 1462 2939 1519; x_wconf 88' lang='lat' dir='ltr'>ib.</span> <span class='ocrx_word' id='word_1_151' title='bbox 2964 1471 3237 1524; x_wconf 75' lang='grc'>1588.-</span> 
     </span>
     <span class='ocr_line' id='line_1_16' title="bbox 618 1548 3237 1632; baseline 0 -24"><span class='ocrx_word' id='word_1_152' title='bbox 618 1551 776 1619; x_wconf 89' lang='lat' dir='ltr'>dent,</span> <span class='ocrx_word' id='word_1_153' title='bbox 811 1548 1160 1626; x_wconf 81' lang='lat' dir='ltr'>ingolstadii</span> <span class='ocrx_word' id='word_1_154' title='bbox 1203 1557 1382 1612; x_wconf 85' lang='grc'>1582.</span> <span class='ocrx_word' id='word_1_155' title='bbox 1417 1548 1607 1625; x_wconf 90' lang='lat' dir='ltr'>Opera</span> <span class='ocrx_word' id='word_1_156' title='bbox 1638 1549 1899 1623; x_wconf 75' lang='lat' dir='ltr'>eiusdem</span> <span class='ocrx_word' id='word_1_157' title='bbox 1955 1550 2214 1609; x_wconf 80' lang='lat' dir='ltr'>Joannes</span> <span class='ocrx_word' id='word_1_158' title='bbox 2251 1552 2522 1610; x_wconf 88' lang='lat' dir='ltr'>Portez</span> <span class='ocrx_word' id='word_1_159' title='bbox 2564 1549 2959 1632; x_wconf 79' lang='lat' dir='ltr'>(Porthesius)</span> <span class='ocrx_word' id='word_1_160' title='bbox 2997 1549 3060 1607; x_wconf 91' lang='grc' dir='ltr'>Ο.</span> <span class='ocrx_word' id='word_1_161' title='bbox 3096 1550 3237 1609; x_wconf 88' lang='lat' dir='ltr'>Min.</span> 
     </span>
     <span class='ocr_line' id='line_1_17' title="bbox 618 1637 3240 1714; baseline -0.001 -17"><span class='ocrx_word' id='word_1_162' title='bbox 618 1642 892 1697; x_wconf 87' lang='lat' dir='ltr'>accurate</span> <span class='ocrx_word' id='word_1_163' title='bbox 941 1656 1075 1696; x_wconf 90' lang='lat' dir='ltr'>cum</span> <span class='ocrx_word' id='word_1_164' title='bbox 1121 1638 1294 1695; x_wconf 86' lang='lat' dir='ltr'>docta</span> <span class='ocrx_word' id='word_1_165' title='bbox 1323 1637 1759 1696; x_wconf 80' lang='lat' dir='ltr'>introductione</span> <span class='ocrx_word' id='word_1_166' title='bbox 1794 1657 1900 1695; x_wconf 88' lang='lat' dir='ltr'>an·</span> <span class='ocrx_word' id='word_1_167' title='bbox 1954 1640 2326 1698; x_wconf 74' lang='lat' dir='ltr'>ecclesiastes</span> <span class='ocrx_word' id='word_1_168' title='bbox 2371 1659 2507 1698; x_wconf 87' lang='lat' dir='ltr'>vere</span> <span class='ocrx_word' id='word_1_169' title='bbox 2559 1639 2902 1708; x_wconf 70' lang='lat' dir='ltr'>catholicuS,</span> <span class='ocrx_word' id='word_1_170' title='bbox 2954 1657 3128 1714; x_wconf 85' lang='lat' dir='ltr'>opere</span> <span class='ocrx_word' id='word_1_171' title='bbox 3177 1643 3240 1696; x_wconf 87' lang='lat' dir='ltr'>et</span> 
     </span>
     <span class='ocr_line' id='line_1_18' title="bbox 618 1725 3239 1809; baseline -0.001 -23"><span class='ocrx_word' id='word_1_172' title='bbox 618 1727 1026 1786; x_wconf 88' lang='lat' dir='ltr'>notationibus</span> <span class='ocrx_word' id='word_1_173' title='bbox 1060 1725 1361 1784; x_wconf 80' lang='lat' dir='ltr'>illustrata</span> <span class='ocrx_word' id='word_1_174' title='bbox 1394 1725 1583 1784; x_wconf 85' lang='lat' dir='ltr'>edidit</span> <span class='ocrx_word' id='word_1_175' title='bbox 1612 1727 1706 1788; x_wconf 84' lang='lat' dir='ltr'>Ja.</span> <span class='ocrx_word' id='word_1_176' title='bbox 1739 1726 1900 1802; x_wconf 85' lang='lat' dir='ltr'>King</span> <span class='ocrx_word' id='word_1_177' title='bbox 1956 1747 2223 1788; x_wconf 87' lang='lat' dir='ltr'>sermone</span> <span class='ocrx_word' id='word_1_178' title='bbox 2255 1734 2465 1804; x_wconf 85' lang='lat' dir='ltr'>potens</span> <span class='ocrx_word' id='word_1_179' title='bbox 2500 1726 2560 1809; x_wconf 91' lang='lat'>(†</span> <span class='ocrx_word' id='word_1_180' title='bbox 2592 1748 2638 1789; x_wconf 88' lang='lat' dir='ltr'>c.</span> <span class='ocrx_word' id='word_1_181' title='bbox 2672 1749 2721 1786; x_wconf 87' lang='lat' dir='ltr'>a.</span> <span class='ocrx_word' id='word_1_182' title='bbox 2753 1727 2964 1808; x_wconf 85' lang='grc'>1590),</span> <span class='ocrx_word' id='word_1_183' title='bbox 2999 1728 3239 1802; x_wconf 85' lang='lat' dir='ltr'>scripsit</span> 
     </span>
     <span class='ocr_line' id='line_1_19' title="bbox 618 1814 3232 1892; baseline 0 -18"><span class='ocrx_word' id='word_1_184' title='bbox 618 1816 916 1885; x_wconf 83' lang='lat' dir='ltr'>Hewison,</span> <span class='ocrx_word' id='word_1_185' title='bbox 950 1814 1302 1892; x_wconf 87' lang='lat' dir='ltr'>Edinburgh</span> <span class='ocrx_word' id='word_1_186' title='bbox 1328 1816 1823 1878; x_wconf 70' lang='grc' dir='ltr'>1888-189οῒ».</span> <span class='ocrx_word' id='word_1_187' title='bbox 1845 1823 1895 1876; x_wconf 89' lang='grc'>2.</span> <span class='ocrx_word' id='word_1_188' title='bbox 1955 1817 2025 1874; x_wconf 92' lang='lat' dir='ltr'>de</span> <span class='ocrx_word' id='word_1_189' title='bbox 2074 1818 2267 1876; x_wconf 89' lang='lat' dir='ltr'>verbis</span> <span class='ocrx_word' id='word_1_190' title='bbox 2305 1817 2537 1877; x_wconf 88' lang='lat' dir='ltr'>Domini</span> <span class='ocrx_word' id='word_1_191' title='bbox 2580 1819 2682 1875; x_wconf 81' lang='lat' dir='ltr'>hoc</span> <span class='ocrx_word' id='word_1_192' title='bbox 2722 1818 2898 1890; x_wconf 71' lang='lat' dir='ltr'>facite</span> <span class='ocrx_word' id='word_1_193' title='bbox 2944 1819 3003 1873; x_wconf 81' lang='lat' dir='ltr'>in</span> <span class='ocrx_word' id='word_1_194' title='bbox 3048 1836 3232 1874; x_wconf 84' lang='lat' dir='ltr'>meam</span> 
     </span>
    </p>

    <p class='ocr_par' dir='ltr' id='par_1_3' title="bbox 1954 1906 3232 1981">
     <span class='ocr_line' id='line_1_20' title="bbox 1954 1906 3232 1981; baseline -0.002 -18"><span class='ocrx_word' id='word_1_195' title='bbox 1954 1911 2539 1966; x_wconf 80' lang='lat' dir='ltr'>commemorationem</span> <span class='ocrx_word' id='word_1_196' title='bbox 2558 1926 2664 1981; x_wconf 86' lang='lat' dir='ltr'>pro</span> <span class='ocrx_word' id='word_1_197' title='bbox 2680 1906 3053 1965; x_wconf 89' lang='lat' dir='ltr'>oecumenico</span> <span class='ocrx_word' id='word_1_198' title='bbox 3075 1924 3232 1963; x_wconf 91' lang='lat' dir='ltr'>conc.</span> 
     </span>
    </p>
   </div>
   <div class='ocr_carea' id='block_1_3' title="bbox 613 1992 1902 3317">
    <p class='ocr_par' dir='ltr' id='par_1_4' title="bbox 613 1992 1902 3317">
     <span class='ocr_line' id='line_1_21' title="bbox 712 1992 1898 2068; baseline -0.003 -14"><span class='ocrx_word' id='word_1_199' title='bbox 712 2003 810 2056; x_wconf 89' lang='grc'>83.</span> <span class='ocrx_word' id='word_1_200' title='bbox 842 1994 913 2051; x_wconf 92' lang='lat' dir='ltr'>In</span> <span class='ocrx_word' id='word_1_201' title='bbox 948 1993 1143 2050; x_wconf 75' lang='lat' dir='ltr'>Gallia</span> <span class='ocrx_word' id='word_1_202' title='bbox 1172 1996 1376 2050; x_wconf 89' lang='lat' dir='ltr'>contra</span> <span class='ocrx_word' id='word_1_203' title='bbox 1396 1992 1752 2051; x_wconf 86' lang='lat' dir='ltr'>Calvinistas</span> <span class='ocrx_word' id='word_1_204' title='bbox 1785 2013 1898 2068; x_wconf 91' lang='lat' dir='ltr'>pu-</span> 
     </span>
     <span class='ocr_line' id='line_1_22' title="bbox 618 2078 1896 2161; baseline -0.001 -21"><span class='ocrx_word' id='word_1_205' title='bbox 618 2078 973 2161; x_wconf 78' lang='lat' dir='ltr'>gnamnt³):</span> <span class='ocrx_word' id='word_1_206' title='bbox 1020 2082 1234 2139; x_wconf 83' lang='lat' dir='ltr'>Petrus</span> <span class='ocrx_word' id='word_1_207' title='bbox 1267 2081 1571 2140; x_wconf 88' lang='lat' dir='ltr'>Emotte</span> <span class='ocrx_word' id='word_1_208' title='bbox 1617 2082 1896 2158; x_wconf 90' lang='lat' dir='ltr'>Burgun-</span> 
     </span>
     <span class='ocr_line' id='line_1_23' title="bbox 619 2166 1898 2249; baseline 0 -21"><span class='ocrx_word' id='word_1_209' title='bbox 619 2173 748 2240; x_wconf 80' lang='lat' dir='ltr'>duS‚</span> <span class='ocrx_word' id='word_1_210' title='bbox 792 2171 996 2230; x_wconf 89' lang='lat' dir='ltr'>doctor</span> <span class='ocrx_word' id='word_1_211' title='bbox 1043 2170 1393 2245; x_wconf 83' lang='lat' dir='ltr'>parisiensis</span> <span class='ocrx_word' id='word_1_212' title='bbox 1445 2166 1691 2249; x_wconf 85' lang='lat'>(1572),</span> <span class='ocrx_word' id='word_1_213' title='bbox 1740 2171 1898 2246; x_wconf 87' lang='lat' dir='ltr'>capi-</span> 
     </span>
     <span class='ocr_line' id='line_1_24' title="bbox 617 2255 1898 2340; baseline -0.001 -22"><span class='ocrx_word' id='word_1_214' title='bbox 617 2260 733 2319; x_wconf 90' lang='lat' dir='ltr'>tuli</span> <span class='ocrx_word' id='word_1_215' title='bbox 785 2259 1175 2319; x_wconf 79' lang='lat' dir='ltr'>laudunensis</span> <span class='ocrx_word' id='word_1_216' title='bbox 1221 2259 1478 2317; x_wconf 88' lang='lat' dir='ltr'>decanus</span> <span class='ocrx_word' id='word_1_217' title='bbox 1524 2255 1586 2340; x_wconf 91' lang='lat'>(†</span> <span class='ocrx_word' id='word_1_218' title='bbox 1642 2272 1693 2322; x_wconf 89' lang='lat'>1.</span> <span class='ocrx_word' id='word_1_219' title='bbox 1745 2262 1898 2336; x_wconf 85' lang='lat' dir='ltr'>Aug.</span> 
     </span>
     <span class='ocr_line' id='line_1_25' title="bbox 625 2345 1898 2430; baseline -0.003 -19"><span class='ocrx_word' id='word_1_220' title='bbox 625 2345 837 2430; x_wconf 86' lang='lat'>1580),</span> <span class='ocrx_word' id='word_1_221' title='bbox 872 2350 1042 2425; x_wconf 88' lang='lat' dir='ltr'>cujus</span> <span class='ocrx_word' id='word_1_222' title='bbox 1075 2352 1192 2408; x_wconf 88' lang='lat' dir='ltr'>est:</span> <span class='ocrx_word' id='word_1_223' title='bbox 1250 2348 1571 2406; x_wconf 77' lang='lat' dir='ltr'>Catholicae</span> <span class='ocrx_word' id='word_1_224' title='bbox 1599 2349 1734 2423; x_wconf 82' lang='lat' dir='ltr'>fidei</span> <span class='ocrx_word' id='word_1_225' title='bbox 1761 2369 1898 2428; x_wconf 84' lang='lat' dir='ltr'>pro-</span> 
     </span>
     <span class='ocr_line' id='line_1_26' title="bbox 613 2437 1897 2513; baseline -0.002 -17"><span class='ocrx_word' id='word_1_226' title='bbox 613 2439 788 2511; x_wconf 76' lang='lat' dir='ltr'>fessio</span> <span class='ocrx_word' id='word_1_227' title='bbox 837 2439 1096 2513; x_wconf 88' lang='lat' dir='ltr'>primum</span> <span class='ocrx_word' id='word_1_228' title='bbox 1146 2437 1465 2511; x_wconf 84' lang='lat' dir='ltr'>utriusque</span> <span class='ocrx_word' id='word_1_229' title='bbox 1510 2437 1589 2507; x_wconf 68' lang='lat' dir='ltr'>T„</span> <span class='ocrx_word' id='word_1_230' title='bbox 1641 2437 1777 2496; x_wconf 89' lang='lat' dir='ltr'>dein</span> <span class='ocrx_word' id='word_1_231' title='bbox 1824 2456 1897 2496; x_wconf 87' lang='lat' dir='ltr'>ss.</span> 
     </span>
     <span class='ocr_line' id='line_1_27' title="bbox 618 2526 1897 2603; baseline -0.001 -18"><span class='ocrx_word' id='word_1_232' title='bbox 618 2532 874 2603; x_wconf 88' lang='lat' dir='ltr'>patrum,</span> <span class='ocrx_word' id='word_1_233' title='bbox 910 2527 1011 2603; x_wconf 92' lang='lat' dir='ltr'>qui</span> <span class='ocrx_word' id='word_1_234' title='bbox 1048 2526 1254 2602; x_wconf 87' lang='lat' dir='ltr'>primis</span> <span class='ocrx_word' id='word_1_235' title='bbox 1288 2526 1520 2583; x_wconf 66' lang='lat' dir='ltr'>ducbus</span> <span class='ocrx_word' id='word_1_236' title='bbox 1555 2526 1770 2583; x_wconf 88' lang='lat' dir='ltr'>seculis</span> <span class='ocrx_word' id='word_1_237' title='bbox 1791 2526 1897 2584; x_wconf 91' lang='lat' dir='ltr'>flo-</span> 
     </span>
     <span class='ocr_line' id='line_1_28' title="bbox 617 2613 1897 2690; baseline -0.002 -15"><span class='ocrx_word' id='word_1_238' title='bbox 617 2621 890 2690; x_wconf 77' lang='lat' dir='ltr'>ruerunt,</span> <span class='ocrx_word' id='word_1_239' title='bbox 939 2615 1293 2674; x_wconf 85' lang='lat' dir='ltr'>testimoniis</span> <span class='ocrx_word' id='word_1_240' title='bbox 1328 2614 1671 2673; x_wconf 86' lang='lat' dir='ltr'>confirmata</span> <span class='ocrx_word' id='word_1_241' title='bbox 1704 2616 1766 2673; x_wconf 91' lang='lat' dir='ltr'>ll.</span> <span class='ocrx_word' id='word_1_242' title='bbox 1798 2613 1897 2684; x_wconf 86' lang='lat' dir='ltr'>IV,</span> 
     </span>
     <span class='ocr_line' id='line_1_29' title="bbox 618 2702 1902 2778; baseline -0.001 -16"><span class='ocrx_word' id='word_1_243' title='bbox 618 2706 854 2764; x_wconf 86' lang='lat' dir='ltr'>Parisiis</span> <span class='ocrx_word' id='word_1_244' title='bbox 878 2716 900 2766; x_wconf 94' lang='lat'>1</span> <span class='ocrx_word' id='word_1_245' title='bbox 918 2714 949 2765; x_wconf 86' lang='lat'>5</span> <span class='ocrx_word' id='word_1_246' title='bbox 964 2715 993 2765; x_wconf 82' lang='lat'><strong>7</strong></span> <span class='ocrx_word' id='word_1_247' title='bbox 1007 2714 1041 2765; x_wconf 88' lang='grc'>8</span> <span class='ocrx_word' id='word_1_248' title='bbox 1058 2725 1069 2771; x_wconf 91' lang='grc'>;</span> <span class='ocrx_word' id='word_1_249' title='bbox 1092 2705 1219 2778; x_wconf 87' lang='lat' dir='ltr'>ejus</span> <span class='ocrx_word' id='word_1_250' title='bbox 1232 2704 1530 2760; x_wconf 77' lang='lat' dir='ltr'>Sermones</span> <span class='ocrx_word' id='word_1_251' title='bbox 1549 2702 1902 2777; x_wconf 89' lang='lat' dir='ltr'>prodierunt</span> 
     </span>
     <span class='ocr_line' id='line_1_30' title="bbox 617 2794 1898 2859; baseline -0.002 -9"><span class='ocrx_word' id='word_1_252' title='bbox 617 2794 693 2850; x_wconf 88' lang='lat' dir='ltr'>ib.</span> <span class='ocrx_word' id='word_1_253' title='bbox 757 2801 1093 2855; x_wconf 77' lang='lat'>1578—82</span> <span class='ocrx_word' id='word_1_254' title='bbox 1150 2796 1190 2848; x_wconf 77' lang='lat' dir='ltr'>t.</span> <span class='ocrx_word' id='word_1_255' title='bbox 1247 2802 1315 2859; x_wconf 78' lang='lat'>33</span> <span class='ocrx_word' id='word_1_256' title='bbox 1385 2799 1749 2854; x_wconf 87' lang='lat'>1588—90.</span> <span class='ocrx_word' id='word_1_257' title='bbox 1811 2826 1898 2836; x_wconf 92' lang='lat'>—-</span> 
     </span>
     <span class='ocr_line' id='line_1_31' title="bbox 619 2879 1899 2955; baseline 0.001 -17"><span class='ocrx_word' id='word_1_258' title='bbox 619 2883 832 2940; x_wconf 86' lang='lat' dir='ltr'>Petrus</span> <span class='ocrx_word' id='word_1_259' title='bbox 881 2881 952 2939; x_wconf 92' lang='lat' dir='ltr'>de</span> <span class='ocrx_word' id='word_1_260' title='bbox 999 2881 1053 2938; x_wconf 85' lang='lat' dir='ltr'>la</span> <span class='ocrx_word' id='word_1_261' title='bbox 1099 2881 1322 2938; x_wconf 87' lang='lat' dir='ltr'>Coste</span> <span class='ocrx_word' id='word_1_262' title='bbox 1355 2879 1420 2942; x_wconf 94' lang='grc' dir='ltr'>Ο.</span> <span class='ocrx_word' id='word_1_263' title='bbox 1452 2879 1655 2938; x_wconf 87' lang='lat' dir='ltr'>Praed.</span> <span class='ocrx_word' id='word_1_264' title='bbox 1709 2881 1899 2955; x_wconf 90' lang='lat' dir='ltr'>Aqui-</span> 
     </span>
     <span class='ocr_line' id='line_1_32' title="bbox 617 2968 1898 3044; baseline 0.002 -17"><span class='ocrx_word' id='word_1_265' title='bbox 617 2974 813 3041; x_wconf 86' lang='lat' dir='ltr'>tanus,</span> <span class='ocrx_word' id='word_1_266' title='bbox 878 2969 1073 3044; x_wconf 86' lang='lat' dir='ltr'>patria</span> <span class='ocrx_word' id='word_1_267' title='bbox 1122 2968 1560 3039; x_wconf 87' lang='lat' dir='ltr'>Condomensis,</span> <span class='ocrx_word' id='word_1_268' title='bbox 1625 2970 1732 3043; x_wconf 91' lang='lat' dir='ltr'>qui</span> <span class='ocrx_word' id='word_1_269' title='bbox 1780 2989 1898 3029; x_wconf 89' lang='lat' dir='ltr'>non</span> 
     </span>
     <span class='ocr_line' id='line_1_33' title="bbox 616 3054 1900 3138; baseline 0.001 -21"><span class='ocrx_word' id='word_1_270' title='bbox 616 3060 809 3117; x_wconf 85' lang='lat' dir='ltr'>solum</span> <span class='ocrx_word' id='word_1_271' title='bbox 842 3054 1161 3138; x_wconf 73' lang='lat' dir='ltr'>scriptis4),</span> <span class='ocrx_word' id='word_1_272' title='bbox 1209 3058 1310 3115; x_wconf 87' lang='lat' dir='ltr'>sed</span> <span class='ocrx_word' id='word_1_273' title='bbox 1352 3062 1411 3115; x_wconf 91' lang='lat' dir='ltr'>et</span> <span class='ocrx_word' id='word_1_274' title='bbox 1444 3058 1732 3133; x_wconf 86' lang='lat' dir='ltr'>sanguine</span> <span class='ocrx_word' id='word_1_275' title='bbox 1763 3059 1900 3118; x_wconf 86' lang='lat' dir='ltr'>fuso</span> 
     </span>
     <span class='ocr_line' id='line_1_34' title="bbox 619 3144 1899 3225; baseline 0.001 -20"><span class='ocrx_word' id='word_1_276' title='bbox 619 3144 995 3225; x_wconf 86' lang='lat' dir='ltr'>(interfectus</span> <span class='ocrx_word' id='word_1_277' title='bbox 1030 3145 1323 3223; x_wconf 87' lang='lat' dir='ltr'>siquidem</span> <span class='ocrx_word' id='word_1_278' title='bbox 1357 3147 1473 3205; x_wconf 86' lang='lat' dir='ltr'>suit</span> <span class='ocrx_word' id='word_1_279' title='bbox 1506 3148 1899 3206; x_wconf 83' lang='lat' dir='ltr'>aCalvinistis</span> 
     </span>
     <span class='ocr_line' id='line_1_35' title="bbox 615 3234 1898 3317; baseline -0.001 -22"><span class='ocrx_word' id='word_1_280' title='bbox 615 3258 662 3295; x_wconf 89' lang='lat' dir='ltr'>a.</span> <span class='ocrx_word' id='word_1_281' title='bbox 708 3244 868 3299; x_wconf 86' lang='lat'>1582</span> <span class='ocrx_word' id='word_1_282' title='bbox 908 3236 1001 3295; x_wconf 82' lang='lat' dir='ltr'>vel</span> <span class='ocrx_word' id='word_1_283' title='bbox 1044 3234 1236 3317; x_wconf 87' lang='grc'>1583)</span> <span class='ocrx_word' id='word_1_284' title='bbox 1285 3236 1417 3295; x_wconf 87' lang='lat' dir='ltr'>fidei</span> <span class='ocrx_word' id='word_1_285' title='bbox 1451 3236 1768 3295; x_wconf 87' lang='lat' dir='ltr'>catholicae</span> <span class='ocrx_word' id='word_1_286' title='bbox 1800 3257 1898 3295; x_wconf 85' lang='lat' dir='ltr'>ex-</span> 
     </span>
    </p>
   </div>
   <div class='ocr_carea' id='block_1_4' title="bbox 616 3395 932 3403">
    <p class='ocr_par' dir='ltr' id='par_1_5' title="bbox 616 3395 932 3403">
     <span class='ocr_line' id='line_1_36' title="bbox 616 3395 932 3403; baseline 0 0"><span class='ocrx_word' id='word_1_287' title='bbox 616 3395 932 3403; x_wconf 95' lang='lat' dir='ltr'> </span> 
     </span>
    </p>
   </div>
   <div class='ocr_carea' id='block_1_5' title="bbox 697 3478 1889 3550">
    <p class='ocr_par' dir='ltr' id='par_1_6' title="bbox 697 3478 1889 3550">
     <span class='ocr_line' id='line_1_37' title="bbox 697 3478 1889 3550; baseline -0.003 -17"><span class='ocrx_word' id='word_1_288' title='bbox 697 3482 728 3550; x_wconf 88' lang='lat'>¹)</span> <span class='ocrx_word' id='word_1_289' title='bbox 759 3479 840 3533; x_wconf 81' lang='lat' dir='ltr'>Cf.</span> <span class='ocrx_word' id='word_1_290' title='bbox 868 3478 1235 3547; x_wconf 84' lang='lat' dir='ltr'>Ziegelbauer</span> <span class='ocrx_word' id='word_1_291' title='bbox 1259 3479 1390 3533; x_wconf 84' lang='lat' dir='ltr'>hist.</span> <span class='ocrx_word' id='word_1_292' title='bbox 1419 3479 1497 3532; x_wconf 87' lang='lat' dir='ltr'>rei</span> <span class='ocrx_word' id='word_1_293' title='bbox 1513 3479 1738 3532; x_wconf 62' lang='lat' dir='ltr'>litent).</span> <span class='ocrx_word' id='word_1_294' title='bbox 1757 3484 1808 3532; x_wconf 60' lang='lat' dir='ltr'>bs.</span> <span class='ocrx_word' id='word_1_295' title='bbox 1829 3478 1889 3530; x_wconf 89' lang='lat' dir='ltr'>B.</span> 
     </span>
    </p>
   </div>
   <div class='ocr_carea' id='block_1_6' title="bbox 615 3549 1904 3615">
    <p class='ocr_par' dir='ltr' id='par_1_7' title="bbox 615 3549 1904 3615">
     <span class='ocr_line' id='line_1_38' title="bbox 615 3549 1904 3615; baseline 0.002 -14"><span class='ocrx_word' id='word_1_296' title='bbox 615 3550 700 3603; x_wconf 92' lang='lat' dir='ltr'>ed.</span> <span class='ocrx_word' id='word_1_297' title='bbox 729 3549 965 3604; x_wconf 82' lang='lat' dir='ltr'>Oliverii</span> <span class='ocrx_word' id='word_1_298' title='bbox 991 3555 1041 3615; x_wconf 98' lang='grc'>3,</span> <span class='ocrx_word' id='word_1_299' title='bbox 1070 3555 1176 3607; x_wconf 91' lang='grc'>360</span> <span class='ocrx_word' id='word_1_300' title='bbox 1202 3569 1272 3610; x_wconf 81' lang='lat' dir='ltr'>s.;</span> <span class='ocrx_word' id='word_1_301' title='bbox 1327 3550 1650 3604; x_wconf 82' lang='lat' dir='ltr'>Mackenzie</span> <span class='ocrx_word' id='word_1_302' title='bbox 1679 3549 1810 3603; x_wconf 78' lang='lat' dir='ltr'>Live</span> <span class='ocrx_word' id='word_1_303' title='bbox 1840 3550 1904 3603; x_wconf 83' lang='lat' dir='ltr'>of</span> 
     </span>
    </p>
   </div>
   <div class='ocr_carea' id='block_1_7' title="bbox 607 3621 1897 4330">
    <p class='ocr_par' dir='ltr' id='par_1_8' title="bbox 613 3621 1897 3961">
     <span class='ocr_line' id='line_1_39' title="bbox 617 3621 1897 3675; baseline 0.001 -3"><span class='ocrx_word' id='word_1_304' title='bbox 617 3624 763 3674; x_wconf 84' lang='lat' dir='ltr'>most</span> <span class='ocrx_word' id='word_1_305' title='bbox 787 3623 1042 3674; x_wconf 85' lang='lat' dir='ltr'>eminent</span> <span class='ocrx_word' id='word_1_306' title='bbox 1083 3622 1322 3674; x_wconf 86' lang='lat' dir='ltr'>Writers</span> <span class='ocrx_word' id='word_1_307' title='bbox 1349 3622 1413 3675; x_wconf 81' lang='lat' dir='ltr'>of</span> <span class='ocrx_word' id='word_1_308' title='bbox 1435 3622 1530 3675; x_wconf 88' lang='lat' dir='ltr'>the</span> <span class='ocrx_word' id='word_1_309' title='bbox 1558 3622 1758 3675; x_wconf 85' lang='lat' dir='ltr'>Scotch</span> <span class='ocrx_word' id='word_1_310' title='bbox 1787 3621 1838 3673; x_wconf 92' lang='lat' dir='ltr'>N</span> <span class='ocrx_word' id='word_1_311' title='bbox 1844 3639 1897 3673; x_wconf 86' lang='lat' dir='ltr'>a·</span> 
     </span>
     <span class='ocr_line' id='line_1_40' title="bbox 614 3691 1897 3763; baseline 0.002 -21"><span class='ocrx_word' id='word_1_312' title='bbox 614 3691 735 3745; x_wconf 90' lang='lat' dir='ltr'>tion</span> <span class='ocrx_word' id='word_1_313' title='bbox 774 3696 825 3756; x_wconf 88' lang='lat'>3,</span> <span class='ocrx_word' id='word_1_314' title='bbox 856 3696 1130 3763; x_wconf 77' lang='lat'>148—553</span> <span class='ocrx_word' id='word_1_315' title='bbox 1184 3693 1519 3746; x_wconf 87' lang='lat' dir='ltr'>Bellesheim</span> <span class='ocrx_word' id='word_1_316' title='bbox 1562 3693 1897 3747; x_wconf 81' lang='lat' dir='ltr'>Geschichte</span> 
     </span>
     <span class='ocr_line' id='line_1_41' title="bbox 615 3762 1895 3827; baseline 0.005 -13"><span class='ocrx_word' id='word_1_317' title='bbox 615 3763 711 3815; x_wconf 90' lang='lat' dir='ltr'>der</span> <span class='ocrx_word' id='word_1_318' title='bbox 738 3762 895 3817; x_wconf 78' lang='lat' dir='ltr'>kath.</span> <span class='ocrx_word' id='word_1_319' title='bbox 923 3762 1131 3815; x_wconf 87' lang='lat' dir='ltr'>Kirche</span> <span class='ocrx_word' id='word_1_320' title='bbox 1169 3763 1226 3815; x_wconf 88' lang='lat' dir='ltr'>in</span> <span class='ocrx_word' id='word_1_321' title='bbox 1255 3764 1596 3817; x_wconf 86' lang='lat' dir='ltr'>Schottland</span> <span class='ocrx_word' id='word_1_322' title='bbox 1624 3768 1672 3827; x_wconf 81' lang='lat'>2,</span> <span class='ocrx_word' id='word_1_323' title='bbox 1702 3767 1895 3822; x_wconf 67' lang='lat'>2035:</span> 
     </span>
     <span class='ocr_line' id='line_1_42' title="bbox 613 3832 1894 3905; baseline 0.006 -21"><span class='ocrx_word' id='word_1_324' title='bbox 613 3832 885 3903; x_wconf 88' lang='lat' dir='ltr'>hist.-pol.</span> <span class='ocrx_word' id='word_1_325' title='bbox 913 3833 1128 3886; x_wconf 72' lang='lat' dir='ltr'>Blatter</span> <span class='ocrx_word' id='word_1_326' title='bbox 1155 3839 1275 3897; x_wconf 81' lang='lat'>103,</span> <span class='ocrx_word' id='word_1_327' title='bbox 1302 3838 1542 3894; x_wconf 81' lang='lat'><strong>27-39;</strong></span> <span class='ocrx_word' id='word_1_328' title='bbox 1572 3839 1673 3890; x_wconf 89' lang='grc'>107</span> <span class='ocrx_word' id='word_1_329' title='bbox 1697 3838 1894 3905; x_wconf 87' lang='grc'>(1891),</span> 
     </span>
     <span class='ocr_line' id='line_1_43' title="bbox 615 3908 914 3961; baseline 0.007 -2"><span class='ocrx_word' id='word_1_330' title='bbox 615 3908 914 3961; x_wconf 78' lang='grc'>704-712.</span> 
     </span>
    </p>

    <p class='ocr_par' dir='ltr' id='par_1_9' title="bbox 613 3974 1895 4115">
     <span class='ocr_line' id='line_1_44' title="bbox 691 3974 1895 4045; baseline 0.002 -18"><span class='ocrx_word' id='word_1_331' title='bbox 691 3982 728 4045; x_wconf 75' lang='lat'>²)</span> <span class='ocrx_word' id='word_1_332' title='bbox 757 3975 1134 4045; x_wconf 82' lang='lat' dir='ltr'>Wassenberg</span> <span class='ocrx_word' id='word_1_333' title='bbox 1173 3976 1233 4029; x_wconf 89' lang='lat' dir='ltr'>in</span> <span class='ocrx_word' id='word_1_334' title='bbox 1273 3993 1378 4028; x_wconf 83' lang='lat' dir='ltr'>sua</span> <span class='ocrx_word' id='word_1_335' title='bbox 1416 3974 1730 4030; x_wconf 82' lang='lat' dir='ltr'>Ratisbona</span> <span class='ocrx_word' id='word_1_336' title='bbox 1769 3975 1895 4030; x_wconf 87' lang='lat' dir='ltr'>reli-</span> 
     </span>
     <span class='ocr_line' id='line_1_45' title="bbox 613 4044 1132 4115; baseline 0.006 -18"><span class='ocrx_word' id='word_1_337' title='bbox 613 4044 772 4113; x_wconf 84' lang='lat' dir='ltr'>giosa</span> <span class='ocrx_word' id='word_1_338' title='bbox 799 4048 898 4100; x_wconf 66' lang='grc' dir='ltr'>ΜΒ.</span> <span class='ocrx_word' id='word_1_339' title='bbox 928 4063 982 4115; x_wconf 90' lang='lat' dir='ltr'>p.</span> <span class='ocrx_word' id='word_1_340' title='bbox 1012 4051 1132 4102; x_wconf 83' lang='lat'>174.</span> 
     </span>
    </p>

    <p class='ocr_par' dir='ltr' id='par_1_10' title="bbox 687 4117 1644 4188">
     <span class='ocr_line' id='line_1_46' title="bbox 687 4117 1644 4188; baseline -0.001 -18"><span class='ocrx_word' id='word_1_341' title='bbox 687 4122 727 4188; x_wconf 75' lang='grc'>3)</span> <span class='ocrx_word' id='word_1_342' title='bbox 755 4118 838 4170; x_wconf 74' lang='lat' dir='ltr'>Cf.</span> <span class='ocrx_word' id='word_1_343' title='bbox 864 4117 967 4170; x_wconf 84' lang='lat' dir='ltr'>illa</span> <span class='ocrx_word' id='word_1_344' title='bbox 993 4117 1149 4186; x_wconf 87' lang='lat' dir='ltr'>apud</span> <span class='ocrx_word' id='word_1_345' title='bbox 1181 4117 1400 4171; x_wconf 81' lang='lat' dir='ltr'>Echard</span> <span class='ocrx_word' id='word_1_346' title='bbox 1428 4117 1494 4183; x_wconf 84' lang='lat'>11,</span> <span class='ocrx_word' id='word_1_347' title='bbox 1523 4122 1644 4176; x_wconf 78' lang='lat'>268.</span> 
     </span>
    </p>

    <p class='ocr_par' dir='ltr' id='par_1_11' title="bbox 607 4188 1895 4330">
     <span class='ocr_line' id='line_1_47' title="bbox 687 4188 1895 4257; baseline 0.001 -17"><span class='ocrx_word' id='word_1_348' title='bbox 687 4198 725 4251; x_wconf 78' lang='lat'>⁴)</span> <span class='ocrx_word' id='word_1_349' title='bbox 753 4188 989 4241; x_wconf 87' lang='lat' dir='ltr'>Joannis</span> <span class='ocrx_word' id='word_1_350' title='bbox 1016 4188 1084 4242; x_wconf 87' lang='lat' dir='ltr'>de</span> <span class='ocrx_word' id='word_1_351' title='bbox 1112 4190 1152 4241; x_wconf 85' lang='lat' dir='ltr'>C</span> <span class='ocrx_word' id='word_1_352' title='bbox 1168 4206 1201 4241; x_wconf 89' lang='lat' dir='ltr'>a</span> <span class='ocrx_word' id='word_1_353' title='bbox 1219 4207 1255 4242; x_wconf 89' lang='lat' dir='ltr'>u</span> <span class='ocrx_word' id='word_1_354' title='bbox 1274 4207 1327 4241; x_wconf 93' lang='lat' dir='ltr'>m</span> <span class='ocrx_word' id='word_1_355' title='bbox 1345 4207 1377 4242; x_wconf 91' lang='lat' dir='ltr'>o</span> <span class='ocrx_word' id='word_1_356' title='bbox 1395 4208 1432 4241; x_wconf 91' lang='lat' dir='ltr'>n</span> <span class='ocrx_word' id='word_1_357' title='bbox 1450 4193 1471 4241; x_wconf 90' lang='lat' dir='ltr'>t</span> <span class='ocrx_word' id='word_1_358' title='bbox 1514 4189 1895 4257; x_wconf 81' lang='lat' dir='ltr'>Champenois</span> 
     </span>
     <span class='ocr_line' id='line_1_48' title="bbox 607 4258 1891 4330; baseline 0.003 -19"><span class='ocrx_word' id='word_1_359' title='bbox 607 4258 754 4327; x_wconf 90' lang='lat' dir='ltr'>juris</span> <span class='ocrx_word' id='word_1_360' title='bbox 806 4260 1049 4312; x_wconf 84' lang='lat' dir='ltr'>doctoris</span> <span class='ocrx_word' id='word_1_361' title='bbox 1074 4263 1133 4313; x_wconf 88' lang='lat' dir='ltr'>et</span> <span class='ocrx_word' id='word_1_362' title='bbox 1156 4260 1417 4314; x_wconf 84' lang='lat' dir='ltr'>advocati</span> <span class='ocrx_word' id='word_1_363' title='bbox 1447 4260 1787 4330; x_wconf 82' lang='lat' dir='ltr'>parlamenti</span> <span class='ocrx_word' id='word_1_364' title='bbox 1816 4262 1891 4330; x_wconf 91' lang='lat' dir='ltr'>(fl.</span> 
     </span>
    </p>
   </div>
   <div class='ocr_carea' id='block_1_8' title="bbox 1950 1994 3237 4293">
    <p class='ocr_par' dir='ltr' id='par_1_12' title="bbox 1950 1994 3237 4293">
     <span class='ocr_line' id='line_1_49' title="bbox 1955 1994 3234 2070; baseline 0 -18"><span class='ocrx_word' id='word_1_365' title='bbox 1955 1994 2279 2055; x_wconf 85' lang='lat' dir='ltr'>tridentino</span> <span class='ocrx_word' id='word_1_366' title='bbox 2326 1997 2609 2055; x_wconf 86' lang='lat' dir='ltr'>adversus</span> <span class='ocrx_word' id='word_1_367' title='bbox 2658 1995 3011 2070; x_wconf 88' lang='lat' dir='ltr'>sophisticas</span> <span class='ocrx_word' id='word_1_368' title='bbox 3044 1995 3234 2052; x_wconf 92' lang='lat' dir='ltr'>nebu-</span> 
     </span>
     <span class='ocr_line' id='line_1_50' title="bbox 1955 2084 3230 2160; baseline 0.003 -19"><span class='ocrx_word' id='word_1_369' title='bbox 1955 2086 2042 2141; x_wconf 82' lang='lat' dir='ltr'>las</span> <span class='ocrx_word' id='word_1_370' title='bbox 2076 2084 2151 2142; x_wconf 81' lang='lat' dir='ltr'>M.</span> <span class='ocrx_word' id='word_1_371' title='bbox 2183 2085 2363 2144; x_wconf 85' lang='lat' dir='ltr'>Flacii</span> <span class='ocrx_word' id='word_1_372' title='bbox 2398 2085 2637 2160; x_wconf 84' lang='lat' dir='ltr'>lllyrici,</span> <span class='ocrx_word' id='word_1_373' title='bbox 2673 2084 3031 2158; x_wconf 83' lang='lat' dir='ltr'>Antverpiae</span> <span class='ocrx_word' id='word_1_374' title='bbox 3072 2094 3230 2145; x_wconf 82' lang='grc'>1567</span> 
     </span>
     <span class='ocr_line' id='line_1_51' title="bbox 1954 2172 3236 2248; baseline -0.003 -16"><span class='ocrx_word' id='word_1_375' title='bbox 1954 2175 2017 2232; x_wconf 91' lang='lat' dir='ltr'>in</span> <span class='ocrx_word' id='word_1_376' title='bbox 2060 2182 2167 2244; x_wconf 78' lang='lat'>123</span> <span class='ocrx_word' id='word_1_377' title='bbox 2212 2184 2405 2245; x_wconf 81' lang='lat'>1586;</span> <span class='ocrx_word' id='word_1_378' title='bbox 2456 2175 2571 2232; x_wconf 83' lang='lat' dir='ltr'>Les</span> <span class='ocrx_word' id='word_1_379' title='bbox 2615 2174 2958 2248; x_wconf 77' lang='lat' dir='ltr'>catholiques</span> <span class='ocrx_word' id='word_1_380' title='bbox 3002 2172 3236 2230; x_wconf 62' lang='lat' dir='ltr'>demon-</span> 
     </span>
     <span class='ocr_line' id='line_1_52' title="bbox 1955 2260 3237 2322; baseline -0.003 -1"><span class='ocrx_word' id='word_1_381' title='bbox 1955 2264 2231 2321; x_wconf 74' lang='lat' dir='ltr'>strations</span> <span class='ocrx_word' id='word_1_382' title='bbox 2276 2281 2381 2322; x_wconf 90' lang='lat' dir='ltr'>sur</span> <span class='ocrx_word' id='word_1_383' title='bbox 2424 2262 2677 2322; x_wconf 85' lang='lat' dir='ltr'>certains</span> <span class='ocrx_word' id='word_1_384' title='bbox 2730 2261 2997 2319; x_wconf 85' lang='lat' dir='ltr'>discours</span> <span class='ocrx_word' id='word_1_385' title='bbox 3060 2260 3132 2318; x_wconf 93' lang='lat' dir='ltr'>de</span> <span class='ocrx_word' id='word_1_386' title='bbox 3177 2260 3237 2317; x_wconf 89' lang='lat' dir='ltr'>la</span> 
     </span>
     <span class='ocr_line' id='line_1_53' title="bbox 1953 2348 3237 2425; baseline -0.003 -16"><span class='ocrx_word' id='word_1_387' title='bbox 1953 2351 2219 2409; x_wconf 87' lang='lat' dir='ltr'>doctrine</span> <span class='ocrx_word' id='word_1_388' title='bbox 2267 2352 2711 2425; x_wconf 79' lang='lat' dir='ltr'>ecclesiast-ique</span> <span class='ocrx_word' id='word_1_389' title='bbox 2773 2369 2846 2408; x_wconf 92' lang='lat' dir='ltr'>en</span> <span class='ocrx_word' id='word_1_390' title='bbox 2892 2351 3133 2407; x_wconf 84' lang='lat' dir='ltr'>suivant</span> <span class='ocrx_word' id='word_1_391' title='bbox 3178 2348 3237 2406; x_wconf 90' lang='lat' dir='ltr'>la</span> 
     </span>
     <span class='ocr_line' id='line_1_54' title="bbox 1954 2437 3234 2515; baseline -0.003 -17"><span class='ocrx_word' id='word_1_392' title='bbox 1954 2439 2155 2498; x_wconf 82' lang='lat' dir='ltr'>divine</span> <span class='ocrx_word' id='word_1_393' title='bbox 2188 2443 2383 2515; x_wconf 88' lang='lat' dir='ltr'>parole</span> <span class='ocrx_word' id='word_1_394' title='bbox 2414 2445 2474 2499; x_wconf 88' lang='lat' dir='ltr'>et</span> <span class='ocrx_word' id='word_1_395' title='bbox 2507 2459 2551 2498; x_wconf 76' lang='lat' dir='ltr'>a.</span> <span class='ocrx_word' id='word_1_396' title='bbox 2586 2440 2853 2499; x_wconf 83' lang='lat' dir='ltr'>Eoriture</span> <span class='ocrx_word' id='word_1_397' title='bbox 2886 2457 3026 2496; x_wconf 88' lang='lat' dir='ltr'>avec</span> <span class='ocrx_word' id='word_1_398' title='bbox 3057 2437 3234 2495; x_wconf 78' lang='lat' dir='ltr'>l&#39;uni-</span> 
     </span>
     <span class='ocr_line' id='line_1_55' title="bbox 1958 2525 3233 2605; baseline 0 -20"><span class='ocrx_word' id='word_1_399' title='bbox 1958 2528 2146 2587; x_wconf 86' lang='lat' dir='ltr'>versel</span> <span class='ocrx_word' id='word_1_400' title='bbox 2197 2533 2643 2589; x_wconf 87' lang='lat' dir='ltr'>consentement</span> <span class='ocrx_word' id='word_1_401' title='bbox 2673 2529 2745 2586; x_wconf 92' lang='lat' dir='ltr'>de</span> <span class='ocrx_word' id='word_1_402' title='bbox 2778 2525 2815 2585; x_wconf 89' lang='lat' dir='ltr'>l’</span> <span class='ocrx_word' id='word_1_403' title='bbox 2835 2528 3034 2605; x_wconf 90' lang='lat' dir='ltr'>Eglise</span> <span class='ocrx_word' id='word_1_404' title='bbox 3066 2526 3233 2585; x_wconf 86' lang='lat' dir='ltr'>chre·</span> 
     </span>
     <span class='ocr_line' id='line_1_56' title="bbox 1956 2618 3235 2691; baseline 0 -17"><span class='ocrx_word' id='word_1_405' title='bbox 1956 2618 2209 2688; x_wconf 87' lang='lat' dir='ltr'>stienne,</span> <span class='ocrx_word' id='word_1_406' title='bbox 2243 2620 2486 2679; x_wconf 78' lang='lat' dir='ltr'>Parisiis</span> <span class='ocrx_word' id='word_1_407' title='bbox 2529 2628 2715 2688; x_wconf 78' lang='lat'>1568,</span> <span class='ocrx_word' id='word_1_408' title='bbox 2736 2623 3063 2691; x_wconf 84' lang='lat' dir='ltr'>utrumque</span> <span class='ocrx_word' id='word_1_409' title='bbox 3084 2635 3235 2691; x_wconf 88' lang='lat' dir='ltr'>opus</span> 
     </span>
     <span class='ocr_line' id='line_1_57' title="bbox 1956 2705 3235 2769; baseline -0.002 -4"><span class='ocrx_word' id='word_1_410' title='bbox 1956 2706 2126 2765; x_wconf 87' lang='lat' dir='ltr'>valde</span> <span class='ocrx_word' id='word_1_411' title='bbox 2158 2727 2376 2769; x_wconf 87' lang='lat' dir='ltr'>rarum.</span> <span class='ocrx_word' id='word_1_412' title='bbox 2404 2743 2492 2751; x_wconf 91' lang='lat'>—</span> <span class='ocrx_word' id='word_1_413' title='bbox 2524 2708 2853 2766; x_wconf 85' lang='lat' dir='ltr'>Guilelmus</span> <span class='ocrx_word' id='word_1_414' title='bbox 2885 2707 2967 2764; x_wconf 79' lang='lat' dir='ltr'>(lu</span> <span class='ocrx_word' id='word_1_415' title='bbox 2997 2705 3235 2763; x_wconf 89' lang='lat' dir='ltr'>Blanc</span> 
     </span>
     <span class='ocr_line' id='line_1_58' title="bbox 1955 2790 3236 2877; baseline 0 -25"><span class='ocrx_word' id='word_1_416' title='bbox 1955 2795 2263 2871; x_wconf 77' lang='lat' dir='ltr'>episcopus</span> <span class='ocrx_word' id='word_1_417' title='bbox 2312 2799 2642 2857; x_wconf 70' lang='lat' dir='ltr'>tulonensis</span> <span class='ocrx_word' id='word_1_418' title='bbox 2692 2793 2751 2877; x_wconf 92' lang='lat'>(†</span> <span class='ocrx_word' id='word_1_419' title='bbox 2804 2790 2996 2873; x_wconf 83' lang='grc'>1588)</span> <span class='ocrx_word' id='word_1_420' title='bbox 3048 2794 3236 2852; x_wconf 86' lang='lat' dir='ltr'>edidit</span> 
     </span>
     <span class='ocr_line' id='line_1_59' title="bbox 1955 2882 3231 2959; baseline -0.002 -17"><span class='ocrx_word' id='word_1_421' title='bbox 1955 2884 2237 2944; x_wconf 74' lang='lat' dir='ltr'>Discours</span> <span class='ocrx_word' id='word_1_422' title='bbox 2266 2905 2375 2945; x_wconf 76' lang='lat' dir='ltr'>sur</span> <span class='ocrx_word' id='word_1_423' title='bbox 2406 2888 2484 2945; x_wconf 84' lang='lat' dir='ltr'>les</span> <span class='ocrx_word' id='word_1_424' title='bbox 2521 2903 2852 2944; x_wconf 76' lang='lat' dir='ltr'>sacramens</span> <span class='ocrx_word' id='word_1_425' title='bbox 2876 2885 2945 2941; x_wconf 78' lang='lat' dir='ltr'>de</span> <span class='ocrx_word' id='word_1_426' title='bbox 2976 2882 3231 2959; x_wconf 63' lang='lat' dir='ltr'>z’quise,</span> 
     </span>
     <span class='ocr_line' id='line_1_60' title="bbox 1954 2974 3233 3052; baseline -0.003 -19"><span class='ocrx_word' id='word_1_427' title='bbox 1954 2976 2034 3033; x_wconf 82' lang='lat' dir='ltr'>ou</span> <span class='ocrx_word' id='word_1_428' title='bbox 2083 2974 2167 3031; x_wconf 92' lang='lat' dir='ltr'>les</span> <span class='ocrx_word' id='word_1_429' title='bbox 2216 2976 2353 3051; x_wconf 89' lang='lat' dir='ltr'>plus</span> <span class='ocrx_word' id='word_1_430' title='bbox 2402 2976 2689 3052; x_wconf 88' lang='lat' dir='ltr'>grossiers</span> <span class='ocrx_word' id='word_1_431' title='bbox 2739 2975 3029 3048; x_wconf 89' lang='lat' dir='ltr'>pourront</span> <span class='ocrx_word' id='word_1_432' title='bbox 3076 2990 3233 3030; x_wconf 87' lang='lat' dir='ltr'>com-</span> 
     </span>
     <span class='ocr_line' id='line_1_61' title="bbox 1953 3060 3232 3141; baseline -0.001 -22"><span class='ocrx_word' id='word_1_433' title='bbox 1953 3063 2206 3138; x_wconf 81' lang='lat' dir='ltr'>prender</span> <span class='ocrx_word' id='word_1_434' title='bbox 2239 3069 2375 3123; x_wconf 88' lang='lat' dir='ltr'>tous</span> <span class='ocrx_word' id='word_1_435' title='bbox 2415 3081 2730 3141; x_wconf 82' lang='lat' dir='ltr'>argumens</span> <span class='ocrx_word' id='word_1_436' title='bbox 2769 3065 2829 3120; x_wconf 91' lang='lat' dir='ltr'>et</span> <span class='ocrx_word' id='word_1_437' title='bbox 2866 3080 3097 3119; x_wconf 86' lang='lat' dir='ltr'>erreurs</span> <span class='ocrx_word' id='word_1_438' title='bbox 3129 3060 3232 3119; x_wconf 90' lang='lat' dir='ltr'>des</span> 
     </span>
     <span class='ocr_line' id='line_1_62' title="bbox 1955 3151 3233 3230; baseline -0.002 -22"><span class='ocrx_word' id='word_1_439' title='bbox 1955 3151 2292 3226; x_wconf 77' lang='lat' dir='ltr'>heretiques</span> <span class='ocrx_word' id='word_1_440' title='bbox 2305 3172 2612 3230; x_wconf 88' lang='lat' dir='ltr'>repoussez</span> <span class='ocrx_word' id='word_1_441' title='bbox 2634 3151 3071 3218; x_wconf 74' lang='lat' dir='ltr'>etdecouve1·t8‚</span> <span class='ocrx_word' id='word_1_442' title='bbox 3093 3168 3233 3208; x_wconf 85' lang='lat' dir='ltr'>avec</span> 
     </span>
     <span class='ocr_line' id='line_1_63' title="bbox 1954 3238 3234 3313; baseline -0.002 -16"><span class='ocrx_word' id='word_1_443' title='bbox 1954 3239 2107 3298; x_wconf 87' lang='lat' dir='ltr'>deux</span> <span class='ocrx_word' id='word_1_444' title='bbox 2140 3241 2425 3313; x_wconf 86' lang='lat' dir='ltr'>discours,</span> <span class='ocrx_word' id='word_1_445' title='bbox 2461 3240 2601 3300; x_wconf 86' lang='lat' dir='ltr'>l&#39;un</span> <span class='ocrx_word' id='word_1_446' title='bbox 2631 3241 2713 3298; x_wconf 90' lang='lat' dir='ltr'>du</span> <span class='ocrx_word' id='word_1_447' title='bbox 2734 3238 2947 3298; x_wconf 84' lang='lat' dir='ltr'>celibat</span> <span class='ocrx_word' id='word_1_448' title='bbox 2981 3241 3040 3296; x_wconf 91' lang='lat' dir='ltr'>et</span> <span class='ocrx_word' id='word_1_449' title='bbox 3073 3238 3234 3296; x_wconf 90' lang='lat' dir='ltr'>l’au-</span> 
     </span>
     <span class='ocr_line' id='line_1_64' title="bbox 1953 3327 3233 3402; baseline -0.002 -16"><span class='ocrx_word' id='word_1_450' title='bbox 1953 3331 2044 3386; x_wconf 88' lang='lat' dir='ltr'>tre</span> <span class='ocrx_word' id='word_1_451' title='bbox 2077 3328 2178 3387; x_wconf 91' lang='lat' dir='ltr'>des</span> <span class='ocrx_word' id='word_1_452' title='bbox 2199 3349 2399 3401; x_wconf 69' lang='lat' dir='ltr'>rosus,</span> <span class='ocrx_word' id='word_1_453' title='bbox 2434 3330 2674 3388; x_wconf 88' lang='lat' dir='ltr'>Parisiis</span> <span class='ocrx_word' id='word_1_454' title='bbox 2705 3338 2889 3396; x_wconf 88' lang='lat'>1583,</span> <span class='ocrx_word' id='word_1_455' title='bbox 2928 3345 3076 3402; x_wconf 87' lang='lat' dir='ltr'>opus</span> <span class='ocrx_word' id='word_1_456' title='bbox 3108 3327 3233 3385; x_wconf 80' lang='lat' dir='ltr'>val-</span> 
     </span>
     <span class='ocr_line' id='line_1_65' title="bbox 1955 3415 3230 3490; baseline -0.001 -15"><span class='ocrx_word' id='word_1_457' title='bbox 1955 3417 2026 3476; x_wconf 87' lang='lat' dir='ltr'>de</span> <span class='ocrx_word' id='word_1_458' title='bbox 2047 3437 2265 3480; x_wconf 88' lang='lat' dir='ltr'>rarum.</span> <span class='ocrx_word' id='word_1_459' title='bbox 2287 3453 2374 3462; x_wconf 91' lang='lat'>—</span> <span class='ocrx_word' id='word_1_460' title='bbox 2395 3420 2611 3477; x_wconf 84' lang='lat' dir='ltr'>Petrus</span> <span class='ocrx_word' id='word_1_461' title='bbox 2645 3418 2683 3476; x_wconf 87' lang='lat' dir='ltr'>C</span> <span class='ocrx_word' id='word_1_462' title='bbox 2700 3436 2774 3475; x_wconf 90' lang='lat' dir='ltr'>re</span> <span class='ocrx_word' id='word_1_463' title='bbox 2792 3436 2818 3474; x_wconf 89' lang='lat' dir='ltr'>s</span> <span class='ocrx_word' id='word_1_464' title='bbox 2836 3420 2959 3490; x_wconf 90' lang='lat' dir='ltr'>pet</span> <span class='ocrx_word' id='word_1_465' title='bbox 2991 3415 3056 3473; x_wconf 92' lang='grc' dir='ltr'>Ο.</span> <span class='ocrx_word' id='word_1_466' title='bbox 3080 3416 3230 3475; x_wconf 90' lang='lat' dir='ltr'>Coel.</span> 
     </span>
     <span class='ocr_line' id='line_1_66' title="bbox 1956 3502 3234 3589; baseline -0.002 -25"><span class='ocrx_word' id='word_1_467' title='bbox 1956 3507 2311 3566; x_wconf 89' lang='lat' dir='ltr'>Senonensis</span> <span class='ocrx_word' id='word_1_468' title='bbox 2346 3505 2428 3589; x_wconf 89' lang='lat' dir='ltr'>(n.</span> <span class='ocrx_word' id='word_1_469' title='bbox 2470 3517 2674 3575; x_wconf 66' lang='lat'>1543„</span> <span class='ocrx_word' id='word_1_470' title='bbox 2708 3502 2743 3571; x_wconf 91' lang='lat'><em>†</em></span> <span class='ocrx_word' id='word_1_471' title='bbox 2782 3502 2976 3583; x_wconf 81' lang='lat'>1594)</span> <span class='ocrx_word' id='word_1_472' title='bbox 3031 3507 3234 3562; x_wconf 88' lang='lat' dir='ltr'>contra</span> 
     </span>
     <span class='ocr_line' id='line_1_67' title="bbox 1952 3595 3236 3672; baseline -0.004 -18"><span class='ocrx_word' id='word_1_473' title='bbox 1952 3595 2207 3671; x_wconf 85' lang='lat' dir='ltr'>magiam</span> <span class='ocrx_word' id='word_1_474' title='bbox 2252 3598 2496 3672; x_wconf 85' lang='lat' dir='ltr'>scripsit</span> <span class='ocrx_word' id='word_1_475' title='bbox 2544 3597 2638 3654; x_wconf 85' lang='lat' dir='ltr'>La</span> <span class='ocrx_word' id='word_1_476' title='bbox 2687 3596 2857 3653; x_wconf 81' lang='lat' dir='ltr'>haine</span> <span class='ocrx_word' id='word_1_477' title='bbox 2900 3595 3236 3667; x_wconf 79' lang='lat' dir='ltr'>reciproque</span> 
     </span>
     <span class='ocr_line' id='line_1_68' title="bbox 1953 3681 3233 3755; baseline -0.001 -15"><span class='ocrx_word' id='word_1_478' title='bbox 1953 3684 2023 3743; x_wconf 85' lang='lat' dir='ltr'>de</span> <span class='ocrx_word' id='word_1_479' title='bbox 2057 3683 2093 3741; x_wconf 91' lang='lat' dir='ltr'>l’</span> <span class='ocrx_word' id='word_1_480' title='bbox 2109 3685 2341 3743; x_wconf 90' lang='lat' dir='ltr'>homme</span> <span class='ocrx_word' id='word_1_481' title='bbox 2373 3689 2432 3743; x_wconf 91' lang='lat' dir='ltr'>et</span> <span class='ocrx_word' id='word_1_482' title='bbox 2465 3686 2545 3743; x_wconf 87' lang='lat' dir='ltr'>du</span> <span class='ocrx_word' id='word_1_483' title='bbox 2577 3684 2789 3753; x_wconf 81' lang='lat' dir='ltr'>diable,</span> <span class='ocrx_word' id='word_1_484' title='bbox 2824 3692 3003 3747; x_wconf 80' lang='grc'>1590,</span> <span class='ocrx_word' id='word_1_485' title='bbox 3027 3699 3145 3755; x_wconf 88' lang='lat' dir='ltr'>quo</span> <span class='ocrx_word' id='word_1_486' title='bbox 3170 3681 3233 3739; x_wconf 91' lang='lat' dir='ltr'>in</span> 
     </span>
     <span class='ocr_line' id='line_1_69' title="bbox 1950 3771 3235 3842; baseline 0 -13"><span class='ocrx_word' id='word_1_487' title='bbox 1950 3773 1989 3830; x_wconf 91' lang='lat'>1.</span> <span class='ocrx_word' id='word_1_488' title='bbox 2026 3776 2118 3830; x_wconf 88' lang='lat' dir='ltr'>sat</span> <span class='ocrx_word' id='word_1_489' title='bbox 2149 3773 2457 3832; x_wconf 89' lang='lat' dir='ltr'>credulum</span> <span class='ocrx_word' id='word_1_490' title='bbox 2480 3792 2542 3832; x_wconf 89' lang='lat' dir='ltr'>se</span> <span class='ocrx_word' id='word_1_491' title='bbox 2564 3773 2817 3831; x_wconf 83' lang='lat' dir='ltr'>exhibet.</span> <span class='ocrx_word' id='word_1_492' title='bbox 2850 3771 2934 3828; x_wconf 87' lang='lat' dir='ltr'>Le</span> <span class='ocrx_word' id='word_1_493' title='bbox 2952 3771 3235 3842; x_wconf 77' lang='lat' dir='ltr'>triomphe</span> 
     </span>
     <span class='ocr_line' id='line_1_70' title="bbox 1950 3860 3232 3926; baseline -0.001 -7"><span class='ocrx_word' id='word_1_494' title='bbox 1950 3863 2019 3919; x_wconf 85' lang='lat' dir='ltr'>de</span> <span class='ocrx_word' id='word_1_495' title='bbox 2051 3862 2242 3919; x_wconf 83' lang='lat' dir='ltr'>Marie</span> <span class='ocrx_word' id='word_1_496' title='bbox 2288 3862 2344 3919; x_wconf 89' lang='lat' dir='ltr'>V.</span> <span class='ocrx_word' id='word_1_497' title='bbox 2382 3906 2395 3920; x_wconf 93' lang='lat'>.</span> <span class='ocrx_word' id='word_1_498' title='bbox 2429 3908 2442 3922; x_wconf 93' lang='lat'>.</span> <span class='ocrx_word' id='word_1_499' title='bbox 2477 3912 2490 3926; x_wconf 85' lang='lat'>.</span> <span class='ocrx_word' id='word_1_500' title='bbox 2524 3881 2604 3921; x_wconf 94' lang='lat' dir='ltr'>ou</span> <span class='ocrx_word' id='word_1_501' title='bbox 2637 3866 2773 3921; x_wconf 88' lang='lat' dir='ltr'>sont</span> <span class='ocrx_word' id='word_1_502' title='bbox 2807 3904 2821 3919; x_wconf 95' lang='lat'>.</span> <span class='ocrx_word' id='word_1_503' title='bbox 2855 3910 2868 3922; x_wconf 88' lang='lat'>.</span> <span class='ocrx_word' id='word_1_504' title='bbox 2903 3904 2915 3915; x_wconf 93' lang='lat'>.</span> <span class='ocrx_word' id='word_1_505' title='bbox 2967 3860 3232 3918; x_wconf 84' lang='lat' dir='ltr'>esclairis</span> 
     </span>
     <span class='ocr_line' id='line_1_71' title="bbox 1951 3949 3231 4027; baseline -0.001 -20"><span class='ocrx_word' id='word_1_506' title='bbox 1951 3952 2006 4008; x_wconf 89' lang='lat' dir='ltr'>le</span> <span class='ocrx_word' id='word_1_507' title='bbox 2038 3951 2172 4025; x_wconf 88' lang='lat' dir='ltr'>plus</span> <span class='ocrx_word' id='word_1_508' title='bbox 2205 3951 2461 4027; x_wconf 83' lang='lat' dir='ltr'>signalez</span> <span class='ocrx_word' id='word_1_509' title='bbox 2492 3955 2782 4027; x_wconf 83' lang='lat' dir='ltr'>mysteres</span> <span class='ocrx_word' id='word_1_510' title='bbox 2814 3949 2884 4007; x_wconf 90' lang='lat' dir='ltr'>de</span> <span class='ocrx_word' id='word_1_511' title='bbox 2916 3956 3119 4006; x_wconf 87' lang='lat' dir='ltr'>nostre</span> <span class='ocrx_word' id='word_1_512' title='bbox 3141 3967 3231 4006; x_wconf 89' lang='lat' dir='ltr'>re-</span> 
     </span>
     <span class='ocr_line' id='line_1_72' title="bbox 1951 4037 3233 4115; baseline -0.002 -18"><span class='ocrx_word' id='word_1_513' title='bbox 1951 4039 2566 4115; x_wconf 87' lang='lat' dir='ltr'>demption‚Lugduni</span> <span class='ocrx_word' id='word_1_514' title='bbox 2604 4049 2766 4102; x_wconf 85' lang='lat'>1594</span> <span class='ocrx_word' id='word_1_515' title='bbox 2793 4038 2855 4095; x_wconf 89' lang='lat' dir='ltr'>in</span> <span class='ocrx_word' id='word_1_516' title='bbox 2880 4050 2935 4098; x_wconf 86' lang='grc'>8.</span> <span class='ocrx_word' id='word_1_517' title='bbox 2974 4072 3025 4078; x_wconf 75' lang='lat'>—</span> <span class='ocrx_word' id='word_1_518' title='bbox 3050 4037 3085 4094; x_wconf 86' lang='lat' dir='ltr'>J</span> <span class='ocrx_word' id='word_1_519' title='bbox 3091 4055 3233 4095; x_wconf 83' lang='lat' dir='ltr'>oan-</span> 
     </span>
     <span class='ocr_line' id='line_1_73' title="bbox 1950 4121 3230 4209; baseline -0.003 -23"><span class='ocrx_word' id='word_1_520' title='bbox 1950 4148 2053 4188; x_wconf 88' lang='lat' dir='ltr'>nes</span> <span class='ocrx_word' id='word_1_521' title='bbox 2083 4126 2155 4186; x_wconf 87' lang='lat' dir='ltr'>de</span> <span class='ocrx_word' id='word_1_522' title='bbox 2186 4128 2472 4187; x_wconf 87' lang='lat' dir='ltr'>Pruetis</span> <span class='ocrx_word' id='word_1_523' title='bbox 2505 4123 2633 4209; x_wconf 89' lang='lat' dir='ltr'>(des</span> <span class='ocrx_word' id='word_1_524' title='bbox 2670 4121 2900 4205; x_wconf 85' lang='lat' dir='ltr'>Pruets)</span> <span class='ocrx_word' id='word_1_525' title='bbox 2921 4125 2985 4184; x_wconf 92' lang='lat' dir='ltr'>O.</span> <span class='ocrx_word' id='word_1_526' title='bbox 3008 4126 3230 4183; x_wconf 78' lang='lat' dir='ltr'>Praem.</span> 
     </span>
     <span class='ocr_line' id='line_1_74' title="bbox 1950 4214 3230 4293; baseline -0.004 -17"><span class='ocrx_word' id='word_1_527' title='bbox 1950 4216 2132 4276; x_wconf 89' lang='lat' dir='ltr'>abbas</span> <span class='ocrx_word' id='word_1_528' title='bbox 2176 4218 2469 4293; x_wconf 90' lang='lat' dir='ltr'>generalis</span> <span class='ocrx_word' id='word_1_529' title='bbox 2519 4222 2581 4274; x_wconf 89' lang='lat' dir='ltr'>et</span> <span class='ocrx_word' id='word_1_530' title='bbox 2630 4216 3000 4282; x_wconf 81' lang='lat' dir='ltr'>reformator,</span> <span class='ocrx_word' id='word_1_531' title='bbox 3054 4214 3230 4272; x_wconf 86' lang='lat' dir='ltr'>disci·</span> 
     </span>
    </p>
   </div>
   <div class='ocr_carea' id='block_1_9' title="bbox 613 4303 3233 4471">
    <p class='ocr_par' dir='ltr' id='par_1_13' title="bbox 613 4303 3233 4471">
     <span class='ocr_line' id='line_1_75' title="bbox 613 4303 3233 4404; baseline -0.003 -19"><span class='ocrx_word' id='word_1_532' title='bbox 613 4334 790 4401; x_wconf 79' lang='lat'>1584),</span> <span class='ocrx_word' id='word_1_533' title='bbox 818 4334 1005 4385; x_wconf 76' lang='lat' dir='ltr'>exstat</span> <span class='ocrx_word' id='word_1_534' title='bbox 1032 4332 1065 4386; x_wconf 85' lang='lat'>1.</span> <span class='ocrx_word' id='word_1_535' title='bbox 1106 4334 1199 4386; x_wconf 76' lang='lat' dir='ltr'>Du</span> <span class='ocrx_word' id='word_1_536' title='bbox 1220 4335 1526 4398; x_wconf 68' lang='lat' dir='ltr'>firmament</span> <span class='ocrx_word' id='word_1_537' title='bbox 1565 4335 1652 4387; x_wconf 58' lang='lat' dir='ltr'>aes</span> <span class='ocrx_word' id='word_1_538' title='bbox 1677 4335 1892 4386; x_wconf 65' lang='lat' dir='ltr'>cathole-</span> <span class='ocrx_word' id='word_1_539' title='bbox 1949 4307 2146 4382; x_wconf 77' lang='lat' dir='ltr'>plinae</span> <span class='ocrx_word' id='word_1_540' title='bbox 2193 4306 2507 4383; x_wconf 68' lang='lat' dir='ltr'>religiosae</span> <span class='ocrx_word' id='word_1_541' title='bbox 2553 4305 2615 4362; x_wconf 84' lang='lat' dir='ltr'>in</span> <span class='ocrx_word' id='word_1_542' title='bbox 2649 4303 2838 4404; x_wconf 63' lang='lat' dir='ltr'>Gallia</span> <span class='ocrx_word' id='word_1_543' title='bbox 2884 4303 3233 4377; x_wconf 75' lang='lat' dir='ltr'>praesertim</span> 
     </span>
     <span class='ocr_line' id='line_1_76' title="bbox 613 4393 3230 4471; baseline -0.002 -20"><span class='ocrx_word' id='word_1_544' title='bbox 613 4421 753 4471; x_wconf 75' lang='lat' dir='ltr'>ques,</span> <span class='ocrx_word' id='word_1_545' title='bbox 783 4405 973 4456; x_wconf 86' lang='lat' dir='ltr'>contre</span> <span class='ocrx_word' id='word_1_546' title='bbox 1001 4403 1270 4457; x_wconf 87' lang='lat' dir='ltr'>l&#39;abisme</span> <span class='ocrx_word' id='word_1_547' title='bbox 1296 4403 1394 4457; x_wconf 81' lang='lat' dir='ltr'>des</span> <span class='ocrx_word' id='word_1_548' title='bbox 1421 4403 1762 4471; x_wconf 77' lang='lat' dir='ltr'>heretiques.</span> <span class='ocrx_word' id='word_1_549' title='bbox 1804 4402 1892 4456; x_wconf 88' lang='lat' dir='ltr'>Ou</span> <span class='ocrx_word' id='word_1_550' title='bbox 1949 4395 2167 4453; x_wconf 83' lang='lat' dir='ltr'>zelator</span> <span class='ocrx_word' id='word_1_551' title='bbox 2217 4394 2525 4463; x_wconf 77' lang='lat' dir='ltr'>maximuS,</span> <span class='ocrx_word' id='word_1_552' title='bbox 2561 4393 3017 4450; x_wconf 76' lang='lat' dir='ltr'>calvinistarum</span> <span class='ocrx_word' id='word_1_553' title='bbox 3068 4408 3230 4448; x_wconf 83' lang='lat' dir='ltr'>erro-</span> 
     </span>
    </p>
   </div>
   <div class='ocr_carea' id='block_1_10' title="bbox 613 4473 3229 4556">
    <p class='ocr_par' dir='ltr' id='par_1_14' title="bbox 613 4473 3229 4556">
     <span class='ocr_line' id='line_1_77' title="bbox 613 4473 3229 4556; baseline -0.003 -13"><span class='ocrx_word' id='word_1_554' title='bbox 613 4480 698 4525; x_wconf 47' lang='lat'>‘³⁸5</span> <span class='ocrx_word' id='word_1_555' title='bbox 723 4475 972 4528; x_wconf 57' lang='grc' dir='ltr'>1110ῃῦΰρ</span> <span class='ocrx_word' id='word_1_556' title='bbox 1013 4491 1124 4542; x_wconf 71' lang='lat'>&lt;1¹10</span> <span class='ocrx_word' id='word_1_557' title='bbox 1164 4474 1217 4527; x_wconf 67' lang='lat' dir='ltr'>le</span> <span class='ocrx_word' id='word_1_558' title='bbox 1260 4473 1382 4528; x_wconf 82' lang='lat' dir='ltr'>seul</span> <span class='ocrx_word' id='word_1_559' title='bbox 1409 4474 1746 4542; x_wconf 62' lang='lat' dir='ltr'>Catholique</span> <span class='ocrx_word' id='word_1_560' title='bbox 1773 4491 1896 4528; x_wconf 67' lang='lat' dir='ltr'>Sem</span> <span class='ocrx_word' id='word_1_561' title='bbox 1950 4503 2044 4542; x_wconf 90' lang='lat' dir='ltr'>res</span> <span class='ocrx_word' id='word_1_562' title='bbox 2108 4482 2493 4542; x_wconf 90' lang='lat' dir='ltr'>concionibus</span> <span class='ocrx_word' id='word_1_563' title='bbox 2556 4480 2889 4556; x_wconf 88' lang='lat' dir='ltr'>apostolicis</span> <span class='ocrx_word' id='word_1_564' title='bbox 2939 4484 3002 4537; x_wconf 89' lang='lat' dir='ltr'>et</span> <span class='ocrx_word' id='word_1_565' title='bbox 3052 4478 3229 4535; x_wconf 87' lang='lat' dir='ltr'>etiam</span> 
     </span>
    </p>
   </div>
   <div class='ocr_carea' id='block_1_11' title="bbox 612 4545 1895 4686">
    <p class='ocr_par' dir='ltr' id='par_1_15' title="bbox 612 4545 1895 4686">
     <span class='ocr_line' id='line_1_78' title="bbox 612 4545 1895 4611; baseline 0.004 -17"><span class='ocrx_word' id='word_1_566' title='bbox 612 4545 784 4597; x_wconf 75' lang='lat' dir='ltr'>sauve</span> <span class='ocrx_word' id='word_1_567' title='bbox 829 4548 949 4605; x_wconf 77' lang='lat' dir='ltr'>etc..</span> <span class='ocrx_word' id='word_1_568' title='bbox 979 4545 1134 4599; x_wconf 82' lang='lat' dir='ltr'>Paris</span> <span class='ocrx_word' id='word_1_569' title='bbox 1166 4550 1301 4602; x_wconf 85' lang='grc'>1587</span> <span class='ocrx_word' id='word_1_570' title='bbox 1332 4555 1421 4611; x_wconf 90' lang='lat' dir='ltr'>(m.</span> <span class='ocrx_word' id='word_1_571' title='bbox 1447 4550 1556 4605; x_wconf 62' lang='lat'>301.</span> <span class='ocrx_word' id='word_1_572' title='bbox 1585 4582 1648 4586; x_wconf 88' lang='lat'><strong>—</strong></span> <span class='ocrx_word' id='word_1_573' title='bbox 1680 4545 1760 4597; x_wconf 88' lang='lat' dir='ltr'>De</span> <span class='ocrx_word' id='word_1_574' title='bbox 1790 4545 1895 4599; x_wconf 94' lang='lat' dir='ltr'>Do-</span> 
     </span>
     <span class='ocr_line' id='line_1_79' title="bbox 615 4616 1895 4686; baseline 0.003 -21"><span class='ocrx_word' id='word_1_575' title='bbox 615 4616 822 4668; x_wconf 72' lang='lat' dir='ltr'>minim</span> <span class='ocrx_word' id='word_1_576' title='bbox 869 4616 1089 4686; x_wconf 85' lang='lat' dir='ltr'>Serge</span> <span class='ocrx_word' id='word_1_577' title='bbox 1109 4635 1140 4669; x_wconf 91' lang='lat' dir='ltr'>n</span> <span class='ocrx_word' id='word_1_578' title='bbox 1162 4620 1187 4670; x_wconf 87' lang='lat' dir='ltr'>t</span> <span class='ocrx_word' id='word_1_579' title='bbox 1237 4618 1300 4670; x_wconf 91' lang='lat' dir='ltr'>O.</span> <span class='ocrx_word' id='word_1_580' title='bbox 1352 4617 1548 4671; x_wconf 82' lang='lat' dir='ltr'>Praed.</span> <span class='ocrx_word' id='word_1_581' title='bbox 1595 4618 1895 4670; x_wconf 82' lang='lat' dir='ltr'>Lavalensi</span> 
     </span>
    </p>
   </div>
   <div class='ocr_carea' id='block_1_12' title="bbox 1881 4563 3230 4648">
    <p class='ocr_par' dir='ltr' id='par_1_16' title="bbox 1881 4563 3230 4648">
     <span class='ocr_line' id='line_1_80' title="bbox 1881 4563 3230 4648; baseline -0.003 -21"><span class='ocrx_word' id='word_1_582' title='bbox 1881 4616 1891 4627; x_wconf 94' lang='lat'>.</span> <span class='ocrx_word' id='word_1_583' title='bbox 1952 4572 2192 4648; x_wconf 87' lang='lat' dir='ltr'>scriptis</span> <span class='ocrx_word' id='word_1_584' title='bbox 2208 4570 2499 4646; x_wconf 87' lang='lat' dir='ltr'>intrepide</span> <span class='ocrx_word' id='word_1_585' title='bbox 2514 4568 2890 4645; x_wconf 84' lang='lat' dir='ltr'>impugnavit</span> <span class='ocrx_word' id='word_1_586' title='bbox 2907 4563 2969 4645; x_wconf 87' lang='lat'>(†</span> <span class='ocrx_word' id='word_1_587' title='bbox 2987 4577 3009 4627; x_wconf 90' lang='lat'>1</span> <span class='ocrx_word' id='word_1_588' title='bbox 3030 4575 3080 4627; x_wconf 79' lang='lat'>7.</span> <span class='ocrx_word' id='word_1_589' title='bbox 3096 4566 3230 4640; x_wconf 79' lang='lat' dir='ltr'>Maj.</span> 
     </span>
    </p>
   </div>
   <div class='ocr_carea' id='block_1_13' title="bbox 613 4654 3229 4757">
    <p class='ocr_par' dir='ltr' id='par_1_17' title="bbox 613 4654 3229 4757">
     <span class='ocr_line' id='line_1_81' title="bbox 613 4654 3229 4757; baseline -0.01 -18"><span class='ocrx_word' id='word_1_590' title='bbox 613 4692 659 4755; x_wconf 80' lang='lat'>(†</span> <span class='ocrx_word' id='word_1_591' title='bbox 686 4704 730 4740; x_wconf 79' lang='lat' dir='ltr'>c.</span> <span class='ocrx_word' id='word_1_592' title='bbox 767 4691 925 4757; x_wconf 84' lang='grc'>1584)</span> <span class='ocrx_word' id='word_1_593' title='bbox 952 4689 1020 4740; x_wconf 82' lang='lat' dir='ltr'>cf.</span> <span class='ocrx_word' id='word_1_594' title='bbox 1063 4691 1228 4743; x_wconf 73' lang='lat' dir='ltr'>Feret</span> <span class='ocrx_word' id='word_1_595' title='bbox 1267 4689 1333 4740; x_wconf 91' lang='lat'>11.</span> <span class='ocrx_word' id='word_1_596' title='bbox 1375 4693 1509 4745; x_wconf 83' lang='lat'>301:</span> <span class='ocrx_word' id='word_1_597' title='bbox 1563 4688 1783 4742; x_wconf 82' lang='lat' dir='ltr'>Echard</span> <span class='ocrx_word' id='word_1_598' title='bbox 1825 4688 1895 4753; x_wconf 88' lang='lat'>11,</span> <span class='ocrx_word' id='word_1_599' title='bbox 1961 4657 2170 4741; x_wconf 79' lang='lat'>1597).</span> <span class='ocrx_word' id='word_1_600' title='bbox 2222 4660 2468 4735; x_wconf 82' lang='lat' dir='ltr'>Aliquot</span> <span class='ocrx_word' id='word_1_601' title='bbox 2518 4660 2647 4734; x_wconf 88' lang='lat' dir='ltr'>ejus</span> <span class='ocrx_word' id='word_1_602' title='bbox 2698 4655 2983 4731; x_wconf 84' lang='lat' dir='ltr'>opuscula</span> <span class='ocrx_word' id='word_1_603' title='bbox 3014 4654 3229 4730; x_wconf 88' lang='lat' dir='ltr'>gallice</span> 
     </span>
    </p>
   </div>
   <div class='ocr_carea' id='block_1_14' title="bbox 612 4762 733 4814">
    <p class='ocr_par' dir='ltr' id='par_1_18' title="bbox 612 4762 733 4814">
     <span class='ocr_line' id='line_1_82' title="bbox 612 4762 733 4814; baseline -0.025 -1"><span class='ocrx_word' id='word_1_604' title='bbox 612 4762 733 4814; x_wconf 79' lang='lat'>269.</span> 
     </span>
    </p>
   </div>
   <div class='ocr_carea' id='block_1_15' title="bbox 1952 4743 3230 4824">
    <p class='ocr_par' dir='ltr' id='par_1_19' title="bbox 1952 4743 3230 4824">
     <span class='ocr_line' id='line_1_83' title="bbox 1952 4743 3230 4824; baseline -0.005 -16"><span class='ocrx_word' id='word_1_605' title='bbox 1952 4749 2289 4824; x_wconf 85' lang='lat' dir='ltr'>conscripta</span> <span class='ocrx_word' id='word_1_606' title='bbox 2319 4747 2667 4823; x_wconf 87' lang='lat' dir='ltr'>prodierunt</span> <span class='ocrx_word' id='word_1_607' title='bbox 2701 4743 2938 4803; x_wconf 87' lang='lat' dir='ltr'>Parisiis</span> <span class='ocrx_word' id='word_1_608' title='bbox 2979 4752 3142 4806; x_wconf 86' lang='grc'>1563</span> <span class='ocrx_word' id='word_1_609' title='bbox 3166 4748 3230 4802; x_wconf 89' lang='lat' dir='ltr'>et</span> 
     </span>
    </p>
   </div>
  </div>
 </body>
</html>
