3625 5193
448 258 577 311 977

442 445 695 502 eamque
726 426 973 503 prolixis
1005 427 1320 486 admodum
1365 430 1733 488 dissertatio-

449 516 627 575 nibus
692 518 926 575 auctam
987 517 1334 594 cogitarunt
1396 518 1519 577 Car.
1566 519 1734 577 Pas-

448 604 706 682 saglia
734 608 796 663 et
815 605 990 662 Clem.
1013 605 1375 672 Schrader,
1412 608 1514 667 sed
1547 626 1734 667 unum

444 697 686 753 tantum
721 694 945 770 prodiit
976 695 1271 764 volumen,
1314 695 1528 755 Romae
1568 705 1730 760 1857

451 784 512 841 in
545 782 583 841 f.
616 783 1009 858 complectens
1054 784 1290 843 nonnisi
1326 792 1360 847 8
1408 785 1633 860 priores
1680 784 1735 842 11.

444 871 524 930 de
560 873 674 931 Deo
706 890 844 931 un0.
886 872 1112 931 Iterum
1157 873 1509 947 prodierunt
1538 873 1736 932 Barri-

448 960 630 1020 Ducis
660 970 999 1024 1864—70
1037 981 1171 1021 cum
1203 962 1475 1037 pluribus
1507 961 1734 1021 addita-

446 1050 669 1109 mentis
701 1057 746 1108 t.
783 1059 817 1113 8
862 1050 924 1109 in
971 1061 1024 1112 4.
1075 1051 1199 1109 Hoc
1245 1051 1496 1110 maxime
1542 1070 1734 1126 opere,

450 1138 610 1215 quod
658 1142 859 1198 tamen
889 1139 1065 1199 initio
1110 1158 1230 1199 non
1269 1140 1543 1199 omnibus
1587 1140 1734 1199 arri-

450 1229 547 1298 sit,
582 1229 864 1288 Petavius
885 1247 1052 1288 suam
1074 1228 1235 1287 inter
1265 1229 1575 1306 theologos
1597 1247 1733 1288 con-

438 1321 688 1376 secutus
736 1320 829 1377 est
869 1316 1273 1377 celebritatem
1289 1314 1369 1399 ¹);
1416 1318 1545 1377 fons
1578 1317 1737 1377 enim

437 1411 556 1475 est,
591 1425 622 1464 e
655 1425 771 1482 quo
797 1407 1123 1466 etiamnum
1155 1407 1418 1482 theologi
1440 1426 1578 1467 suas
1611 1407 1735 1466 elu-

447 1495 824 1555 cubrationes
870 1496 941 1554 de
982 1496 1137 1555 hisce
1184 1496 1552 1573 argumentis
1600 1497 1735 1554 irri-

436 1580 685 1665 gant2):
759 1585 950 1660 major
998 1588 1199 1646 tamen
1249 1589 1409 1644 esset
1470 1585 1734 1660 ejusdem

530 1795 564 1856 ¹)
593 1788 953 1852 Quorundam
997 1789 1340 1843 calumniam
1384 1807 1417 1842 a
1456 1790 1735 1844 Martenio

442 1861 509 1914 iu
541 1877 643 1913 suo
669 1859 870 1913 itinere
897 1860 1150 1913 literario
1175 1878 1228 1929 p.
1260 1865 1361 1917 177
1401 1861 1647 1930 primum
1674 1862 1733 1915 in

450 1930 633 1984 lucem
661 1930 1008 1999 productam,
1036 1930 1330 1985 Pet-avium
1352 1949 1455 1985 sua
1483 1932 1735 1986 hausisse

438 2018 476 2055 e
504 2002 896 2070 nanuscriptis
923 2002 1264 2070 quibusdam
1292 2002 1454 2056 libris
1481 2003 1547 2057 cl.
1574 2003 1733 2057 Card.

442 2072 704 2142 Oregii
731 2072 819 2144 (de
846 2090 960 2141 quo
987 2074 1054 2126 ef.
1092 2091 1265 2143 sopra
1292 2091 1345 2142 p.
1374 2079 1499 2146 650)
1525 2076 1735 2128 refuta-

444 2148 565 2197 tam
592 2144 765 2198 habes
790 2144 851 2197 in
877 2144 1175 2199 Memoires
1203 2146 1272 2201 de
1293 2146 1566 2209 Tremuit,
1592 2147 1735 2200 Juil-

445 2216 527 2269 let
552 2219 693 2272 1718
720 2234 774 2286 p.
805 2221 908 2272 109
935 2218 993 2269 et
1021 2215 1085 2268 in
1112 2217 1253 2270 actis
1293 2217 1656 2286 lipsiensibus
1684 2236 1733 2271 a.

447 2290 587 2342 1718
615 2305 668 2356 p.
695 2291 944 2344 491—97
971 2304 1005 2339 a
1029 2286 1089 2342 P.
1119 2287 1361 2353 Oudiu0‚
1404 2305 1550 2356 quac
1588 2289 1734 2342 refu-

446 2357 590 2411 tatio
642 2358 947 2427 praemissa
991 2360 1076 2412 est
1120 2358 1356 2412 editioni
1402 2360 1733 2429 dogmatum

448 2430 619 2485 theol.
645 2437 880 2483 venetae
908 2429 1214 2487 Zaccariae.
1260 2430 1342 2484 Cf.
1369 2431 1609 2484 Journal
1636 2431 1734 2484 des

446 2501 574 2555 Sav.
615 2504 703 2564 65,
728 2504 993 2557 303-30.
1040 2501 1198 2555 Alias
1237 2503 1470 2556 fabellas
1497 2505 1735 2570 rejectas

444 2571 689 2641 reperies
714 2572 868 2642 apud
897 2571 1151 2627 Niceron.

523 2648 563 2715 λ’)
605 2644 749 2697 Hinc
792 2645 915 2713 jam
962 2644 1205 2699 Huetius
1255 2645 1410 2714 apud
1462 2644 1731 2700 Niceron:

453 2714 691 2773 „Toutes
716 2715 799 2768 les
820 2715 1000 2768 666166
1021 2716 1089 2769 (16
1112 2716 1395 2786 theologie
1416 2716 1484 2769 de
1504 2716 1561 2769 la
1582 2718 1733 2770 chre-

449 2786 626 2839 tiente
667 2785 1029 2839 retentissent
1067 2786 1144 2841 du
1176 2805 1307 2841 nom
1349 2787 1426 2841 du
1454 2788 1514 2842 P.
1538 2787 1733 2847 Petau,

448 2859 723 2911 ecoutent
758 2859 818 2911 et
841 2859 1112 2927 profitent
1137 2859 1205 2912 de
1244 2874 1330 2913 ses
1358 2859 1566 2929 lecons,
1609 2864 1667 2912 et
1691 2860 1733 2912 il

448 2930 786 2984 continuem
811 2928 1115 2984 d’eclairer
1153 2930 1192 2981 l'
1209 2930 1381 2999 eglise
1414 2931 1653 2998 jusqu'a
1678 2931 1734 2984 la

436 3000 897 3054 —consomination
938 3000 1035 3053 des
1080 3001 1323 3055 siecles.⁶·
1378 3001 1601 3055 Vezzosi
1642 3019 1732 3071 op.

447 3070 598 3127 card.
640 3070 923 3124 Thomasii
965 3075 1003 3124 t.
1035 3077 1058 3127 1
1106 3091 1158 3142 p.
1196 3076 1331 3128 155:
1377 3072 1732 3135 „Doctissimi

448 3142 555 3196 viri
600 3158 771 3195 aurea
816 3144 1023 3211 scripta
1072 3143 1443 3213 suspicimus,
1497 3161 1731 3211 quorum

448 3215 622 3268 unica
642 3214 870 3283 pagella
887 3214 1165 3269 studiosos
1188 3214 1365 3284 magis
1382 3214 1592 3268 erudiri
1613 3232 1733 3283 pro·

448 3286 717 3340 fitebatur
744 3303 796 3338 v.
822 3290 1015 3340 noster
1055 3288 1097 3339 Τ
1115 3287 1152 3338 h
1170 3304 1201 3337 o
1221 3304 1272 3338 m
1292 3303 1326 3338 a
1342 3286 1401 3338 si
1421 3303 1456 3337 u
1474 3303 1498 3338 s
1516 3328 1528 3350 ‚
1566 3303 1731 3353 quam

1338 243 1500 299 Dion.
1528 244 1815 306 Petavius,
1842 244 2115 313 Raynaud
2125 263 2204 320 66.

2953 262 3076 314 978

1790 428 2046 499 utilitas,
2112 430 2161 488 si
2223 430 2485 489 tenacior
2543 430 2755 489 fuisset
2813 430 3077 489 methodi

1792 517 2192 588 scholasticae,
2244 518 2452 578 saltem
2487 521 2783 593 quatenus
2817 518 2957 578 haec
2987 519 3077 578 di-

1791 607 2173 666 stinctionem
2203 610 2384 684 atque
2403 607 2668 666 ordinem
2688 608 3077 667 commendat.

1793 729 1880 738 -—
1911 695 2163 754 Exstant
2207 696 2399 755 adhuc
2431 697 2560 772 ejus
2605 699 2984 771 epistolarum
3015 698 3079 760 Il.

1796 795 1852 855 3,
1885 783 2131 844 Parisiis
2172 795 2335 849 1652
2384 782 2589 866 (etiam
2635 787 2699 844 in
2745 787 2833 845 ed.
2866 806 2957 862 op.
3005 787 3078 846 de

1794 873 2072 932 Doctrina
2103 872 2484 955 temporum),
2542 894 2695 951 quae
2726 894 2847 935 non
2877 881 3076 935 carent

1792 961 1985 1039 pretio
2035 963 2328 1023 literario:
2391 964 2591 1039 plures
2647 968 2847 1023 tamen
2911 984 3076 1023 man-

1795 1055 2005 1110 serunt
2035 1052 2312 1111 ineditae.

1885 1239 2027 1292 415.
2077 1230 2313 1289 Petavio
2375 1230 2756 1308 adjungimus
2819 1231 3078 1291 sodalem

1792 1318 2183 1393 Theophilum
2228 1320 2278 1377 B.
2291 1339 2325 1377 a
2337 1339 2377 1396 y
2392 1339 2433 1378 n
2448 1341 2483 1378 a
2496 1339 2537 1378 u
2553 1320 2593 1377 d
2612 1339 2648 1378 u
2665 1340 2721 1378 m
2738 1316 2784 1401 ¹)
2836 1325 3079 1396 propter

1791 1407 2143 1467 eruditionis
2206 1409 2551 1493 varietatem
2600 1412 2780 1484 atque
2829 1409 3074 1486 copiam,

1793 1496 1898 1572 qui
1919 1496 2104 1556 Gallis
2124 1499 2185 1555 et
2215 1497 2385 1556 Italis
2405 1498 2695 1557 accenseri
2723 1501 2938 1573 potest,
2971 1517 3078 1558 na-

1791 1588 1893 1643 tus
1940 1586 2230 1662 siquidem
2277 1590 2368 1645 est
2412 1587 2708 1664 Cespitelli
2761 1582 3078 1668 (Sospello)

1792 1673 1855 1731 in
1904 1675 2192 1734 comitatu
2222 1675 2518 1735 nicaeensi
2560 1686 2653 1738 15.
2688 1676 2834 1734 Nov.
2890 1686 3071 1739 1587.

1792 1763 2017 1822 Litoras
2080 1764 2459 1823 humaniores
2506 1764 2711 1823 docuit
2756 1765 3075 1834 Avenione,

1791 1933 1854 1985 in
1881 1934 2048 1987 hocce
2076 1950 2243 2002 opere
2265 1934 2569 1988 desiderari
2594 1935 2916 2002 potuisset.“
2949 1933 3077 1986 Plu-

1792 2021 1880 2057 res
1907 2006 2095 2058 tamen
2124 2023 2253 2057 eum
2282 2005 2530 2073 graviter
2550 2010 2892 2074 carpserunt,
2922 2005 3075 2072 quod

1791 2078 1981 2143 patres
2005 2076 2266 2128 nicaenos
2293 2077 2492 2129 erroris
2519 2076 2682 2144 quasi
2716 2076 2897 2129 ariani
2923 2092 3077 2129 accu-

1791 2147 2004 2200 saverit
2022 2147 2113 2200 vel
2139 2163 2254 2200 non
2281 2147 2416 2200 satis
2439 2148 2666 2201 dextere
2687 2147 3076 2216 explicaverit.

1793 2218 1906 2271 Alii
1934 2221 2123 2272 tamen
2161 2218 2342 2271 innixi
2370 2219 2699 2287 praesertim
2740 2219 2862 2286 ejus
2899 2219 3075 2287 praef,

1792 2307 1918 2342 eum
1946 2292 2233 2344 excusant.
2280 2290 2362 2345 Cf.
2387 2289 2725 2359 Apologiam
2751 2289 2810 2342 in
2837 2288 2923 2342 ed.
2953 2289 3076 2343 Zac-

1790 2377 1899 2416 car.
1928 2364 1968 2415 t.
1996 2365 2027 2416 2
2055 2378 2109 2429 p.
2139 2366 2206 2416 13
2234 2362 2291 2413 et
2315 2360 2486 2413 Kuhn
2521 2359 2943 2430 Ehrenrettung
2981 2360 3080 2414 des

1791 2432 2023 2499 Dionys.
2078 2431 2344 2485 Petavius
2363 2474 2374 2492 ‚
2427 2431 2567 2487 Tul».
2615 2431 2891 2496 Qutlschr.
2939 2434 3080 2488 1850

1834 2543 1847 2556 .
1874 2508 1980 2560 249
2004 2520 2072 2556 ss.

1793 2522 1830 2573 p
1868 2579 1908 2639 1“)
1951 2574 2032 2630 Of.
2073 2574 2316 2628 Niceron
2359 2574 2569 2639 XXVI,
2615 2578 2720 2632 248
2754 2590 2845 2636 ss.‚
2891 2573 3077 2644 Biogr.

1789 2647 1946 2701 univ.
1974 2651 2060 2708 37,
2089 2650 2192 2703 183
2213 2665 2284 2701 ss.
2307 2645 2457 2713 Joly‚
2485 2647 2744 2714 Rcmarq.
2781 2663 2877 2698 sur
2903 2645 3076 2712 Bayle

1791 2719 1859 2782 11,
1886 2721 2019 2776 658;
2046 2717 2262 2770 Backer
2288 2717 2380 2781 111,
2410 2723 2494 2780 60,
2538 2718 2633 2786 qui
2662 2717 2729 2769 dc
2756 2734 2822 2770 eo
2848 2717 3076 2769 scribit:

1796 2789 2097 2857 „Raynaud
2127 2790 2284 2842 avait
2308 2792 2492 2842 tontes
2530 2788 2612 2842 les
2639 2788 2886 2857 qualites
2926 2786 3077 2841 d'un

1794 2862 1904 2915 bon
1931 2860 2234 2929 religieux:
2276 2876 2488 2913 comme
2529 2859 2798 2921 ecrivain‚
2836 2859 2881 2912 il
2921 2859 3080 2913 avait

1792 2932 1859 2985 de
1899 2932 1937 2984 1’
1953 2930 2256 2995 erudition,
2299 2934 2358 2986 et
2385 2949 2494 2985 une
2521 2931 2736 3001 grande
2776 2930 3077 2995 recondite,

1789 3002 1933 3056 mais
1961 3003 2000 3055 il
2040 3003 2342 3070 manquait
2365 3003 2432 3057 de
2474 3004 2713 3071 critique
2748 3020 2817 3055 en
2847 3003 3078 3055 matiere

1791 3074 1860 3128 de
1886 3075 2054 3154 gout:
2082 3090 2182 3127 son
2210 3075 2356 3141 style
2385 3077 2470 3127 est
2496 3073 2748 3143 defigure
2777 3090 2879 3141 par
2915 3072 3076 3126 1²e1n-

1792 3144 1911 3213 ploi
1951 3145 2244 3198 continuel
2284 3146 2352 3198 de
2394 3149 2612 3208 termes,
2656 3144 2756 3211 qui
2803 3145 3075 3212 n’appar·

1791 3215 2052 3270 tiennent
2091 3219 2235 3283 qu‘a
2279 3219 2332 3269 la
2376 3217 2534 3269 basse
2574 3215 2855 3268 latinite.“
2907 3220 2992 3267 Ita
3019 3219 3076 3266 et

1789 3287 2007 3341 Andres
2047 3290 2086 3342 t.
2115 3294 2165 3344 6.
2205 3287 2241 3342 l.
2271 3294 2296 3343 1
2343 3308 2386 3340 (·.
2412 3294 2445 3343 5
2489 3307 2541 3357 p.
2569 3290 2700 3344 358:
2746 3285 3078 3339 Timbowhi

446 3357 493 3410 si
510 3357 690 3425 spissa
710 3356 1323 3411 multorumvolumina
1339 3357 1543 3410 diurna
1560 3362 1733 3426 atque
1792 3360 1831 3410 t.
1859 3363 1929 3415 14
1953 3361 1985 3413 l.
2015 3364 2047 3414 2
2075 3378 2117 3412 c.
2148 3365 2175 3413 1
2207 3367 2232 3423 ἓ
2260 3364 2345 3419 29,
2388 3359 2480 3413 ubi
2507 3359 2656 3412 inter
2693 3356 2810 3409 alia
2838 3356 2917 3408 ita
2944 3357 3076 3409 scri-

447 3427 621 3482 etiam
647 3430 919 3481 nocturna
943 3445 1117 3481 manu
1148 3432 1547 3482 versarentur.“
1588 3429 1733 3482 Bud·
1793 3429 1893 3483 bit.
1939 3430 2038 3491 „Di
2066 3428 2220 3484 mille
2262 3429 2475 3483 diverse
2521 3428 2767 3490 materie,
2811 3428 3076 3496 singolar-

449 3498 589 3553 deus
628 3500 771 3569 Isag.
802 3501 837 3555 L
866 3503 898 3554 2
925 3516 968 3558 c.
996 3504 1030 3555 3
1065 3505 1180 3566 §91
1225 3501 1411 3558 „Inter
1450 3516 1544 3553 eos
1583 3517 1732 3561 ver0,
1793 3504 1979 3554 mente
2008 3517 2174 3557 sacre,
2216 3499 2328 3569 egli
2357 3502 2535 3553 tratta
2577 3500 2720 3552 nelle
2749 3515 2847 3552 sue
2889 3514 3076 3567 opere,

438 3570 552 3639 qui
592 3570 970 3639 dogmaticam
1015 3571 1362 3641 theologiam
1403 3588 1469 3624 ex
1507 3574 1732 3639 patrum
1791 3588 1822 3625 e
1846 3572 1892 3624 si
1919 3574 2036 3639 puo
2058 3572 2177 3623 dire
2205 3572 2306 3623 che
2328 3588 2392 3623 su
2422 3569 2614 3638 quella
2634 3570 2875 3623 materia
2902 3571 3004 3623 che
3023 3570 3075 3623 ei

447 3641 832 3695 monumentis
858 3644 1106 3694 tractant
1132 3689 1145 3702 ,
1174 3684 1185 3694 .
1216 3683 1227 3695 .
1257 3642 1321 3694 Ι).
1351 3641 1612 3697 Petavius
1652 3642 1735 3696 ita
1788 3642 2003 3712 prende
2029 3659 2062 3695 a
2101 3646 2356 3705 trattare‚
2402 3641 2679 3708 raccoglie
2720 3643 2933 3708 quanto
2973 3641 3018 3693 si
3046 3645 3076 3694 e

447 3713 675 3777 eminet,
702 3715 770 3765 ut
794 3712 1142 3780 reliquorum
1168 3713 1406 3782 gloriam
1443 3714 1614 3783 plane
1643 3714 1733 3769 ob·

447 3784 757 3838 scuraverit
796 3784 1060 3852 solusque
1102 3786 1214 3836 fere
1256 3784 1466 3853 dignus
1507 3785 1594 3848 sit,
1637 3785 1733 3853 qui

447 3857 935 3909 commemoretur.
954 3854 1276 3908 Immortale
1292 3872 1539 3925 namque
1561 3856 1733 3909 nomi-

447 3925 535 3979 nis
562 3927 730 3979 decus
757 3930 1085 3981 consecutus
1111 3927 1193 3979 est
1219 3928 1292 3979 ob
1312 3944 1456 3996 opus
1484 3926 1552 3980 de
1580 3927 1733 3980 theo-

447 3996 649 4067 logicis
670 3997 1032 4065 dogmatibus
1056 4038 1067 4050 .
1091 4038 1101 4051 .
1127 4039 1139 4051 .
1162 3996 1456 4065 Quidquid
1475 3997 1537 4050 in
1562 3998 1733 4067 patri-

446 4068 548 4121 bus
593 4068 1072 4137 scriptoribusque
1122 4067 1513 4122 ecclesiasticis
1555 4072 1734 4124 obser-

449 4141 586 4193 vatu
615 4139 857 4208 dignum
903 4140 971 4193 de
997 4139 1331 4209 theologicis
1372 4140 1734 4209 dogmatibus

447 4209 751 4274 invenitur,
797 4211 887 4263 hic
916 4211 975 4264 in
1005 4229 1173 4264 unum
1206 4211 1366 4264 velut
1404 4215 1734 4282 congestum

448 4280 737 4335 cumulum
764 4281 1051 4350 simulque
1078 4286 1209 4351 apte
1239 4280 1597 4351 dispositum,
1643 4284 1734 4337 ob-

449 4351 861 4406 servationibus
887 4354 1151 4408 notitiam
1174 4353 1536 4421 antiquitatis
1565 4354 1733 4408 eccle-

449 4421 706 4478 siasticae
732 4423 886 4480 haud
918 4425 1208 4494 vulgarem
1234 4425 1583 4493 spirantibus
1606 4423 1734 4478 illu·

448 4495 688 4549 stratum
717 4498 775 4548 et
800 4495 929 4548 stilo
958 4496 1207 4563 eleganti
1248 4499 1579 4550 exornatum
1609 4514 1735 4550 con-

448 4565 660 4635 spicere
701 4564 851 4620 licet.
881 4566 1157 4621 Subsidiis
1188 4584 1315 4621 vero
1341 4567 1484 4632 istis,
1529 4568 1735 4635 quibus

447 4639 648 4691 auctor
667 4637 981 4690 instructus
1001 4638 1131 4702 fuit,
1158 4639 1200 4691 si
1222 4639 1293 4691 ad
1319 4638 1617 4692 veritatem
1642 4656 1735 4708 po-

444 4708 560 4761 tius
588 4708 1020 4774 defendenda-m,
1050 4726 1223 4777 quam
1257 4710 1531 4763 Ecclesiae
1557 4726 1735 4763 roma·

446 4795 555 4831 nac
583 4795 790 4834 errores
812 4779 1135 4848 palliandos
1164 4780 1247 4834 uti
1271 4780 1562 4843 voluisset,
1590 4781 1735 4833 nihil

1791 3715 1966 3778 dettn,
1996 3730 2024 3766 e
2053 3718 2268 3781 quanto
2292 3713 2508 3782 potcasi
2531 3713 2664 3766 dire.
2695 3712 2821 3766 Cosi
2842 3729 2910 3765 ne
2932 3712 3076 3766 fosse

1790 3786 1846 3838 la
1872 3785 2208 3838 trattazione
2234 3784 2335 3853 piu
2361 3783 2639 3837 nietodica
2667 3800 2695 3836 e
2723 3784 2824 3853 piu
2845 3782 3075 3853 precisa,

1789 3857 1883 3909 Ma
1904 3856 2018 3925 egli
2038 3872 2153 3909 non
2173 3873 2234 3909 sa
2255 3856 2462 3926 tenersi
2484 3854 2570 3907 sul
2589 3855 2786 3908 diritto
2809 3854 3076 3923 sentiero;

1791 3926 2050 3996 divagasi
2070 3944 2132 3979 or
2151 3944 2185 3980 a
2204 3928 2408 3990 destm,
2430 3945 2491 3979 or
2511 3943 2545 3979 a
2561 3925 2807 3988 sinistra,
2836 3942 2866 3979 e
2884 3929 3077 3979 stanes.

1789 3999 1832 4052 il
1860 4001 2060 4053 lettore
2098 3999 2186 4052 col
2226 3998 2551 4067 avvolgerlo
2591 4000 2652 4050 in
2688 4016 2767 4051 66
2806 3998 3077 4053 continuo

1791 4070 2076 4125 labii-into.
2123 4069 2200 4123 Lo
2237 4070 2365 4125 stile
2405 4087 2612 4123 ancora
2650 4086 2766 4123 non
2805 4072 2921 4138 pub
2961 4069 3078 4139 pia·

1791 4158 1970 4205 cerne,
1984 4141 2187 4211 perche
2204 4142 2279 4195 ha
2296 4160 2373 4195 un
2389 4141 2723 4211 capriccioso
2744 4146 2999 4210 grotesco
3021 4140 3076 4193 di

1789 4229 1952 4281 greco
1979 4229 2008 4266 e
2045 4212 2104 4265 di
2145 4212 2342 4277 latino,
2389 4230 2451 4265 or
2493 4217 2698 4281 troppo
2739 4227 2936 4265 oscuro
2975 4228 3078 4279 per

1792 4284 2125 4337 affetazione
2153 4284 2212 4336 di
2240 4284 2536 4348 antichita‚
2583 4300 2645 4336 or
2670 4287 2873 4351 troppo
2902 4281 3076 4335 umile

1793 4372 1893 4424 per
1913 4358 2324 4409 trascuratezza
2346 4355 2400 4408 di
2422 4354 2756 4408 correzione.
2784 4353 2863 4406 La
2883 4354 3078 4407 critica

1791 4426 1999 4480 inoltre
2022 4443 2138 4480 non
2166 4430 2195 4479 e
2223 4427 2399 4480 molto
2427 4428 2626 4486 esatta‚
2653 4442 2682 4477 e
2703 4441 2891 4493 spesso
2913 4441 3076 4478 senza

1792 4497 1833 4551 il
1853 4498 2042 4568 giusto
2064 4497 2503 4551 discerniiuento
2525 4495 2580 4549 ei
2598 4493 2873 4563 raccoglie
2892 4495 2912 4547 i
2934 4495 3078 4548 detti

1791 4586 1821 4622 e
1849 4568 1901 4621 le
1929 4568 2185 4637 opinioni
2215 4568 2304 4622 dei
2335 4567 2508 4621 buoni
2537 4583 2565 4618 e
2592 4566 2894 4619 de'cattivi
2922 4565 3077 4618 scrit-

1792 4640 1902 4693 tori
1930 4648 2086 4701 etc.·⁶,
2115 4639 2403 4708 quaejam
2430 4643 2599 4691 antea
2628 4638 2953 4690 adverterat
2972 4636 3077 4689 Du-

1792 4711 1892 4779 piu
1921 4711 2120 4773 XVIII,
2159 4716 2223 4768 91
2256 4711 2353 4764 ubi
2381 4710 2502 4763 fuse
2529 4709 2598 4761 de
2623 4708 2925 4776 Raynaudi
2951 4725 3078 4777 ope·

1792 4782 1946 4836 ribus
1974 4782 2211 4836 disserit.
