<?xml version="1.0" encoding="UTF-8"?>
<!DOCTYPE html PUBLIC "-//W3C//DTD XHTML 1.0 Transitional//EN"
    "http://www.w3.org/TR/xhtml1/DTD/xhtml1-transitional.dtd">
<html xmlns="http://www.w3.org/1999/xhtml" xml:lang="en" lang="en">
 <head>
  <title>
</title>
<meta http-equiv="Content-Type" content="text/html;charset=utf-8" />
  <meta name='ocr-system' content='tesseract 3.04.00' />
  <meta name='ocr-capabilities' content='ocr_page ocr_carea ocr_par ocr_line ocrx_word'/>
</head>
<body>
  <div class='ocr_page' id='page_1' title='image "./nomenclatorlite11hurtgoog_0334.png"; bbox 0 0 3625 5193; ppageno 0'>
   <div class='ocr_carea' id='block_1_1' title="bbox 644 249 3279 1226">
    <p class='ocr_par' dir='ltr' id='par_1_1' title="bbox 644 249 3279 1226">
     <span class='ocr_line' id='line_1_1' title="bbox 655 249 3269 323; baseline -0.003 -14"><span class='ocrx_word' id='word_1_1' title='bbox 655 269 774 323; x_wconf 79' lang='grc'>651</span> <span class='ocrx_word' id='word_1_2' title='bbox 1065 255 1437 309; x_wconf 85' lang='lat'>1621—1640.</span> <span class='ocrx_word' id='word_1_3' title='bbox 1463 251 1771 320; x_wconf 84' lang='lat' dir='ltr'>Theologia</span> <span class='ocrx_word' id='word_1_4' title='bbox 1800 251 1974 313; x_wconf 79' lang='lat' dir='ltr'>schol.</span> <span class='ocrx_word' id='word_1_5' title='bbox 1999 252 2060 306; x_wconf 87' lang='lat' dir='ltr'>in</span> <span class='ocrx_word' id='word_1_6' title='bbox 2089 251 2157 307; x_wconf 90' lang='lat' dir='ltr'>It.</span> <span class='ocrx_word' id='word_1_7' title='bbox 2186 249 2409 320; x_wconf 86' lang='lat' dir='ltr'>Oreggi,</span> <span class='ocrx_word' id='word_1_8' title='bbox 2436 250 2597 316; x_wconf 85' lang='lat' dir='ltr'>Masi,</span> <span class='ocrx_word' id='word_1_9' title='bbox 2623 249 2855 319; x_wconf 81' lang='lat' dir='ltr'>Rispoli‚</span> <span class='ocrx_word' id='word_1_10' title='bbox 3146 268 3269 321; x_wconf 77' lang='lat'>552</span> 
     </span>
     <span class='ocr_line' id='line_1_2' title="bbox 651 435 3278 514; baseline -0.001 -18"><span class='ocrx_word' id='word_1_11' title='bbox 651 439 995 514; x_wconf 85' lang='lat' dir='ltr'>theologum</span> <span class='ocrx_word' id='word_1_12' title='bbox 1045 455 1380 497; x_wconf 89' lang='lat' dir='ltr'>consecrare</span> <span class='ocrx_word' id='word_1_13' title='bbox 1424 457 1543 497; x_wconf 89' lang='lat' dir='ltr'>non</span> <span class='ocrx_word' id='word_1_14' title='bbox 1587 439 1763 497; x_wconf 88' lang='lat' dir='ltr'>modo</span> <span class='ocrx_word' id='word_1_15' title='bbox 1814 457 1935 496; x_wconf 91' lang='lat' dir='ltr'>non</span> <span class='ocrx_word' id='word_1_16' title='bbox 1991 456 2138 513; x_wconf 87' lang='lat' dir='ltr'>quos</span> <span class='ocrx_word' id='word_1_17' title='bbox 2191 441 2459 495; x_wconf 82' lang='lat' dir='ltr'>amanter</span> <span class='ocrx_word' id='word_1_18' title='bbox 2506 435 2941 512; x_wconf 71' lang='lat' dir='ltr'>diligenterque</span> <span class='ocrx_word' id='word_1_19' title='bbox 2990 436 3076 494; x_wconf 86' lang='lat' dir='ltr'>ita</span> <span class='ocrx_word' id='word_1_20' title='bbox 3107 435 3278 494; x_wconf 88' lang='lat' dir='ltr'>insti·</span> 
     </span>
     <span class='ocr_line' id='line_1_3' title="bbox 650 524 3277 600; baseline -0.002 -15"><span class='ocrx_word' id='word_1_21' title='bbox 650 527 965 597; x_wconf 80' lang='lat' dir='ltr'>recusavit,</span> <span class='ocrx_word' id='word_1_22' title='bbox 999 525 1100 585; x_wconf 91' lang='lat' dir='ltr'>sed</span> <span class='ocrx_word' id='word_1_23' title='bbox 1132 527 1368 586; x_wconf 89' lang='lat' dir='ltr'>honoris</span> <span class='ocrx_word' id='word_1_24' title='bbox 1417 532 1476 585; x_wconf 91' lang='lat' dir='ltr'>et</span> <span class='ocrx_word' id='word_1_25' title='bbox 1506 526 1773 586; x_wconf 87' lang='lat' dir='ltr'>beneficii</span> <span class='ocrx_word' id='word_1_26' title='bbox 1804 528 1933 586; x_wconf 92' lang='lat' dir='ltr'>loco</span> <span class='ocrx_word' id='word_1_27' title='bbox 1990 525 2214 596; x_wconf 88' lang='lat' dir='ltr'>tuebat‚</span> <span class='ocrx_word' id='word_1_28' title='bbox 2249 529 2319 584; x_wconf 93' lang='lat' dir='ltr'>ut</span> <span class='ocrx_word' id='word_1_29' title='bbox 2349 526 2477 600; x_wconf 86' lang='lat' dir='ltr'>ejus</span> <span class='ocrx_word' id='word_1_30' title='bbox 2508 526 2646 584; x_wconf 90' lang='lat' dir='ltr'>aula</span> <span class='ocrx_word' id='word_1_31' title='bbox 2675 524 2933 583; x_wconf 89' lang='lat' dir='ltr'>familiae</span> <span class='ocrx_word' id='word_1_32' title='bbox 2965 525 3277 600; x_wconf 78' lang='lat' dir='ltr'>religiosae</span> 
     </span>
     <span class='ocr_line' id='line_1_4' title="bbox 649 613 3276 691; baseline -0.001 -19"><span class='ocrx_word' id='word_1_33' title='bbox 649 614 835 685; x_wconf 85' lang='lat' dir='ltr'>duxit,</span> <span class='ocrx_word' id='word_1_34' title='bbox 870 614 1029 690; x_wconf 89' lang='lat' dir='ltr'>quod</span> <span class='ocrx_word' id='word_1_35' title='bbox 1060 615 1224 674; x_wconf 90' lang='lat' dir='ltr'>illius</span> <span class='ocrx_word' id='word_1_36' title='bbox 1269 617 1409 674; x_wconf 87' lang='lat' dir='ltr'>aula</span> <span class='ocrx_word' id='word_1_37' title='bbox 1459 617 1781 691; x_wconf 75' lang='lat' dir='ltr'>sapientiae</span> <span class='ocrx_word' id='word_1_38' title='bbox 1816 617 1934 675; x_wconf 85' lang='lat' dir='ltr'>vir-</span> <span class='ocrx_word' id='word_1_39' title='bbox 1990 615 2201 675; x_wconf 88' lang='lat' dir='ltr'>similis</span> <span class='ocrx_word' id='word_1_40' title='bbox 2216 614 2533 673; x_wconf 87' lang='lat' dir='ltr'>videretur.</span> <span class='ocrx_word' id='word_1_41' title='bbox 2568 613 2789 673; x_wconf 88' lang='lat' dir='ltr'>Verum</span> <span class='ocrx_word' id='word_1_42' title='bbox 2820 632 2942 673; x_wconf 91' lang='lat' dir='ltr'>non</span> <span class='ocrx_word' id='word_1_43' title='bbox 2958 613 3060 672; x_wconf 89' lang='lat' dir='ltr'>diu</span> <span class='ocrx_word' id='word_1_44' title='bbox 3075 616 3276 688; x_wconf 85' lang='lat' dir='ltr'>pastor</span> 
     </span>
     <span class='ocr_line' id='line_1_5' title="bbox 648 701 3274 780; baseline -0.001 -18"><span class='ocrx_word' id='word_1_45' title='bbox 648 707 969 780; x_wconf 86' lang='lat' dir='ltr'>tutumque</span> <span class='ocrx_word' id='word_1_46' title='bbox 999 707 1154 763; x_wconf 90' lang='lat' dir='ltr'>esset</span> <span class='ocrx_word' id='word_1_47' title='bbox 1174 705 1384 763; x_wconf 89' lang='lat' dir='ltr'>schola.</span> <span class='ocrx_word' id='word_1_48' title='bbox 1418 706 1493 762; x_wconf 88' lang='lat' dir='ltr'>Et</span> <span class='ocrx_word' id='word_1_49' title='bbox 1525 724 1664 763; x_wconf 87' lang='lat' dir='ltr'>sane</span> <span class='ocrx_word' id='word_1_50' title='bbox 1698 709 1933 764; x_wconf 78' lang='lat' dir='ltr'>tantum</span> <span class='ocrx_word' id='word_1_51' title='bbox 1991 704 2181 763; x_wconf 90' lang='lat' dir='ltr'>bonus</span> <span class='ocrx_word' id='word_1_52' title='bbox 2213 703 2381 780; x_wconf 81' lang='lat' dir='ltr'>gregi</span> <span class='ocrx_word' id='word_1_53' title='bbox 2413 719 2520 762; x_wconf 91' lang='lat' dir='ltr'>suo</span> <span class='ocrx_word' id='word_1_54' title='bbox 2552 701 2833 777; x_wconf 80' lang='lat' dir='ltr'>praefuit,</span> <span class='ocrx_word' id='word_1_55' title='bbox 2867 721 3001 762; x_wconf 91' lang='lat' dir='ltr'>cum</span> <span class='ocrx_word' id='word_1_56' title='bbox 3025 703 3152 779; x_wconf 89' lang='lat' dir='ltr'>jam</span> <span class='ocrx_word' id='word_1_57' title='bbox 3180 711 3274 765; x_wconf 89' lang='grc'>12.</span> 
     </span>
     <span class='ocr_line' id='line_1_6' title="bbox 647 791 3279 868; baseline -0.001 -18"><span class='ocrx_word' id='word_1_58' title='bbox 647 793 897 868; x_wconf 83' lang='lat' dir='ltr'>profecit</span> <span class='ocrx_word' id='word_1_59' title='bbox 927 812 994 851; x_wconf 86' lang='lat' dir='ltr'>ex</span> <span class='ocrx_word' id='word_1_60' title='bbox 1038 792 1437 852; x_wconf 78' lang='lat' dir='ltr'>familiaritate</span> <span class='ocrx_word' id='word_1_61' title='bbox 1481 812 1615 853; x_wconf 91' lang='lat' dir='ltr'>cum</span> <span class='ocrx_word' id='word_1_62' title='bbox 1661 794 1934 853; x_wconf 87' lang='lat' dir='ltr'>doctissi-</span> <span class='ocrx_word' id='word_1_63' title='bbox 1988 792 2027 850; x_wconf 87' lang='lat' dir='ltr'><strong>J</strong></span> <span class='ocrx_word' id='word_1_64' title='bbox 2030 794 2110 850; x_wconf 93' lang='grc'><strong>111.</strong></span> <span class='ocrx_word' id='word_1_65' title='bbox 2141 802 2301 855; x_wconf 88' lang='lat'>1635</span> <span class='ocrx_word' id='word_1_66' title='bbox 2327 813 2374 849; x_wconf 87' lang='lat' dir='ltr'>a.</span> <span class='ocrx_word' id='word_1_67' title='bbox 2398 792 2609 850; x_wconf 83' lang='lat' dir='ltr'>aetatis</span> <span class='ocrx_word' id='word_1_68' title='bbox 2632 801 2728 855; x_wconf 91' lang='lat'>58.</span> <span class='ocrx_word' id='word_1_69' title='bbox 2755 791 3098 851; x_wconf 83' lang='lat' dir='ltr'>mortalium</span> <span class='ocrx_word' id='word_1_70' title='bbox 3116 791 3279 850; x_wconf 85' lang='lat' dir='ltr'>curis</span> 
     </span>
     <span class='ocr_line' id='line_1_7' title="bbox 646 880 3272 960; baseline -0.001 -21"><span class='ocrx_word' id='word_1_71' title='bbox 646 901 741 940; x_wconf 91' lang='lat' dir='ltr'>mo</span> <span class='ocrx_word' id='word_1_72' title='bbox 774 882 876 941; x_wconf 94' lang='lat' dir='ltr'>illo</span> <span class='ocrx_word' id='word_1_73' title='bbox 897 881 1196 953; x_wconf 87' lang='lat' dir='ltr'>cardinali,</span> <span class='ocrx_word' id='word_1_74' title='bbox 1219 887 1288 940; x_wconf 89' lang='lat' dir='ltr'>ut</span> <span class='ocrx_word' id='word_1_75' title='bbox 1305 882 1552 958; x_wconf 87' lang='lat' dir='ltr'>ignarus</span> <span class='ocrx_word' id='word_1_76' title='bbox 1572 888 1745 941; x_wconf 88' lang='lat' dir='ltr'>antea</span> <span class='ocrx_word' id='word_1_77' title='bbox 1763 902 1932 960; x_wconf 90' lang='lat' dir='ltr'>grae-</span> <span class='ocrx_word' id='word_1_78' title='bbox 1989 881 2171 940; x_wconf 89' lang='lat' dir='ltr'>fuerit</span> <span class='ocrx_word' id='word_1_79' title='bbox 2202 886 2434 940; x_wconf 85' lang='lat' dir='ltr'>exutus.</span> <span class='ocrx_word' id='word_1_80' title='bbox 2468 881 2611 955; x_wconf 84' lang='lat' dir='ltr'>Ejus</span> <span class='ocrx_word' id='word_1_81' title='bbox 2643 881 2869 957; x_wconf 88' lang='lat' dir='ltr'>ingenii</span> <span class='ocrx_word' id='word_1_82' title='bbox 2900 880 3157 950; x_wconf 79' lang='lat' dir='ltr'>claritas,</span> <span class='ocrx_word' id='word_1_83' title='bbox 3196 882 3272 937; x_wconf 80' lang='lat' dir='ltr'>fa·</span> 
     </span>
     <span class='ocr_line' id='line_1_8' title="bbox 646 969 3275 1049; baseline -0.001 -20"><span class='ocrx_word' id='word_1_84' title='bbox 646 989 845 1030; x_wconf 89' lang='lat' dir='ltr'>carum</span> <span class='ocrx_word' id='word_1_85' title='bbox 894 971 1203 1029; x_wconf 83' lang='lat' dir='ltr'>literarum</span> <span class='ocrx_word' id='word_1_86' title='bbox 1252 990 1321 1029; x_wconf 84' lang='lat' dir='ltr'>ex</span> <span class='ocrx_word' id='word_1_87' title='bbox 1367 972 1521 1030; x_wconf 83' lang='lat' dir='ltr'>horis</span> <span class='ocrx_word' id='word_1_88' title='bbox 1569 972 1686 1030; x_wconf 88' lang='grc'><strong>11113</strong></span> <span class='ocrx_word' id='word_1_89' title='bbox 1733 973 1932 1031; x_wconf 86' lang='lat' dir='ltr'>atticis</span> <span class='ocrx_word' id='word_1_90' title='bbox 1990 971 2223 1049; x_wconf 88' lang='lat' dir='ltr'>cundia,</span> <span class='ocrx_word' id='word_1_91' title='bbox 2235 969 2624 1044; x_wconf 86' lang='lat' dir='ltr'>soliditasque</span> <span class='ocrx_word' id='word_1_92' title='bbox 2640 969 2942 1029; x_wconf 88' lang='lat' dir='ltr'>doctrinae</span> <span class='ocrx_word' id='word_1_93' title='bbox 2963 975 3025 1027; x_wconf 84' lang='lat' dir='ltr'>et</span> <span class='ocrx_word' id='word_1_94' title='bbox 3037 970 3275 1029; x_wconf 88' lang='lat' dir='ltr'>concin-</span> 
     </span>
     <span class='ocr_line' id='line_1_9' title="bbox 645 1059 3277 1120; baseline -0 -3"><span class='ocrx_word' id='word_1_95' title='bbox 645 1060 984 1118; x_wconf 86' lang='lat' dir='ltr'>Aristotelis</span> <span class='ocrx_word' id='word_1_96' title='bbox 1034 1059 1106 1117; x_wconf 92' lang='lat' dir='ltr'>de</span> <span class='ocrx_word' id='word_1_97' title='bbox 1152 1060 1347 1117; x_wconf 90' lang='lat' dir='ltr'>anima</span> <span class='ocrx_word' id='word_1_98' title='bbox 1379 1061 1437 1118; x_wconf 94' lang='grc'>11.</span> <span class='ocrx_word' id='word_1_99' title='bbox 1481 1061 1931 1120; x_wconf 89' lang='lat' dir='ltr'>obscurissimos</span> <span class='ocrx_word' id='word_1_100' title='bbox 1986 1059 3277 1119; x_wconf 81' lang='lat' dir='ltr'>nabrevitasadoctismultumcommendan-</span> 
     </span>
     <span class='ocr_line' id='line_1_10' title="bbox 644 1147 3274 1226; baseline -0 -19"><span class='ocrx_word' id='word_1_101' title='bbox 644 1166 764 1207; x_wconf 90' lang='lat' dir='ltr'>non</span> <span class='ocrx_word' id='word_1_102' title='bbox 797 1149 987 1206; x_wconf 88' lang='lat' dir='ltr'>solum</span> <span class='ocrx_word' id='word_1_103' title='bbox 1022 1149 1372 1226; x_wconf 87' lang='lat' dir='ltr'>intelligere,</span> <span class='ocrx_word' id='word_1_104' title='bbox 1408 1149 1508 1208; x_wconf 91' lang='lat' dir='ltr'>sed</span> <span class='ocrx_word' id='word_1_105' title='bbox 1542 1153 1603 1207; x_wconf 91' lang='lat' dir='ltr'>et</span> <span class='ocrx_word' id='word_1_106' title='bbox 1635 1150 1930 1224; x_wconf 89' lang='lat' dir='ltr'>interpre-</span> <span class='ocrx_word' id='word_1_107' title='bbox 1986 1152 2103 1207; x_wconf 87' lang='lat' dir='ltr'>tur.</span> <span class='ocrx_word' id='word_1_108' title='bbox 2168 1147 2568 1206; x_wconf 88' lang='lat' dir='ltr'>Bellarminus</span> <span class='ocrx_word' id='word_1_109' title='bbox 2602 1147 2885 1224; x_wconf 88' lang='lat' dir='ltr'>Oregium</span> <span class='ocrx_word' id='word_1_110' title='bbox 2918 1168 3110 1220; x_wconf 69' lang='lat' dir='ltr'>,suum</span> <span class='ocrx_word' id='word_1_111' title='bbox 3145 1167 3274 1223; x_wconf 90' lang='lat' dir='ltr'>per·</span> 
     </span>
    </p>
   </div>
   <div class='ocr_carea' id='block_1_2' title="bbox 644 1236 3274 1318">
    <p class='ocr_par' dir='ltr' id='par_1_2' title="bbox 644 1236 3274 1318">
     <span class='ocr_line' id='line_1_11' title="bbox 644 1236 3274 1318; baseline 0 -23"><span class='ocrx_word' id='word_1_112' title='bbox 644 1237 774 1318; x_wconf 33' lang='lat' dir='ltr'>tari·</span> <span class='ocrx_word' id='word_1_113' title='bbox 794 1241 974 1312; x_wconf 89' lang='lat' dir='ltr'>atque</span> <span class='ocrx_word' id='word_1_114' title='bbox 1005 1237 1067 1294; x_wconf 91' lang='lat' dir='ltr'>in</span> <span class='ocrx_word' id='word_1_115' title='bbox 1100 1237 1352 1296; x_wconf 88' lang='lat' dir='ltr'>latinam</span> <span class='ocrx_word' id='word_1_116' title='bbox 1371 1238 1640 1315; x_wconf 86' lang='lat' dir='ltr'>linguam</span> <span class='ocrx_word' id='word_1_117' title='bbox 1662 1255 1780 1296; x_wconf 90' lang='lat' dir='ltr'>non</span> <span class='ocrx_word' id='word_1_118' title='bbox 1805 1239 1930 1297; x_wconf 91' lang='lat' dir='ltr'>sine</span> <span class='ocrx_word' id='word_1_119' title='bbox 1986 1241 2168 1313; x_wconf 89' lang='lat' dir='ltr'>petuo</span> <span class='ocrx_word' id='word_1_120' title='bbox 2201 1237 2581 1312; x_wconf 86' lang='lat' dir='ltr'>theologum‘,</span> <span class='ocrx_word' id='word_1_121' title='bbox 2605 1236 2877 1295; x_wconf 84' lang='lat' dir='ltr'>Urbanus</span> <span class='ocrx_word' id='word_1_122' title='bbox 2897 1237 3053 1296; x_wconf 90' lang='lat' dir='ltr'><strong>VIII.</strong></span> <span class='ocrx_word' id='word_1_123' title='bbox 3077 1255 3274 1308; x_wconf 87' lang='lat' dir='ltr'>‚suum</span> 
     </span>
    </p>
   </div>
   <div class='ocr_carea' id='block_1_3' title="bbox 639 1325 1928 2201">
    <p class='ocr_par' dir='ltr' id='par_1_3' title="bbox 639 1325 1928 2201">
     <span class='ocr_line' id='line_1_12' title="bbox 644 1325 1928 1401; baseline 0.002 -18"><span class='ocrx_word' id='word_1_124' title='bbox 644 1326 817 1384; x_wconf 89' lang='lat' dir='ltr'>laude</span> <span class='ocrx_word' id='word_1_125' title='bbox 866 1325 1186 1384; x_wconf 87' lang='lat' dir='ltr'>transferre</span> <span class='ocrx_word' id='word_1_126' title='bbox 1240 1325 1720 1401; x_wconf 82' lang='lat' dir='ltr'>doctissimisque</span> <span class='ocrx_word' id='word_1_127' title='bbox 1771 1345 1928 1386; x_wconf 90' lang='lat' dir='ltr'>com-</span> 
     </span>
     <span class='ocr_line' id='line_1_13' title="bbox 642 1415 1927 1490; baseline 0.001 -18"><span class='ocrx_word' id='word_1_128' title='bbox 642 1415 950 1473; x_wconf 88' lang='lat' dir='ltr'>mentariis</span> <span class='ocrx_word' id='word_1_129' title='bbox 1009 1415 1308 1474; x_wconf 88' lang='lat' dir='ltr'>illustrare</span> <span class='ocrx_word' id='word_1_130' title='bbox 1357 1416 1618 1490; x_wconf 88' lang='lat' dir='ltr'>coeperit</span> <span class='ocrx_word' id='word_1_131' title='bbox 1678 1416 1840 1475; x_wconf 91' lang='lat' dir='ltr'>edito</span> <span class='ocrx_word' id='word_1_132' title='bbox 1892 1417 1927 1474; x_wconf 91' lang='lat' dir='ltr'>l.</span> 
     </span>
     <span class='ocr_line' id='line_1_14' title="bbox 642 1500 1927 1563; baseline 0.002 -4"><span class='ocrx_word' id='word_1_133' title='bbox 642 1500 970 1562; x_wconf 75' lang='lat' dir='ltr'>Aristotelis</span> <span class='ocrx_word' id='word_1_134' title='bbox 990 1522 1123 1561; x_wconf 88' lang='lat' dir='ltr'>vera</span> <span class='ocrx_word' id='word_1_135' title='bbox 1143 1505 1210 1560; x_wconf 84' lang='lat' dir='ltr'>de</span> <span class='ocrx_word' id='word_1_136' title='bbox 1235 1506 1541 1562; x_wconf 77' lang='lat' dir='ltr'>rationalis</span> <span class='ocrx_word' id='word_1_137' title='bbox 1560 1507 1790 1563; x_wconf 77' lang='lat' dir='ltr'>animae</span> <span class='ocrx_word' id='word_1_138' title='bbox 1824 1508 1927 1562; x_wconf 81' lang='lat' dir='ltr'>im·</span> 
     </span>
     <span class='ocr_line' id='line_1_15' title="bbox 645 1593 1927 1665; baseline 0.005 -17"><span class='ocrx_word' id='word_1_139' title='bbox 645 1593 992 1649; x_wconf 78' lang='lat' dir='ltr'>mortalitate</span> <span class='ocrx_word' id='word_1_140' title='bbox 1021 1596 1317 1660; x_wconf 80' lang='lat' dir='ltr'>sententia‚</span> <span class='ocrx_word' id='word_1_141' title='bbox 1353 1594 1566 1652; x_wconf 89' lang='lat' dir='ltr'>Romae</span> <span class='ocrx_word' id='word_1_142' title='bbox 1597 1602 1751 1656; x_wconf 91' lang='grc'><strong>1631</strong></span> <span class='ocrx_word' id='word_1_143' title='bbox 1782 1594 1845 1652; x_wconf 91' lang='grc'>111</span> <span class='ocrx_word' id='word_1_144' title='bbox 1871 1604 1927 1665; x_wconf 87' lang='grc'>4;</span> 
     </span>
     <span class='ocr_line' id='line_1_16' title="bbox 651 1681 1924 1756; baseline -0.001 -14"><span class='ocrx_word' id='word_1_145' title='bbox 651 1689 812 1742; x_wconf 88' lang='grc'><strong>1632</strong></span> <span class='ocrx_word' id='word_1_146' title='bbox 850 1681 913 1738; x_wconf 87' lang='grc'>111</span> <span class='ocrx_word' id='word_1_147' title='bbox 951 1690 1067 1750; x_wconf 88' lang='grc'><strong>16.,</strong></span> <span class='ocrx_word' id='word_1_148' title='bbox 1116 1682 1178 1739; x_wconf 87' lang='grc'>111</span> <span class='ocrx_word' id='word_1_149' title='bbox 1225 1700 1344 1756; x_wconf 91' lang='lat' dir='ltr'>quo</span> <span class='ocrx_word' id='word_1_150' title='bbox 1389 1682 1608 1741; x_wconf 86' lang='lat' dir='ltr'>nititur</span> <span class='ocrx_word' id='word_1_151' title='bbox 1638 1683 1924 1752; x_wconf 86' lang='lat' dir='ltr'>evincere,</span> 
     </span>
     <span class='ocr_line' id='line_1_17' title="bbox 640 1769 1925 1830; baseline 0.002 -4"><span class='ocrx_word' id='word_1_152' title='bbox 640 1769 1027 1827; x_wconf 87' lang='lat' dir='ltr'>Aristotelem</span> <span class='ocrx_word' id='word_1_153' title='bbox 1072 1770 1222 1828; x_wconf 88' lang='lat' dir='ltr'>hanc</span> <span class='ocrx_word' id='word_1_154' title='bbox 1255 1770 1560 1829; x_wconf 81' lang='lat' dir='ltr'>admisisse</span> <span class='ocrx_word' id='word_1_155' title='bbox 1595 1771 1925 1830; x_wconf 85' lang='lat' dir='ltr'>veritatem.</span> 
     </span>
     <span class='ocr_line' id='line_1_18' title="bbox 641 1857 1927 1932; baseline 0.003 -18"><span class='ocrx_word' id='word_1_156' title='bbox 641 1857 962 1932; x_wconf 89' lang='lat' dir='ltr'>Postquam</span> <span class='ocrx_word' id='word_1_157' title='bbox 1006 1877 1145 1917; x_wconf 83' lang='lat' dir='ltr'>vero</span> <span class='ocrx_word' id='word_1_158' title='bbox 1192 1859 1469 1917; x_wconf 88' lang='lat' dir='ltr'>Maffaeus</span> <span class='ocrx_word' id='word_1_159' title='bbox 1520 1860 1581 1917; x_wconf 91' lang='lat' dir='ltr'>in</span> <span class='ocrx_word' id='word_1_160' title='bbox 1628 1860 1927 1919; x_wconf 89' lang='lat' dir='ltr'>demortui</span> 
     </span>
     <span class='ocr_line' id='line_1_19' title="bbox 640 1945 1925 2031; baseline 0.006 -27"><span class='ocrx_word' id='word_1_161' title='bbox 640 1947 906 2023; x_wconf 84' lang='lat' dir='ltr'>Gregorii</span> <span class='ocrx_word' id='word_1_162' title='bbox 922 1946 1038 2004; x_wconf 90' lang='lat' dir='ltr'>XV.</span> <span class='ocrx_word' id='word_1_163' title='bbox 1058 1947 1250 2006; x_wconf 91' lang='lat' dir='ltr'>locum</span> <span class='ocrx_word' id='word_1_164' title='bbox 1267 1949 1547 2007; x_wconf 86' lang='lat' dir='ltr'>suffectus</span> <span class='ocrx_word' id='word_1_165' title='bbox 1562 1949 1680 2007; x_wconf 87' lang='lat' dir='ltr'>fuit</span> <span class='ocrx_word' id='word_1_166' title='bbox 1697 1947 1755 2029; x_wconf 83' lang='lat'>(1</span> <span class='ocrx_word' id='word_1_167' title='bbox 1772 1961 1805 2012; x_wconf 89' lang='grc'><strong>6</strong></span> <span class='ocrx_word' id='word_1_168' title='bbox 1817 1958 1849 2010; x_wconf 87' lang='grc'>2</span> <span class='ocrx_word' id='word_1_169' title='bbox 1863 1945 1925 2031; x_wconf 88' lang='grc'>3)</span> 
     </span>
     <span class='ocr_line' id='line_1_20' title="bbox 641 2033 1924 2114; baseline 0.005 -23"><span class='ocrx_word' id='word_1_170' title='bbox 641 2033 924 2112; x_wconf 88' lang='lat' dir='ltr'>Oregium</span> <span class='ocrx_word' id='word_1_171' title='bbox 945 2034 1296 2095; x_wconf 87' lang='lat' dir='ltr'>familiarem</span> <span class='ocrx_word' id='word_1_172' title='bbox 1321 2055 1499 2095; x_wconf 91' lang='lat' dir='ltr'>suum</span> <span class='ocrx_word' id='word_1_173' title='bbox 1519 2038 1778 2114; x_wconf 92' lang='lat' dir='ltr'>ingenio,</span> <span class='ocrx_word' id='word_1_174' title='bbox 1801 2039 1924 2114; x_wconf 89' lang='lat' dir='ltr'>pie-</span> 
     </span>
     <span class='ocr_line' id='line_1_21' title="bbox 639 2124 1928 2201; baseline 0.003 -20"><span class='ocrx_word' id='word_1_175' title='bbox 639 2126 763 2182; x_wconf 87' lang='lat' dir='ltr'>tate</span> <span class='ocrx_word' id='word_1_176' title='bbox 812 2128 872 2182; x_wconf 90' lang='lat' dir='ltr'>et</span> <span class='ocrx_word' id='word_1_177' title='bbox 920 2124 1189 2183; x_wconf 86' lang='lat' dir='ltr'>doctrina</span> <span class='ocrx_word' id='word_1_178' title='bbox 1237 2125 1555 2201; x_wconf 82' lang='lat' dir='ltr'>pollentem</span> <span class='ocrx_word' id='word_1_179' title='bbox 1605 2128 1679 2184; x_wconf 86' lang='lat' dir='ltr'>ad</span> <span class='ocrx_word' id='word_1_180' title='bbox 1714 2128 1928 2186; x_wconf 86' lang='lat' dir='ltr'>altiora</span> 
     </span>
    </p>
   </div>
   <div class='ocr_carea' id='block_1_4' title="bbox 1982 1322 3275 2200">
    <p class='ocr_par' dir='ltr' id='par_1_4' title="bbox 1982 1322 3275 2200">
     <span class='ocr_line' id='line_1_22' title="bbox 1987 1322 3272 1406; baseline -0.001 -22"><span class='ocrx_word' id='word_1_181' title='bbox 1987 1345 2218 1401; x_wconf 87' lang='lat' dir='ltr'>semper</span> <span class='ocrx_word' id='word_1_182' title='bbox 2233 1325 2677 1384; x_wconf 89' lang='lat' dir='ltr'>Bellarminum‘</span> <span class='ocrx_word' id='word_1_183' title='bbox 2697 1326 3017 1400; x_wconf 81' lang='lat' dir='ltr'>appellavit</span> <span class='ocrx_word' id='word_1_184' title='bbox 3034 1322 3095 1406; x_wconf 82' lang='lat'>¹).</span> <span class='ocrx_word' id='word_1_185' title='bbox 3129 1326 3272 1401; x_wconf 88' lang='lat' dir='ltr'>Ejus</span> 
     </span>
     <span class='ocr_line' id='line_1_23' title="bbox 1985 1414 3267 1490; baseline -0.001 -18"><span class='ocrx_word' id='word_1_186' title='bbox 1985 1433 2161 1490; x_wconf 92' lang='lat' dir='ltr'>opera</span> <span class='ocrx_word' id='word_1_187' title='bbox 2193 1419 2368 1473; x_wconf 86' lang='lat' dir='ltr'>sunt:</span> <span class='ocrx_word' id='word_1_188' title='bbox 2420 1416 2489 1471; x_wconf 83' lang='lat' dir='ltr'>de</span> <span class='ocrx_word' id='word_1_189' title='bbox 2525 1414 2639 1472; x_wconf 85' lang='lat' dir='ltr'>Deo</span> <span class='ocrx_word' id='word_1_190' title='bbox 2671 1422 2722 1471; x_wconf 80' lang='lat' dir='ltr'>et</span> <span class='ocrx_word' id='word_1_191' title='bbox 2751 1434 2826 1473; x_wconf 79' lang='lat' dir='ltr'>ss.</span> <span class='ocrx_word' id='word_1_192' title='bbox 2867 1417 3169 1489; x_wconf 74' lang='lat' dir='ltr'>Trt&#39;nitatc,</span> <span class='ocrx_word' id='word_1_193' title='bbox 3201 1415 3267 1471; x_wconf 80' lang='lat' dir='ltr'>de</span> 
     </span>
     <span class='ocr_line' id='line_1_24' title="bbox 1985 1504 3267 1579; baseline 0.002 -18"><span class='ocrx_word' id='word_1_194' title='bbox 1985 1505 2202 1579; x_wconf 74' lang='lat' dir='ltr'>anyelis</span> <span class='ocrx_word' id='word_1_195' title='bbox 2221 1511 2269 1560; x_wconf 85' lang='lat' dir='ltr'>et</span> <span class='ocrx_word' id='word_1_196' title='bbox 2285 1521 2451 1576; x_wconf 81' lang='lat' dir='ltr'>opere</span> <span class='ocrx_word' id='word_1_197' title='bbox 2464 1521 2563 1560; x_wconf 76' lang='lat' dir='ltr'>sex</span> <span class='ocrx_word' id='word_1_198' title='bbox 2576 1505 2822 1579; x_wconf 78' lang='lat' dir='ltr'>dierum,</span> <span class='ocrx_word' id='word_1_199' title='bbox 2842 1504 3060 1562; x_wconf 86' lang='lat' dir='ltr'>Romae</span> <span class='ocrx_word' id='word_1_200' title='bbox 3089 1515 3109 1566; x_wconf 98' lang='lat' dir='ltr'>l</span> <span class='ocrx_word' id='word_1_201' title='bbox 3125 1513 3160 1565; x_wconf 91' lang='grc'><strong>6</strong></span> <span class='ocrx_word' id='word_1_202' title='bbox 3171 1513 3267 1571; x_wconf 90' lang='grc'>32;</span> 
     </span>
     <span class='ocr_line' id='line_1_25' title="bbox 1983 1592 3267 1667; baseline -0.001 -17"><span class='ocrx_word' id='word_1_203' title='bbox 1983 1595 2053 1650; x_wconf 81' lang='lat' dir='ltr'>de</span> <span class='ocrx_word' id='word_1_204' title='bbox 2085 1594 2497 1667; x_wconf 79' lang='lat' dir='ltr'>incarnatione,</span> <span class='ocrx_word' id='word_1_205' title='bbox 2534 1592 2610 1649; x_wconf 92' lang='lat' dir='ltr'>ib.</span> <span class='ocrx_word' id='word_1_206' title='bbox 2652 1601 2815 1655; x_wconf 88' lang='lat'><strong>1633</strong></span> <span class='ocrx_word' id='word_1_207' title='bbox 2852 1593 2915 1650; x_wconf 90' lang='lat' dir='ltr'>in</span> <span class='ocrx_word' id='word_1_208' title='bbox 2940 1603 3013 1660; x_wconf 82' lang='lat'>43</span> <span class='ocrx_word' id='word_1_209' title='bbox 3047 1593 3267 1651; x_wconf 87' lang='lat' dir='ltr'>iterum</span> 
     </span>
     <span class='ocr_line' id='line_1_26' title="bbox 1982 1679 3270 1750; baseline -0.001 -11"><span class='ocrx_word' id='word_1_210' title='bbox 1982 1682 2042 1739; x_wconf 89' lang='lat' dir='ltr'>in</span> <span class='ocrx_word' id='word_1_211' title='bbox 2074 1679 2113 1744; x_wconf 83' lang='lat' dir='ltr'>f.</span> <span class='ocrx_word' id='word_1_212' title='bbox 2154 1690 2354 1750; x_wconf 81' lang='lat'>16373</span> <span class='ocrx_word' id='word_1_213' title='bbox 2415 1690 2578 1743; x_wconf 84' lang='lat'>1642</span> <span class='ocrx_word' id='word_1_214' title='bbox 2617 1699 2758 1739; x_wconf 86' lang='lat' dir='ltr'>eura</span> <span class='ocrx_word' id='word_1_215' title='bbox 2789 1681 3095 1739; x_wconf 89' lang='lat' dir='ltr'>Nicolai</span> <span class='ocrx_word' id='word_1_216' title='bbox 3130 1681 3270 1739; x_wconf 89' lang='lat' dir='ltr'>Ore-</span> 
     </span>
     <span class='ocr_line' id='line_1_27' title="bbox 1983 1769 3275 1846; baseline 0 -19"><span class='ocrx_word' id='word_1_217' title='bbox 1983 1770 2065 1846; x_wconf 90' lang='lat' dir='ltr'>gii</span> <span class='ocrx_word' id='word_1_218' title='bbox 2097 1771 2223 1845; x_wconf 90' lang='lat' dir='ltr'>ejus</span> <span class='ocrx_word' id='word_1_219' title='bbox 2256 1769 2512 1846; x_wconf 82' lang='lat' dir='ltr'>cognati,</span> <span class='ocrx_word' id='word_1_220' title='bbox 2560 1770 2623 1827; x_wconf 90' lang='lat' dir='ltr'>in</span> <span class='ocrx_word' id='word_1_221' title='bbox 2654 1789 2773 1843; x_wconf 87' lang='lat' dir='ltr'>qua</span> <span class='ocrx_word' id='word_1_222' title='bbox 2803 1769 2942 1831; x_wconf 88' lang='lat' dir='ltr'>edit.</span> <span class='ocrx_word' id='word_1_223' title='bbox 2974 1770 3275 1846; x_wconf 84' lang='lat' dir='ltr'>reperitur</span> 
     </span>
     <span class='ocr_line' id='line_1_28' title="bbox 1983 1859 3273 1934; baseline 0 -18"><span class='ocrx_word' id='word_1_224' title='bbox 1983 1859 2162 1916; x_wconf 90' lang='lat' dir='ltr'>etiam</span> <span class='ocrx_word' id='word_1_225' title='bbox 2226 1860 2615 1933; x_wconf 76' lang='lat' dir='ltr'>metaphysica</span> <span class='ocrx_word' id='word_1_226' title='bbox 2664 1863 2725 1916; x_wconf 89' lang='lat' dir='ltr'>et</span> <span class='ocrx_word' id='word_1_227' title='bbox 2774 1863 2844 1916; x_wconf 88' lang='lat' dir='ltr'>tr.</span> <span class='ocrx_word' id='word_1_228' title='bbox 2898 1859 2966 1916; x_wconf 83' lang='lat' dir='ltr'>de</span> <span class='ocrx_word' id='word_1_229' title='bbox 3007 1862 3273 1934; x_wconf 76' lang='lat' dir='ltr'>peccatis.</span> 
     </span>
     <span class='ocr_line' id='line_1_29' title="bbox 1983 1947 3269 2023; baseline -0.001 -17"><span class='ocrx_word' id='word_1_230' title='bbox 1983 1949 2223 2006; x_wconf 84' lang='lat' dir='ltr'>Summa</span> <span class='ocrx_word' id='word_1_231' title='bbox 2268 1948 2576 2023; x_wconf 75' lang='lat' dir='ltr'>theoloyica</span> <span class='ocrx_word' id='word_1_232' title='bbox 2621 1947 2683 2005; x_wconf 88' lang='lat' dir='ltr'>in</span> <span class='ocrx_word' id='word_1_233' title='bbox 2714 1947 2794 2005; x_wconf 91' lang='lat' dir='ltr'>IV</span> <span class='ocrx_word' id='word_1_234' title='bbox 2841 1947 3035 2005; x_wconf 84' lang='lat' dir='ltr'>divisa</span> <span class='ocrx_word' id='word_1_235' title='bbox 3064 1951 3161 2016; x_wconf 66' lang='lat' dir='ltr'>tr„</span> <span class='ocrx_word' id='word_1_236' title='bbox 3208 1948 3269 2005; x_wconf 94' lang='lat' dir='ltr'>in</span> 
     </span>
     <span class='ocr_line' id='line_1_30' title="bbox 1982 2035 3271 2111; baseline -0.001 -16"><span class='ocrx_word' id='word_1_237' title='bbox 1982 2055 2237 2111; x_wconf 92' lang='lat' dir='ltr'>quorum</span> <span class='ocrx_word' id='word_1_238' title='bbox 2273 2045 2327 2097; x_wconf 84' lang='lat'>2.</span> <span class='ocrx_word' id='word_1_239' title='bbox 2359 2036 2631 2111; x_wconf 79' lang='lat' dir='ltr'>disputat</span> <span class='ocrx_word' id='word_1_240' title='bbox 2681 2035 2753 2093; x_wconf 89' lang='lat' dir='ltr'>de</span> <span class='ocrx_word' id='word_1_241' title='bbox 2802 2037 3130 2095; x_wconf 85' lang='lat' dir='ltr'>hierarchia</span> <span class='ocrx_word' id='word_1_242' title='bbox 3179 2055 3271 2094; x_wconf 87' lang='lat' dir='ltr'>ec·</span> 
     </span>
     <span class='ocr_line' id='line_1_31' title="bbox 1982 2124 3268 2200; baseline 0 -17"><span class='ocrx_word' id='word_1_243' title='bbox 1982 2126 2323 2194; x_wconf 86' lang='lat' dir='ltr'>clesiastica‚</span> <span class='ocrx_word' id='word_1_244' title='bbox 2360 2125 2463 2182; x_wconf 90' lang='lat' dir='ltr'>ubi</span> <span class='ocrx_word' id='word_1_245' title='bbox 2496 2124 2567 2183; x_wconf 87' lang='lat' dir='ltr'>de</span> <span class='ocrx_word' id='word_1_246' title='bbox 2601 2141 2831 2182; x_wconf 87' lang='lat' dir='ltr'>summo</span> <span class='ocrx_word' id='word_1_247' title='bbox 2864 2125 3142 2200; x_wconf 87' lang='lat' dir='ltr'>pontifice</span> <span class='ocrx_word' id='word_1_248' title='bbox 3175 2143 3268 2183; x_wconf 85' lang='lat' dir='ltr'>so-</span> 
     </span>
    </p>
   </div>
   <div class='ocr_carea' id='block_1_5' title="bbox 631 2213 3273 3628">
    <p class='ocr_par' dir='ltr' id='par_1_5' title="bbox 635 2213 3269 2468">
     <span class='ocr_line' id='line_1_32' title="bbox 639 2213 3269 2291; baseline 0.001 -21"><span class='ocrx_word' id='word_1_249' title='bbox 639 2229 868 2288; x_wconf 89' lang='lat' dir='ltr'>semper</span> <span class='ocrx_word' id='word_1_250' title='bbox 915 2214 1209 2288; x_wconf 83' lang='lat' dir='ltr'>promovit</span> <span class='ocrx_word' id='word_1_251' title='bbox 1254 2234 1517 2286; x_wconf 88' lang='lat' dir='ltr'>munera,</span> <span class='ocrx_word' id='word_1_252' title='bbox 1565 2216 1925 2291; x_wconf 86' lang='lat' dir='ltr'>tandemque</span> <span class='ocrx_word' id='word_1_253' title='bbox 1982 2215 2098 2273; x_wconf 91' lang='lat' dir='ltr'>lide</span> <span class='ocrx_word' id='word_1_254' title='bbox 2130 2214 2506 2289; x_wconf 88' lang='lat' dir='ltr'>dilucideque</span> <span class='ocrx_word' id='word_1_255' title='bbox 2556 2213 2670 2272; x_wconf 86' lang='lat' dir='ltr'>etsi</span> <span class='ocrx_word' id='word_1_256' title='bbox 2703 2214 3114 2289; x_wconf 87' lang='lat' dir='ltr'>compendiose</span> <span class='ocrx_word' id='word_1_257' title='bbox 3146 2215 3269 2272; x_wconf 92' lang='lat' dir='ltr'>dis-</span> 
     </span>
     <span class='ocr_line' id='line_1_33' title="bbox 636 2300 3269 2380; baseline 0.001 -22"><span class='ocrx_word' id='word_1_258' title='bbox 636 2300 812 2360; x_wconf 91' lang='lat' dir='ltr'>illum</span> <span class='ocrx_word' id='word_1_259' title='bbox 861 2302 1256 2360; x_wconf 87' lang='lat' dir='ltr'>cardinalatus</span> <span class='ocrx_word' id='word_1_260' title='bbox 1307 2307 1485 2379; x_wconf 88' lang='lat' dir='ltr'>atque</span> <span class='ocrx_word' id='word_1_261' title='bbox 1536 2305 1923 2380; x_wconf 87' lang='lat' dir='ltr'>archiepisco·</span> <span class='ocrx_word' id='word_1_262' title='bbox 1982 2302 2143 2361; x_wconf 86' lang='lat' dir='ltr'>serit.</span> <span class='ocrx_word' id='word_1_263' title='bbox 2181 2303 2342 2362; x_wconf 85' lang='lat' dir='ltr'>Hanc</span> <span class='ocrx_word' id='word_1_264' title='bbox 2374 2322 2429 2376; x_wconf 83' lang='lat' dir='ltr'>p.</span> <span class='ocrx_word' id='word_1_265' title='bbox 2463 2302 2701 2361; x_wconf 86' lang='lat' dir='ltr'>exhibet</span> <span class='ocrx_word' id='word_1_266' title='bbox 2717 2303 3023 2361; x_wconf 83' lang='lat' dir='ltr'>Rocaberti</span> <span class='ocrx_word' id='word_1_267' title='bbox 3040 2304 3104 2360; x_wconf 90' lang='lat' dir='ltr'>in</span> <span class='ocrx_word' id='word_1_268' title='bbox 3122 2304 3269 2361; x_wconf 88' lang='lat' dir='ltr'>bibl.</span> 
     </span>
     <span class='ocr_line' id='line_1_34' title="bbox 635 2391 2687 2468; baseline 0.003 -20"><span class='ocrx_word' id='word_1_269' title='bbox 635 2393 812 2463; x_wconf 84' lang='lat' dir='ltr'>patus</span> <span class='ocrx_word' id='word_1_270' title='bbox 873 2391 1270 2450; x_wconf 81' lang='lat' dir='ltr'>beneventani</span> <span class='ocrx_word' id='word_1_271' title='bbox 1332 2393 1629 2468; x_wconf 82' lang='lat' dir='ltr'>dignitate</span> <span class='ocrx_word' id='word_1_272' title='bbox 1690 2394 1923 2452; x_wconf 81' lang='lat' dir='ltr'>ornavit</span> <span class='ocrx_word' id='word_1_273' title='bbox 1982 2396 2143 2468; x_wconf 86' lang='lat' dir='ltr'>pont.</span> <span class='ocrx_word' id='word_1_274' title='bbox 2179 2391 2275 2461; x_wconf 82' lang='lat' dir='ltr'>lv,</span> <span class='ocrx_word' id='word_1_275' title='bbox 2314 2400 2687 2455; x_wconf 83' lang='grc'><strong>629-651,</strong></span> 
     </span>
    </p>

    <p class='ocr_par' dir='ltr' id='par_1_6' title="bbox 638 2473 1924 2559">
     <span class='ocr_line' id='line_1_35' title="bbox 638 2473 1924 2559; baseline 0 -20"><span class='ocrx_word' id='word_1_276' title='bbox 638 2473 767 2559; x_wconf 86' lang='grc'><strong>(28.</strong></span> <span class='ocrx_word' id='word_1_277' title='bbox 799 2479 933 2537; x_wconf 90' lang='lat' dir='ltr'>Dec.</span> <span class='ocrx_word' id='word_1_278' title='bbox 975 2478 1183 2559; x_wconf 87' lang='grc'><strong>1633).</strong></span> <span class='ocrx_word' id='word_1_279' title='bbox 1246 2483 1499 2556; x_wconf 87' lang='lat' dir='ltr'>Accepto</span> <span class='ocrx_word' id='word_1_280' title='bbox 1545 2482 1827 2557; x_wconf 85' lang='lat' dir='ltr'>proximis</span> <span class='ocrx_word' id='word_1_281' title='bbox 1862 2483 1924 2540; x_wconf 89' lang='lat' dir='ltr'>in</span> 
     </span>
    </p>

    <p class='ocr_par' dir='ltr' id='par_1_7' title="bbox 631 2566 3273 3628">
     <span class='ocr_line' id='line_1_36' title="bbox 635 2566 3267 2646; baseline 0.001 -21"><span class='ocrx_word' id='word_1_282' title='bbox 635 2566 881 2627; x_wconf 87' lang='lat' dir='ltr'>aedibus</span> <span class='ocrx_word' id='word_1_283' title='bbox 927 2586 1111 2627; x_wconf 86' lang='lat' dir='ltr'>novae</span> <span class='ocrx_word' id='word_1_284' title='bbox 1159 2569 1468 2644; x_wconf 87' lang='lat' dir='ltr'>dignitatis</span> <span class='ocrx_word' id='word_1_285' title='bbox 1499 2571 1716 2630; x_wconf 91' lang='lat' dir='ltr'>nuncio</span> <span class='ocrx_word' id='word_1_286' title='bbox 1750 2572 1923 2630; x_wconf 90' lang='lat' dir='ltr'>insti·</span> <span class='ocrx_word' id='word_1_287' title='bbox 2103 2578 2245 2632; x_wconf 71' lang='lat'>284.</span> <span class='ocrx_word' id='word_1_288' title='bbox 2311 2568 2869 2629; x_wconf 85' lang='lat' dir='ltr'>Praedestinationis</span> <span class='ocrx_word' id='word_1_289' title='bbox 2920 2570 3267 2646; x_wconf 82' lang='lat' dir='ltr'>mysterium</span> 
     </span>
     <span class='ocr_line' id='line_1_37' title="bbox 633 2657 3268 2735; baseline 0.001 -22"><span class='ocrx_word' id='word_1_290' title='bbox 633 2659 829 2715; x_wconf 87' lang='lat' dir='ltr'>tutam</span> <span class='ocrx_word' id='word_1_291' title='bbox 862 2678 993 2714; x_wconf 84' lang='lat' dir='ltr'>cum</span> <span class='ocrx_word' id='word_1_292' title='bbox 1029 2657 1271 2716; x_wconf 85' lang='lat' dir='ltr'>Caesare</span> <span class='ocrx_word' id='word_1_293' title='bbox 1304 2660 1542 2719; x_wconf 92' lang='lat' dir='ltr'>aBosco</span> <span class='ocrx_word' id='word_1_294' title='bbox 1578 2660 1632 2719; x_wconf 90' lang='lat' dir='ltr'>S.</span> <span class='ocrx_word' id='word_1_295' title='bbox 1667 2660 1720 2718; x_wconf 86' lang='lat' dir='ltr'>J.</span> <span class='ocrx_word' id='word_1_296' title='bbox 1755 2662 1922 2721; x_wconf 89' lang='lat' dir='ltr'>theo·</span> <span class='ocrx_word' id='word_1_297' title='bbox 1979 2659 2288 2734; x_wconf 88' lang='lat' dir='ltr'>ingenium</span> <span class='ocrx_word' id='word_1_298' title='bbox 2340 2659 2601 2717; x_wconf 82' lang='lat' dir='ltr'>exercuit</span> <span class='ocrx_word' id='word_1_299' title='bbox 2651 2659 2931 2735; x_wconf 84' lang='lat' dir='ltr'>Cypriani</span> <span class='ocrx_word' id='word_1_300' title='bbox 2983 2660 3173 2717; x_wconf 82' lang='lat' dir='ltr'>Masi</span> <span class='ocrx_word' id='word_1_301' title='bbox 3206 2659 3268 2717; x_wconf 92' lang='grc' dir='ltr'>Ο.</span> 
     </span>
     <span class='ocr_line' id='line_1_38' title="bbox 634 2745 3270 2824; baseline 0.002 -24"><span class='ocrx_word' id='word_1_302' title='bbox 634 2745 770 2820; x_wconf 92' lang='lat' dir='ltr'>logo</span> <span class='ocrx_word' id='word_1_303' title='bbox 787 2745 1250 2819; x_wconf 88' lang='lat' dir='ltr'>disputationem</span> <span class='ocrx_word' id='word_1_304' title='bbox 1271 2746 1705 2822; x_wconf 86' lang='lat' dir='ltr'>interrumpere</span> <span class='ocrx_word' id='word_1_305' title='bbox 1726 2750 1924 2807; x_wconf 88' lang='lat' dir='ltr'>noluit</span> <span class='ocrx_word' id='word_1_306' title='bbox 1982 2749 2035 2806; x_wconf 87' lang='lat' dir='ltr'>S.</span> <span class='ocrx_word' id='word_1_307' title='bbox 2069 2749 2222 2824; x_wconf 91' lang='lat' dir='ltr'>Aug.</span> <span class='ocrx_word' id='word_1_308' title='bbox 2255 2748 2601 2817; x_wconf 85' lang='lat' dir='ltr'>Florentini,</span> <span class='ocrx_word' id='word_1_309' title='bbox 2637 2755 2707 2805; x_wconf 88' lang='lat' dir='ltr'>ut</span> <span class='ocrx_word' id='word_1_310' title='bbox 2738 2749 2949 2823; x_wconf 88' lang='lat' dir='ltr'>probat</span> <span class='ocrx_word' id='word_1_311' title='bbox 2981 2752 3111 2822; x_wconf 89' lang='lat' dir='ltr'>ejus</span> <span class='ocrx_word' id='word_1_312' title='bbox 3132 2749 3270 2805; x_wconf 69' lang='lat' dir='ltr'>Dis·</span> 
     </span>
     <span class='ocr_line' id='line_1_39' title="bbox 637 2832 3273 2914; baseline 0.001 -24"><span class='ocrx_word' id='word_1_313' title='bbox 637 2832 903 2908; x_wconf 66' lang='lat' dir='ltr'>mogins,</span> <span class='ocrx_word' id='word_1_314' title='bbox 940 2833 1041 2891; x_wconf 91' lang='lat' dir='ltr'>sed</span> <span class='ocrx_word' id='word_1_315' title='bbox 1076 2834 1138 2891; x_wconf 92' lang='lat' dir='ltr'>in</span> <span class='ocrx_word' id='word_1_316' title='bbox 1170 2834 1371 2893; x_wconf 91' lang='lat' dir='ltr'>eodem</span> <span class='ocrx_word' id='word_1_317' title='bbox 1405 2836 1512 2894; x_wconf 93' lang='lat' dir='ltr'>loci</span> <span class='ocrx_word' id='word_1_318' title='bbox 1544 2838 1799 2914; x_wconf 75' lang='lat' dir='ltr'>vestigio</span> <span class='ocrx_word' id='word_1_319' title='bbox 1821 2840 1922 2896; x_wconf 91' lang='lat' dir='ltr'>ha·</span> <span class='ocrx_word' id='word_1_320' title='bbox 1974 2839 2203 2911; x_wconf 81' lang='lat' dir='ltr'>putatio</span> <span class='ocrx_word' id='word_1_321' title='bbox 2238 2838 2307 2894; x_wconf 83' lang='lat' dir='ltr'>de</span> <span class='ocrx_word' id='word_1_322' title='bbox 2334 2837 2880 2911; x_wconf 79' lang='lat' dir='ltr'>praedestinationis</span> <span class='ocrx_word' id='word_1_323' title='bbox 2912 2844 2961 2894; x_wconf 86' lang='lat' dir='ltr'>et</span> <span class='ocrx_word' id='word_1_324' title='bbox 2992 2838 3273 2911; x_wconf 79' lang='lat' dir='ltr'>reproba-</span> 
     </span>
     <span class='ocr_line' id='line_1_40' title="bbox 634 2921 3267 3001; baseline 0.002 -24"><span class='ocrx_word' id='word_1_325' title='bbox 634 2921 885 2996; x_wconf 87' lang='lat' dir='ltr'>bituque</span> <span class='ocrx_word' id='word_1_326' title='bbox 917 2923 1033 2979; x_wconf 89' lang='lat' dir='ltr'>oris</span> <span class='ocrx_word' id='word_1_327' title='bbox 1079 2922 1320 2981; x_wconf 85' lang='lat' dir='ltr'>eandem</span> <span class='ocrx_word' id='word_1_328' title='bbox 1368 2944 1475 3000; x_wconf 93' lang='lat' dir='ltr'>per</span> <span class='ocrx_word' id='word_1_329' title='bbox 1520 2925 1697 2985; x_wconf 90' lang='lat' dir='ltr'>horae</span> <span class='ocrx_word' id='word_1_330' title='bbox 1741 2928 1924 2985; x_wconf 78' lang='lat' dir='ltr'>ferme</span> <span class='ocrx_word' id='word_1_331' title='bbox 1980 2927 2153 2983; x_wconf 78' lang='lat' dir='ltr'>tionis</span> <span class='ocrx_word' id='word_1_332' title='bbox 2187 2928 2452 3001; x_wconf 77' lang='lat' dir='ltr'>mysterio</span> <span class='ocrx_word' id='word_1_333' title='bbox 2477 2927 2654 3000; x_wconf 83' lang='lat' dir='ltr'>juxta</span> <span class='ocrx_word' id='word_1_334' title='bbox 2685 2936 2946 2984; x_wconf 90' lang='lat' dir='ltr'>mentem</span> <span class='ocrx_word' id='word_1_335' title='bbox 2979 2944 3022 2984; x_wconf 89' lang='grc'><strong>3.</strong></span> <span class='ocrx_word' id='word_1_336' title='bbox 3061 2927 3120 2983; x_wconf 91' lang='lat' dir='ltr'>P.</span> <span class='ocrx_word' id='word_1_337' title='bbox 3143 2927 3267 2983; x_wconf 86' lang='lat' dir='ltr'>Au·</span> 
     </span>
     <span class='ocr_line' id='line_1_41' title="bbox 636 3010 3270 3090; baseline 0.003 -25"><span class='ocrx_word' id='word_1_338' title='bbox 636 3010 895 3084; x_wconf 86' lang='lat' dir='ltr'>spatium</span> <span class='ocrx_word' id='word_1_339' title='bbox 927 3010 1048 3069; x_wconf 88' lang='lat' dir='ltr'>alta</span> <span class='ocrx_word' id='word_1_340' title='bbox 1081 3030 1215 3069; x_wconf 91' lang='lat' dir='ltr'>cum</span> <span class='ocrx_word' id='word_1_341' title='bbox 1249 3013 1433 3071; x_wconf 88' lang='lat' dir='ltr'>animi</span> <span class='ocrx_word' id='word_1_342' title='bbox 1467 3034 1608 3089; x_wconf 85' lang='lat' dir='ltr'>pace</span> <span class='ocrx_word' id='word_1_343' title='bbox 1642 3034 1919 3090; x_wconf 89' lang='lat' dir='ltr'>prosecu-</span> <span class='ocrx_word' id='word_1_344' title='bbox 1979 3014 2211 3089; x_wconf 88' lang='lat' dir='ltr'>gustini</span> <span class='ocrx_word' id='word_1_345' title='bbox 2262 3018 2324 3073; x_wconf 90' lang='lat' dir='ltr'>et</span> <span class='ocrx_word' id='word_1_346' title='bbox 2374 3015 2426 3070; x_wconf 86' lang='lat' dir='ltr'>d.</span> <span class='ocrx_word' id='word_1_347' title='bbox 2479 3014 2730 3072; x_wconf 85' lang='lat' dir='ltr'>Thomae</span> <span class='ocrx_word' id='word_1_348' title='bbox 2779 3033 2848 3072; x_wconf 83' lang='lat' dir='ltr'>ex</span> <span class='ocrx_word' id='word_1_349' title='bbox 2881 3014 3113 3090; x_wconf 88' lang='lat' dir='ltr'>Aegidii</span> <span class='ocrx_word' id='word_1_350' title='bbox 3165 3015 3270 3072; x_wconf 92' lang='lat' dir='ltr'>Co·</span> 
     </span>
     <span class='ocr_line' id='line_1_42' title="bbox 634 3092 3271 3179; baseline 0.002 -24"><span class='ocrx_word' id='word_1_351' title='bbox 634 3092 735 3156; x_wconf 86' lang='lat' dir='ltr'>tus</span> <span class='ocrx_word' id='word_1_352' title='bbox 768 3102 872 3168; x_wconf 86' lang='lat' dir='ltr'>est,</span> <span class='ocrx_word' id='word_1_353' title='bbox 908 3100 1050 3158; x_wconf 90' lang='lat' dir='ltr'>adeo</span> <span class='ocrx_word' id='word_1_354' title='bbox 1095 3104 1226 3159; x_wconf 90' lang='lat' dir='ltr'>erat</span> <span class='ocrx_word' id='word_1_355' title='bbox 1270 3102 1359 3158; x_wconf 91' lang='lat' dir='ltr'>illi</span> <span class='ocrx_word' id='word_1_356' title='bbox 1412 3104 1729 3178; x_wconf 89' lang='lat' dir='ltr'>pretiosior</span> <span class='ocrx_word' id='word_1_357' title='bbox 1765 3105 1921 3179; x_wconf 86' lang='lat' dir='ltr'>sapi·</span> <span class='ocrx_word' id='word_1_358' title='bbox 1979 3102 2193 3160; x_wconf 88' lang='lat' dir='ltr'>lumnii</span> <span class='ocrx_word' id='word_1_359' title='bbox 2229 3103 2542 3171; x_wconf 81' lang='lat' dir='ltr'>sententia,</span> <span class='ocrx_word' id='word_1_360' title='bbox 2588 3103 2739 3161; x_wconf 80' lang='lat' dir='ltr'>Pisis</span> <span class='ocrx_word' id='word_1_361' title='bbox 2784 3106 2968 3164; x_wconf 83' lang='lat'>1621.</span> <span class='ocrx_word' id='word_1_362' title='bbox 3002 3137 3090 3148; x_wconf 88' lang='lat'>-—</span> <span class='ocrx_word' id='word_1_363' title='bbox 3122 3103 3271 3177; x_wconf 87' lang='lat' dir='ltr'>Ejus</span> 
     </span>
     <span class='ocr_line' id='line_1_43' title="bbox 635 3188 3271 3266; baseline 0.002 -22"><span class='ocrx_word' id='word_1_364' title='bbox 635 3188 830 3245; x_wconf 91' lang='lat' dir='ltr'>entiae</span> <span class='ocrx_word' id='word_1_365' title='bbox 863 3206 1006 3246; x_wconf 89' lang='lat' dir='ltr'>cura</span> <span class='ocrx_word' id='word_1_366' title='bbox 1038 3208 1214 3264; x_wconf 89' lang='lat' dir='ltr'>quam</span> <span class='ocrx_word' id='word_1_367' title='bbox 1249 3210 1567 3266; x_wconf 85' lang='lat' dir='ltr'>purpurae.</span> <span class='ocrx_word' id='word_1_368' title='bbox 1600 3193 1924 3250; x_wconf 81' lang='lat' dir='ltr'>cardinalis</span> <span class='ocrx_word' id='word_1_369' title='bbox 1980 3192 2199 3249; x_wconf 85' lang='lat' dir='ltr'>sodalis</span> <span class='ocrx_word' id='word_1_370' title='bbox 2223 3192 2501 3250; x_wconf 88' lang='lat' dir='ltr'>Nicolaus</span> <span class='ocrx_word' id='word_1_371' title='bbox 2532 3192 2603 3249; x_wconf 90' lang='lat' dir='ltr'>de</span> <span class='ocrx_word' id='word_1_372' title='bbox 2641 3192 2936 3250; x_wconf 88' lang='lat' dir='ltr'>Grachis</span> <span class='ocrx_word' id='word_1_373' title='bbox 2969 3192 3271 3250; x_wconf 83' lang='lat' dir='ltr'>Romanus</span> 
     </span>
     <span class='ocr_line' id='line_1_44' title="bbox 633 3276 3269 3361; baseline 0.002 -28"><span class='ocrx_word' id='word_1_374' title='bbox 633 3276 836 3351; x_wconf 86' lang='lat' dir='ltr'>itaque</span> <span class='ocrx_word' id='word_1_375' title='bbox 868 3282 1099 3336; x_wconf 87' lang='lat' dir='ltr'>creatus</span> <span class='ocrx_word' id='word_1_376' title='bbox 1133 3278 1427 3338; x_wconf 85' lang='lat' dir='ltr'>dictandis</span> <span class='ocrx_word' id='word_1_377' title='bbox 1461 3284 1531 3339; x_wconf 91' lang='lat' dir='ltr'>ut</span> <span class='ocrx_word' id='word_1_378' title='bbox 1561 3285 1736 3339; x_wconf 88' lang='lat' dir='ltr'>antea</span> <span class='ocrx_word' id='word_1_379' title='bbox 1757 3282 1923 3341; x_wconf 90' lang='lat' dir='ltr'>theo·</span> <span class='ocrx_word' id='word_1_380' title='bbox 1980 3280 2072 3337; x_wconf 79' lang='lat' dir='ltr'>vir</span> <span class='ocrx_word' id='word_1_381' title='bbox 2092 3281 2301 3338; x_wconf 88' lang='lat' dir='ltr'>doctus</span> <span class='ocrx_word' id='word_1_382' title='bbox 2338 3278 2398 3360; x_wconf 89' lang='lat'>(†</span> <span class='ocrx_word' id='word_1_383' title='bbox 2440 3276 2630 3361; x_wconf 88' lang='lat'>1633)</span> <span class='ocrx_word' id='word_1_384' title='bbox 2666 3284 2874 3338; x_wconf 85' lang='lat' dir='ltr'>auctor</span> <span class='ocrx_word' id='word_1_385' title='bbox 2906 3286 2997 3338; x_wconf 88' lang='lat' dir='ltr'>est</span> <span class='ocrx_word' id='word_1_386' title='bbox 3027 3281 3067 3343; x_wconf 90' lang='lat' dir='ltr'>l.</span> <span class='ocrx_word' id='word_1_387' title='bbox 3102 3282 3269 3338; x_wconf 82' lang='lat' dir='ltr'>Gem-</span> 
     </span>
     <span class='ocr_line' id='line_1_45' title="bbox 635 3366 3270 3445; baseline 0.002 -22"><span class='ocrx_word' id='word_1_388' title='bbox 635 3366 824 3442; x_wconf 88' lang='lat' dir='ltr'>logiae</span> <span class='ocrx_word' id='word_1_389' title='bbox 858 3368 1300 3426; x_wconf 86' lang='lat' dir='ltr'>commentariis</span> <span class='ocrx_word' id='word_1_390' title='bbox 1335 3371 1716 3428; x_wconf 85' lang='lat' dir='ltr'>antelucanas</span> <span class='ocrx_word' id='word_1_391' title='bbox 1752 3371 1923 3429; x_wconf 88' lang='lat' dir='ltr'>horas</span> <span class='ocrx_word' id='word_1_392' title='bbox 1980 3388 2077 3426; x_wconf 85' lang='lat' dir='ltr'>ma</span> <span class='ocrx_word' id='word_1_393' title='bbox 2106 3371 2519 3427; x_wconf 75' lang='lat' dir='ltr'>sententiarum</span> <span class='ocrx_word' id='word_1_394' title='bbox 2549 3371 2604 3432; x_wconf 83' lang='lat' dir='ltr'>d.</span> <span class='ocrx_word' id='word_1_395' title='bbox 2637 3371 2954 3445; x_wconf 75' lang='lat' dir='ltr'>Auqustini</span> <span class='ocrx_word' id='word_1_396' title='bbox 2999 3370 3067 3427; x_wconf 84' lang='lat' dir='ltr'>de</span> <span class='ocrx_word' id='word_1_397' title='bbox 3098 3372 3270 3427; x_wconf 70' lang='lat' dir='ltr'>auxi-</span> 
     </span>
     <span class='ocr_line' id='line_1_46' title="bbox 631 3455 3269 3534; baseline 0.002 -23"><span class='ocrx_word' id='word_1_398' title='bbox 631 3458 702 3512; x_wconf 87' lang='lat' dir='ltr'>ut</span> <span class='ocrx_word' id='word_1_399' title='bbox 733 3455 1046 3515; x_wconf 87' lang='lat' dir='ltr'>minimum</span> <span class='ocrx_word' id='word_1_400' title='bbox 1078 3457 1256 3515; x_wconf 84' lang='lat' dir='ltr'>duas:</span> <span class='ocrx_word' id='word_1_401' title='bbox 1299 3459 1600 3532; x_wconf 88' lang='lat' dir='ltr'>reliquum</span> <span class='ocrx_word' id='word_1_402' title='bbox 1632 3459 1924 3534; x_wconf 83' lang='lat' dir='ltr'>temporis</span> <span class='ocrx_word' id='word_1_403' title='bbox 1980 3459 2075 3515; x_wconf 75' lang='lat' dir='ltr'>liis</span> <span class='ocrx_word' id='word_1_404' title='bbox 2088 3460 2331 3533; x_wconf 67' lang='lat' dir='ltr'>ytaliae,</span> <span class='ocrx_word' id='word_1_405' title='bbox 2361 3458 2756 3521; x_wconf 66' lang='grc'><strong>110111001626</strong></span> <span class='ocrx_word' id='word_1_406' title='bbox 2782 3459 2914 3519; x_wconf 84' lang='grc'><strong>1114.</strong></span> <span class='ocrx_word' id='word_1_407' title='bbox 2937 3458 3041 3515; x_wconf 84' lang='lat' dir='ltr'>—J</span> <span class='ocrx_word' id='word_1_408' title='bbox 3048 3476 3269 3516; x_wconf 80' lang='lat' dir='ltr'>oannes</span> 
     </span>
     <span class='ocr_line' id='line_1_47' title="bbox 633 3544 3271 3628; baseline 0.002 -27"><span class='ocrx_word' id='word_1_409' title='bbox 633 3544 811 3602; x_wconf 88' lang='lat' dir='ltr'>sacris</span> <span class='ocrx_word' id='word_1_410' title='bbox 829 3546 1266 3619; x_wconf 87' lang='lat' dir='ltr'>precationibus</span> <span class='ocrx_word' id='word_1_411' title='bbox 1285 3547 1615 3622; x_wconf 85' lang='lat' dir='ltr'>pietatique</span> <span class='ocrx_word' id='word_1_412' title='bbox 1649 3553 1782 3606; x_wconf 88' lang='lat' dir='ltr'>tum</span> <span class='ocrx_word' id='word_1_413' title='bbox 1799 3548 1923 3623; x_wconf 92' lang='lat' dir='ltr'>pri·</span> <span class='ocrx_word' id='word_1_414' title='bbox 1982 3545 2315 3604; x_wconf 85' lang='lat' dir='ltr'>Matthaeus</span> <span class='ocrx_word' id='word_1_415' title='bbox 2362 3547 2444 3605; x_wconf 84' lang='lat' dir='ltr'>de</span> <span class='ocrx_word' id='word_1_416' title='bbox 2507 3548 2851 3622; x_wconf 86' lang='lat' dir='ltr'>Rispolis</span> <span class='ocrx_word' id='word_1_417' title='bbox 2899 3546 3009 3628; x_wconf 86' lang='lat' dir='ltr'>(ita</span> <span class='ocrx_word' id='word_1_418' title='bbox 3053 3565 3271 3623; x_wconf 91' lang='lat' dir='ltr'>cogno·</span> 
     </span>
    </p>
   </div>
   <div class='ocr_carea' id='block_1_6' title="bbox 634 3635 1926 4773">
    <p class='ocr_par' dir='ltr' id='par_1_8' title="bbox 634 3635 1926 4773">
     <span class='ocr_line' id='line_1_48' title="bbox 634 3635 1925 3710; baseline 0.004 -20"><span class='ocrx_word' id='word_1_419' title='bbox 634 3636 803 3691; x_wconf 79' lang='lat' dir='ltr'>vatae</span> <span class='ocrx_word' id='word_1_420' title='bbox 834 3636 966 3690; x_wconf 88' lang='lat' dir='ltr'>tum</span> <span class='ocrx_word' id='word_1_421' title='bbox 987 3635 1262 3709; x_wconf 88' lang='lat' dir='ltr'>publicae</span> <span class='ocrx_word' id='word_1_422' title='bbox 1283 3640 1462 3710; x_wconf 86' lang='lat' dir='ltr'>atque</span> <span class='ocrx_word' id='word_1_423' title='bbox 1480 3637 1770 3695; x_wconf 89' lang='lat' dir='ltr'>Ecclesiae</span> <span class='ocrx_word' id='word_1_424' title='bbox 1791 3656 1925 3695; x_wconf 89' lang='lat' dir='ltr'>mu-</span> 
     </span>
     <span class='ocr_line' id='line_1_49' title="bbox 635 3722 1924 3801; baseline 0.002 -21"><span class='ocrx_word' id='word_1_425' title='bbox 635 3722 882 3780; x_wconf 88' lang='lat' dir='ltr'>neribus</span> <span class='ocrx_word' id='word_1_426' title='bbox 896 3722 1290 3796; x_wconf 84' lang='lat' dir='ltr'>impendebat,</span> <span class='ocrx_word' id='word_1_427' title='bbox 1303 3723 1487 3782; x_wconf 89' lang='lat' dir='ltr'>Omne</span> <span class='ocrx_word' id='word_1_428' title='bbox 1500 3725 1924 3801; x_wconf 78' lang='lat' dir='ltr'>tempu8‚quod</span> 
     </span>
     <span class='ocr_line' id='line_1_50' title="bbox 636 3810 1921 3889; baseline 0.002 -22"><span class='ocrx_word' id='word_1_429' title='bbox 636 3828 755 3868; x_wconf 92' lang='lat' dir='ltr'>non</span> <span class='ocrx_word' id='word_1_430' title='bbox 787 3810 964 3867; x_wconf 90' lang='lat' dir='ltr'>rebus</span> <span class='ocrx_word' id='word_1_431' title='bbox 988 3812 1186 3879; x_wconf 89' lang='lat' dir='ltr'>sacris,</span> <span class='ocrx_word' id='word_1_432' title='bbox 1224 3816 1330 3871; x_wconf 92' lang='lat' dir='ltr'>aut</span> <span class='ocrx_word' id='word_1_433' title='bbox 1354 3812 1539 3871; x_wconf 85' lang='lat' dir='ltr'>literis</span> <span class='ocrx_word' id='word_1_434' title='bbox 1570 3814 1921 3889; x_wconf 90' lang='lat' dir='ltr'>impertiret,</span> 
     </span>
     <span class='ocr_line' id='line_1_51' title="bbox 639 3898 1924 3977; baseline 0.003 -23"><span class='ocrx_word' id='word_1_435' title='bbox 639 3898 829 3971; x_wconf 90' lang='lat' dir='ltr'>perire</span> <span class='ocrx_word' id='word_1_436' title='bbox 861 3898 1294 3957; x_wconf 88' lang='lat' dir='ltr'>arbitrabatur:</span> <span class='ocrx_word' id='word_1_437' title='bbox 1328 3902 1517 3958; x_wconf 87' lang='lat' dir='ltr'>somni</span> <span class='ocrx_word' id='word_1_438' title='bbox 1539 3920 1769 3977; x_wconf 90' lang='lat' dir='ltr'>semper</span> <span class='ocrx_word' id='word_1_439' title='bbox 1787 3921 1924 3977; x_wconf 87' lang='lat' dir='ltr'>par-</span> 
     </span>
     <span class='ocr_line' id='line_1_52' title="bbox 640 3985 1923 4060; baseline 0.004 -17"><span class='ocrx_word' id='word_1_440' title='bbox 640 3985 912 4043; x_wconf 90' lang='lat' dir='ltr'>cissimus</span> <span class='ocrx_word' id='word_1_441' title='bbox 933 3986 1007 4043; x_wconf 91' lang='lat' dir='ltr'>ad</span> <span class='ocrx_word' id='word_1_442' title='bbox 1026 3987 1313 4046; x_wconf 88' lang='lat' dir='ltr'>lectulum</span> <span class='ocrx_word' id='word_1_443' title='bbox 1334 3989 1633 4047; x_wconf 87' lang='lat' dir='ltr'>lucernam</span> <span class='ocrx_word' id='word_1_444' title='bbox 1649 3994 1709 4047; x_wconf 91' lang='lat' dir='ltr'>et</span> <span class='ocrx_word' id='word_1_445' title='bbox 1724 3991 1923 4060; x_wconf 83' lang='lat' dir='ltr'>libros,</span> 
     </span>
     <span class='ocr_line' id='line_1_53' title="bbox 639 4073 1924 4155; baseline 0.007 -27"><span class='ocrx_word' id='word_1_446' title='bbox 639 4073 709 4128; x_wconf 80' lang='lat' dir='ltr'>ad</span> <span class='ocrx_word' id='word_1_447' title='bbox 745 4091 1010 4132; x_wconf 88' lang='lat' dir='ltr'>mensam</span> <span class='ocrx_word' id='word_1_448' title='bbox 1051 4094 1186 4134; x_wconf 87' lang='lat' dir='ltr'>vero</span> <span class='ocrx_word' id='word_1_449' title='bbox 1232 4080 1536 4152; x_wconf 86' lang='lat' dir='ltr'>tamquam</span> <span class='ocrx_word' id='word_1_450' title='bbox 1580 4077 1924 4155; x_wconf 86' lang='lat' dir='ltr'>intelligen-</span> 
     </span>
     <span class='ocr_line' id='line_1_54' title="bbox 638 4161 1924 4241; baseline 0.007 -24"><span class='ocrx_word' id='word_1_451' title='bbox 638 4161 758 4218; x_wconf 88' lang='lat' dir='ltr'>tiae</span> <span class='ocrx_word' id='word_1_452' title='bbox 790 4181 998 4236; x_wconf 90' lang='lat' dir='ltr'>panem</span> <span class='ocrx_word' id='word_1_453' title='bbox 1031 4167 1090 4221; x_wconf 91' lang='lat' dir='ltr'>et</span> <span class='ocrx_word' id='word_1_454' title='bbox 1122 4164 1363 4222; x_wconf 81' lang='lat' dir='ltr'>verbum</span> <span class='ocrx_word' id='word_1_455' title='bbox 1399 4166 1555 4224; x_wconf 85' lang='lat' dir='ltr'>vitae</span> <span class='ocrx_word' id='word_1_456' title='bbox 1590 4167 1924 4241; x_wconf 60' lang='grc'><strong>3801111111-</strong></span> 
     </span>
     <span class='ocr_line' id='line_1_55' title="bbox 638 4249 1923 4315; baseline 0.005 -9"><span class='ocrx_word' id='word_1_457' title='bbox 638 4269 765 4307; x_wconf 85' lang='lat' dir='ltr'>ram</span> <span class='ocrx_word' id='word_1_458' title='bbox 815 4249 1102 4313; x_wconf 78' lang='lat' dir='ltr'>adhibuit.</span> <span class='ocrx_word' id='word_1_459' title='bbox 1184 4252 1254 4310; x_wconf 91' lang='lat' dir='ltr'>In</span> <span class='ocrx_word' id='word_1_460' title='bbox 1304 4271 1483 4312; x_wconf 89' lang='lat' dir='ltr'>coena</span> <span class='ocrx_word' id='word_1_461' title='bbox 1530 4259 1729 4314; x_wconf 85' lang='lat' dir='ltr'>autem</span> <span class='ocrx_word' id='word_1_462' title='bbox 1779 4275 1847 4314; x_wconf 85' lang='lat' dir='ltr'>ex</span> <span class='ocrx_word' id='word_1_463' title='bbox 1881 4276 1923 4315; x_wconf 88' lang='lat' dir='ltr'>s.</span> 
     </span>
     <span class='ocr_line' id='line_1_56' title="bbox 641 4338 1926 4405; baseline 0.006 -10"><span class='ocrx_word' id='word_1_464' title='bbox 641 4338 862 4397; x_wconf 85' lang='lat' dir='ltr'>Thema</span> <span class='ocrx_word' id='word_1_465' title='bbox 895 4340 987 4398; x_wconf 79' lang='lat' dir='ltr'>vel</span> <span class='ocrx_word' id='word_1_466' title='bbox 1018 4360 1088 4399; x_wconf 81' lang='lat' dir='ltr'>ex</span> <span class='ocrx_word' id='word_1_467' title='bbox 1119 4341 1322 4399; x_wconf 90' lang='lat' dir='ltr'>Toleto</span> <span class='ocrx_word' id='word_1_468' title='bbox 1346 4344 1438 4400; x_wconf 87' lang='lat' dir='ltr'>vel</span> <span class='ocrx_word' id='word_1_469' title='bbox 1460 4363 1525 4401; x_wconf 85' lang='lat' dir='ltr'>ex</span> <span class='ocrx_word' id='word_1_470' title='bbox 1555 4345 1807 4405; x_wconf 89' lang='lat' dir='ltr'>Baronio</span> <span class='ocrx_word' id='word_1_471' title='bbox 1829 4347 1926 4403; x_wconf 87' lang='lat' dir='ltr'>vel</span> 
     </span>
     <span class='ocr_line' id='line_1_57' title="bbox 643 4429 1925 4510; baseline 0.006 -26"><span class='ocrx_word' id='word_1_472' title='bbox 643 4446 710 4485; x_wconf 84' lang='lat' dir='ltr'>ex</span> <span class='ocrx_word' id='word_1_473' title='bbox 744 4447 787 4486; x_wconf 89' lang='grc'><strong>3.</strong></span> <span class='ocrx_word' id='word_1_474' title='bbox 821 4429 1085 4488; x_wconf 87' lang='grc'><strong>0011011113</strong></span> <span class='ocrx_word' id='word_1_475' title='bbox 1117 4430 1439 4505; x_wconf 90' lang='lat' dir='ltr'>legebatur.</span> <span class='ocrx_word' id='word_1_476' title='bbox 1490 4433 1573 4490; x_wconf 88' lang='lat' dir='ltr'>Ex</span> <span class='ocrx_word' id='word_1_477' title='bbox 1605 4434 1697 4492; x_wconf 90' lang='lat' dir='ltr'>his</span> <span class='ocrx_word' id='word_1_478' title='bbox 1731 4435 1925 4510; x_wconf 90' lang='lat' dir='ltr'>epulis</span> 
     </span>
     <span class='ocr_line' id='line_1_58' title="bbox 643 4517 1924 4596; baseline 0.006 -23"><span class='ocrx_word' id='word_1_479' title='bbox 643 4517 892 4591; x_wconf 88' lang='lat' dir='ltr'>Oregius</span> <span class='ocrx_word' id='word_1_480' title='bbox 923 4518 1082 4577; x_wconf 89' lang='lat' dir='ltr'>refici</span> <span class='ocrx_word' id='word_1_481' title='bbox 1115 4537 1176 4576; x_wconf 90' lang='lat' dir='ltr'>se</span> <span class='ocrx_word' id='word_1_482' title='bbox 1203 4520 1574 4596; x_wconf 88' lang='lat' dir='ltr'>similemque</span> <span class='ocrx_word' id='word_1_483' title='bbox 1608 4523 1924 4581; x_wconf 89' lang='lat' dir='ltr'>coelitibus</span> 
     </span>
     <span class='ocr_line' id='line_1_59' title="bbox 642 4606 1922 4680; baseline 0.006 -18"><span class='ocrx_word' id='word_1_484' title='bbox 642 4606 1017 4680; x_wconf 84' lang='lat' dir='ltr'>voluptatem</span> <span class='ocrx_word' id='word_1_485' title='bbox 1040 4607 1272 4666; x_wconf 89' lang='lat' dir='ltr'>haurire</span> <span class='ocrx_word' id='word_1_486' title='bbox 1295 4610 1543 4673; x_wconf 88' lang='lat' dir='ltr'>dicebat.</span> <span class='ocrx_word' id='word_1_487' title='bbox 1566 4612 1922 4670; x_wconf 83' lang='lat' dir='ltr'>Catechesim</span> 
     </span>
     <span class='ocr_line' id='line_1_60' title="bbox 642 4695 1922 4773; baseline 0.006 -22"><span class='ocrx_word' id='word_1_488' title='bbox 642 4712 879 4768; x_wconf 89' lang='lat' dir='ltr'>quoque</span> <span class='ocrx_word' id='word_1_489' title='bbox 954 4695 1419 4773; x_wconf 84' lang='lat' dir='ltr'>domesticasque</span> <span class='ocrx_word' id='word_1_490' title='bbox 1510 4702 1922 4759; x_wconf 84' lang='lat' dir='ltr'>conciunculas</span> 
     </span>
    </p>
   </div>
   <div class='ocr_carea' id='block_1_7' title="bbox 1980 3635 3277 4065">
    <p class='ocr_par' dir='ltr' id='par_1_9' title="bbox 1980 3635 3277 4065">
     <span class='ocr_line' id='line_1_61' title="bbox 1982 3635 3277 3711; baseline 0.001 -20"><span class='ocrx_word' id='word_1_491' title='bbox 1982 3635 2242 3693; x_wconf 87' lang='lat' dir='ltr'>minatus</span> <span class='ocrx_word' id='word_1_492' title='bbox 2263 3655 2296 3692; x_wconf 89' lang='lat' dir='ltr'>a</span> <span class='ocrx_word' id='word_1_493' title='bbox 2313 3636 2439 3694; x_wconf 92' lang='lat' dir='ltr'>loco</span> <span class='ocrx_word' id='word_1_494' title='bbox 2456 3636 2792 3694; x_wconf 82' lang='lat' dir='ltr'>nativitatis</span> <span class='ocrx_word' id='word_1_495' title='bbox 2827 3636 2910 3693; x_wconf 89' lang='lat' dir='ltr'>Ri</span> <span class='ocrx_word' id='word_1_496' title='bbox 2930 3653 3009 3711; x_wconf 91' lang='lat' dir='ltr'>sp</span> <span class='ocrx_word' id='word_1_497' title='bbox 3028 3636 3139 3693; x_wconf 87' lang='lat' dir='ltr'>oli</span> <span class='ocrx_word' id='word_1_498' title='bbox 3172 3636 3277 3693; x_wconf 89' lang='lat' dir='ltr'>in-</span> 
     </span>
     <span class='ocr_line' id='line_1_62' title="bbox 1980 3720 3270 3800; baseline 0.001 -20"><span class='ocrx_word' id='word_1_499' title='bbox 1980 3724 2143 3781; x_wconf 91' lang='lat' dir='ltr'>sulae</span> <span class='ocrx_word' id='word_1_500' title='bbox 2204 3725 2598 3782; x_wconf 87' lang='lat' dir='ltr'>melitinensis</span> <span class='ocrx_word' id='word_1_501' title='bbox 2659 3720 2901 3800; x_wconf 75' lang='lat' dir='ltr'>oppido)</span> <span class='ocrx_word' id='word_1_502' title='bbox 2968 3724 3031 3785; x_wconf 92' lang='lat' dir='ltr'>O.</span> <span class='ocrx_word' id='word_1_503' title='bbox 3064 3725 3270 3782; x_wconf 90' lang='lat' dir='ltr'>Praed.</span> 
     </span>
     <span class='ocr_line' id='line_1_63' title="bbox 1981 3808 3273 3894; baseline 0.005 -25"><span class='ocrx_word' id='word_1_504' title='bbox 1981 3812 2413 3871; x_wconf 86' lang='lat' dir='ltr'>ecclesiasticus</span> <span class='ocrx_word' id='word_1_505' title='bbox 2430 3832 2538 3871; x_wconf 87' lang='lat' dir='ltr'>sua</span> <span class='ocrx_word' id='word_1_506' title='bbox 2551 3816 2742 3871; x_wconf 86' lang='lat' dir='ltr'>aetate</span> <span class='ocrx_word' id='word_1_507' title='bbox 2753 3813 2987 3872; x_wconf 85' lang='lat' dir='ltr'>celeber</span> <span class='ocrx_word' id='word_1_508' title='bbox 2997 3808 3060 3894; x_wconf 88' lang='lat'>(†</span> <span class='ocrx_word' id='word_1_509' title='bbox 3074 3824 3090 3875; x_wconf 89' lang='grc'>1</span> <span class='ocrx_word' id='word_1_510' title='bbox 3111 3824 3146 3874; x_wconf 87' lang='grc'><strong>6</strong></span> <span class='ocrx_word' id='word_1_511' title='bbox 3157 3823 3189 3873; x_wconf 88' lang='grc'><strong>2</strong></span> <span class='ocrx_word' id='word_1_512' title='bbox 3203 3808 3273 3893; x_wconf 83' lang='lat'>8)</span> 
     </span>
     <span class='ocr_line' id='line_1_64' title="bbox 1980 3900 3271 3976; baseline 0.001 -18"><span class='ocrx_word' id='word_1_513' title='bbox 1980 3900 2196 3958; x_wconf 89' lang='lat' dir='ltr'>edidit:</span> <span class='ocrx_word' id='word_1_514' title='bbox 2244 3903 2444 3959; x_wconf 81' lang='lat' dir='ltr'>Status</span> <span class='ocrx_word' id='word_1_515' title='bbox 2475 3904 2890 3960; x_wconf 77' lang='lat' dir='ltr'>controversiae</span> <span class='ocrx_word' id='word_1_516' title='bbox 2912 3904 3271 3976; x_wconf 78' lang='lat' dir='ltr'>praedefini-</span> 
     </span>
     <span class='ocr_line' id='line_1_65' title="bbox 1981 3992 3266 4065; baseline 0.002 -20"><span class='ocrx_word' id='word_1_517' title='bbox 1981 3992 2199 4047; x_wconf 82' lang='lat' dir='ltr'>tionum</span> <span class='ocrx_word' id='word_1_518' title='bbox 2242 3998 2293 4047; x_wconf 84' lang='lat' dir='ltr'>et</span> <span class='ocrx_word' id='word_1_519' title='bbox 2320 3993 3003 4065; x_wconf 81' lang='lat' dir='ltr'>praedeterminationum</span> <span class='ocrx_word' id='word_1_520' title='bbox 3033 4010 3164 4048; x_wconf 84' lang='lat' dir='ltr'>cum</span> <span class='ocrx_word' id='word_1_521' title='bbox 3196 3992 3266 4047; x_wconf 81' lang='lat' dir='ltr'>li-</span> 
     </span>
    </p>
   </div>
   <div class='ocr_carea' id='block_1_8' title="bbox 1987 4111 2304 4121">
    <p class='ocr_par' dir='ltr' id='par_1_10' title="bbox 1987 4111 2304 4121">
     <span class='ocr_line' id='line_1_66' title="bbox 1987 4111 2304 4121; baseline 0 1072"><span class='ocrx_word' id='word_1_522' title='bbox 1987 4111 2304 4121; x_wconf 95' lang='lat' dir='ltr'> </span> 
     </span>
    </p>
   </div>
   <div class='ocr_carea' id='block_1_9' title="bbox 1979 4159 3279 4801">
    <p class='ocr_par' dir='ltr' id='par_1_11' title="bbox 1979 4159 3279 4801">
     <span class='ocr_line' id='line_1_67' title="bbox 2062 4159 3271 4230; baseline 0.002 -19"><span class='ocrx_word' id='word_1_523' title='bbox 2062 4162 2097 4230; x_wconf 87' lang='grc' dir='ltr'>ι)</span> <span class='ocrx_word' id='word_1_524' title='bbox 2123 4159 2295 4212; x_wconf 82' lang='lat' dir='ltr'>Plura</span> <span class='ocrx_word' id='word_1_525' title='bbox 2310 4160 2379 4214; x_wconf 86' lang='lat' dir='ltr'>cf.</span> <span class='ocrx_word' id='word_1_526' title='bbox 2402 4161 2555 4229; x_wconf 83' lang='lat' dir='ltr'>apud</span> <span class='ocrx_word' id='word_1_527' title='bbox 2580 4160 2728 4229; x_wconf 80' lang='lat' dir='ltr'>Eggs</span> <span class='ocrx_word' id='word_1_528' title='bbox 2748 4160 2807 4213; x_wconf 87' lang='lat' dir='ltr'>in</span> <span class='ocrx_word' id='word_1_529' title='bbox 2831 4160 3089 4230; x_wconf 79' lang='lat' dir='ltr'>Purpura,</span> <span class='ocrx_word' id='word_1_530' title='bbox 3108 4161 3271 4214; x_wconf 85' lang='lat' dir='ltr'>docta</span> 
     </span>
     <span class='ocr_line' id='line_1_68' title="bbox 1979 4229 3274 4302; baseline 0.002 -21"><span class='ocrx_word' id='word_1_531' title='bbox 1979 4229 2017 4282; x_wconf 94' lang='grc'>1.</span> <span class='ocrx_word' id='word_1_532' title='bbox 2044 4234 2077 4287; x_wconf 93' lang='grc'><strong>6</strong></span> <span class='ocrx_word' id='word_1_533' title='bbox 2105 4240 2131 4296; x_wconf 69' lang='lat'>5</span> <span class='ocrx_word' id='word_1_534' title='bbox 2157 4235 2241 4286; x_wconf 85' lang='grc'><strong>28.</strong></span> <span class='ocrx_word' id='word_1_535' title='bbox 2296 4231 2400 4284; x_wconf 89' lang='grc' dir='ltr'>Η10</span> <span class='ocrx_word' id='word_1_536' title='bbox 2428 4236 2513 4285; x_wconf 87' lang='lat' dir='ltr'>est</span> <span class='ocrx_word' id='word_1_537' title='bbox 2538 4232 2635 4286; x_wconf 90' lang='lat' dir='ltr'>ille</span> <span class='ocrx_word' id='word_1_538' title='bbox 2678 4231 3017 4301; x_wconf 73' lang='lat' dir='ltr'>OregiuS‚</span> <span class='ocrx_word' id='word_1_539' title='bbox 3053 4249 3082 4286; x_wconf 89' lang='lat' dir='ltr'>e</span> <span class='ocrx_word' id='word_1_540' title='bbox 3109 4233 3274 4302; x_wconf 63' lang='lat' dir='ltr'>cujus</span> 
     </span>
     <span class='ocr_line' id='line_1_69' title="bbox 1981 4302 3279 4357; baseline 0.003 -4"><span class='ocrx_word' id='word_1_541' title='bbox 1981 4319 2082 4354; x_wconf 85' lang='lat' dir='ltr'>ms.</span> <span class='ocrx_word' id='word_1_542' title='bbox 2111 4302 2407 4356; x_wconf 82' lang='lat' dir='ltr'>Petavium</span> <span class='ocrx_word' id='word_1_543' title='bbox 2434 4320 2591 4356; x_wconf 88' lang='lat' dir='ltr'>suam</span> <span class='ocrx_word' id='word_1_544' title='bbox 2618 4303 2999 4357; x_wconf 87' lang='lat' dir='ltr'>eruditionem</span> <span class='ocrx_word' id='word_1_545' title='bbox 3023 4303 3279 4357; x_wconf 83' lang='lat' dir='ltr'>hausisse</span> 
     </span>
     <span class='ocr_line' id='line_1_70' title="bbox 1982 4372 3270 4444; baseline 0.003 -19"><span class='ocrx_word' id='word_1_546' title='bbox 1982 4372 2249 4426; x_wconf 89' lang='lat' dir='ltr'>nonnulli</span> <span class='ocrx_word' id='word_1_547' title='bbox 2277 4374 2643 4428; x_wconf 86' lang='lat' dir='ltr'>fabulantur:</span> <span class='ocrx_word' id='word_1_548' title='bbox 2670 4373 2739 4429; x_wconf 85' lang='lat' dir='ltr'>de</span> <span class='ocrx_word' id='word_1_549' title='bbox 2767 4391 2882 4443; x_wconf 89' lang='lat' dir='ltr'>quo</span> <span class='ocrx_word' id='word_1_550' title='bbox 2904 4375 3178 4444; x_wconf 87' lang='lat' dir='ltr'>figmento</span> <span class='ocrx_word' id='word_1_551' title='bbox 3200 4375 3270 4429; x_wconf 88' lang='lat' dir='ltr'>cf.</span> 
     </span>
     <span class='ocr_line' id='line_1_71' title="bbox 1981 4443 3269 4514; baseline 0.002 -18"><span class='ocrx_word' id='word_1_552' title='bbox 1981 4443 2240 4497; x_wconf 85' lang='lat' dir='ltr'>Zaccaria</span> <span class='ocrx_word' id='word_1_553' title='bbox 2280 4445 2341 4498; x_wconf 92' lang='lat' dir='ltr'>in</span> <span class='ocrx_word' id='word_1_554' title='bbox 2390 4447 2606 4503; x_wconf 85' lang='lat' dir='ltr'>observ.</span> <span class='ocrx_word' id='word_1_555' title='bbox 2655 4446 2887 4514; x_wconf 80' lang='lat' dir='ltr'>praevia</span> <span class='ocrx_word' id='word_1_556' title='bbox 2951 4462 3086 4499; x_wconf 85' lang='lat' dir='ltr'>suae</span> <span class='ocrx_word' id='word_1_557' title='bbox 3136 4446 3269 4501; x_wconf 80' lang='lat' dir='ltr'>edit.</span> 
     </span>
     <span class='ocr_line' id='line_1_72' title="bbox 1980 4514 3273 4585; baseline 0.002 -18"><span class='ocrx_word' id='word_1_558' title='bbox 1980 4514 2168 4585; x_wconf 87' lang='lat' dir='ltr'>dogm.</span> <span class='ocrx_word' id='word_1_559' title='bbox 2220 4516 2391 4569; x_wconf 88' lang='lat' dir='ltr'>theol.</span> <span class='ocrx_word' id='word_1_560' title='bbox 2444 4516 2663 4572; x_wconf 80' lang='lat' dir='ltr'>Petavii</span> <span class='ocrx_word' id='word_1_561' title='bbox 2716 4519 2755 4577; x_wconf 79' lang='lat' dir='ltr'>t,</span> <span class='ocrx_word' id='word_1_562' title='bbox 2809 4522 2858 4576; x_wconf 88' lang='lat'>1.</span> <span class='ocrx_word' id='word_1_563' title='bbox 2922 4515 3273 4583; x_wconf 80' lang='lat' dir='ltr'>Tiraboschi,</span> 
     </span>
     <span class='ocr_line' id='line_1_73' title="bbox 1981 4586 3272 4644; baseline 0.004 -5"><span class='ocrx_word' id='word_1_564' title='bbox 1981 4586 2168 4642; x_wconf 87' lang='lat' dir='ltr'>Storia</span> <span class='ocrx_word' id='word_1_565' title='bbox 2216 4586 2366 4640; x_wconf 83' lang='lat' dir='ltr'>della</span> <span class='ocrx_word' id='word_1_566' title='bbox 2412 4587 2769 4642; x_wconf 87' lang='lat' dir='ltr'>Letteratura</span> <span class='ocrx_word' id='word_1_567' title='bbox 2812 4587 3051 4641; x_wconf 86' lang='lat' dir='ltr'>italiana</span> <span class='ocrx_word' id='word_1_568' title='bbox 3102 4607 3157 4644; x_wconf 76' lang='lat' dir='ltr'>v,</span> <span class='ocrx_word' id='word_1_569' title='bbox 3199 4593 3272 4644; x_wconf 78' lang='lat'>14</span> 
     </span>
     <span class='ocr_line' id='line_1_74' title="bbox 1980 4656 3271 4729; baseline 0.002 -20"><span class='ocrx_word' id='word_1_570' title='bbox 1980 4656 2017 4712; x_wconf 90' lang='lat'>1.</span> <span class='ocrx_word' id='word_1_571' title='bbox 2044 4664 2092 4714; x_wconf 86' lang='grc'><strong>2.</strong></span> <span class='ocrx_word' id='word_1_572' title='bbox 2121 4675 2166 4711; x_wconf 91' lang='grc'>0.</span> <span class='ocrx_word' id='word_1_573' title='bbox 2194 4661 2223 4712; x_wconf 90' lang='grc'>1</span> <span class='ocrx_word' id='word_1_574' title='bbox 2254 4656 2522 4728; x_wconf 87' lang='lat' dir='ltr'>Oregium</span> <span class='ocrx_word' id='word_1_575' title='bbox 2564 4660 2703 4713; x_wconf 87' lang='lat' dir='ltr'>dicit</span> <span class='ocrx_word' id='word_1_576' title='bbox 2744 4674 2890 4723; x_wconf 89' lang='lat' dir='ltr'>„uno</span> <span class='ocrx_word' id='word_1_577' title='bbox 2927 4659 3271 4729; x_wconf 82' lang='lat' dir='ltr'>de&#39;migliori</span> 
     </span>
     <span class='ocr_line' id='line_1_75' title="bbox 1979 4729 3271 4801; baseline 0.003 -20"><span class='ocrx_word' id='word_1_578' title='bbox 1979 4731 2037 4781; x_wconf 88' lang='lat' dir='ltr'>et</span> <span class='ocrx_word' id='word_1_579' title='bbox 2063 4729 2255 4797; x_wconf 87' lang='lat' dir='ltr'>de’piu</span> <span class='ocrx_word' id='word_1_580' title='bbox 2297 4730 2627 4785; x_wconf 85' lang='lat' dir='ltr'>accreditati</span> <span class='ocrx_word' id='word_1_581' title='bbox 2668 4729 2924 4801; x_wconf 88' lang='lat' dir='ltr'>theologi</span> <span class='ocrx_word' id='word_1_582' title='bbox 2968 4730 3027 4783; x_wconf 87' lang='lat' dir='ltr'>di</span> <span class='ocrx_word' id='word_1_583' title='bbox 3066 4735 3271 4797; x_wconf 83' lang='lat' dir='ltr'>questo</span> 
     </span>
    </p>
   </div>
   <div class='ocr_carea' id='block_1_10' title="bbox 643 4782 2217 4860">
    <p class='ocr_par' dir='ltr' id='par_1_12' title="bbox 643 4782 2217 4860">
     <span class='ocr_line' id='line_1_76' title="bbox 643 4782 2217 4860; baseline 0.01 -21"><span class='ocrx_word' id='word_1_584' title='bbox 643 4782 765 4840; x_wconf 83' lang='lat' dir='ltr'>fere</span> <span class='ocrx_word' id='word_1_585' title='bbox 816 4783 1192 4860; x_wconf 89' lang='lat' dir='ltr'>quotidianas</span> <span class='ocrx_word' id='word_1_586' title='bbox 1244 4787 1498 4846; x_wconf 80' lang='lat' dir='ltr'>habebat</span> <span class='ocrx_word' id='word_1_587' title='bbox 1544 4789 1616 4846; x_wconf 91' lang='lat' dir='ltr'>ad</span> <span class='ocrx_word' id='word_1_588' title='bbox 1649 4791 1920 4860; x_wconf 77' lang='lat' dir='ltr'>famuIOS,</span> <span class='ocrx_word' id='word_1_589' title='bbox 1980 4800 2217 4853; x_wconf 64' lang='lat' dir='ltr'>seculo:-</span> 
     </span>
    </p>
   </div>
  </div>
 </body>
</html>
