3625 5193
439 247 565 300 745

1016 229 1146 295 Leo,
1184 229 1454 294 Zeachlin,
1482 229 1789 296 Eilbracht‚
1819 229 2097 297 Hunnius,
2126 229 2363 284 Kircher
2386 232 2489 283 etc.

2937 247 3059 302 746

431 420 501 474 et
533 415 782 473 orientis
815 414 1216 483 ecclesiarum,
1257 415 1479 490 quibus
1511 416 1728 492 proba·
1787 415 1912 474 suit
1930 413 1974 493 ¹)
2019 414 2085 473 in
2128 416 2169 473 1.
2222 414 2327 473 Via
2372 416 2803 489 compendiaria
2850 417 2931 474 ad
2974 436 3070 474 ca-

435 509 562 568 tur,
598 520 718 562 non
748 505 986 562 tantum
1015 522 1385 580 europaeam,
1420 505 1523 563 sed
1555 509 1617 564 et
1648 506 1730 563 as·
1784 505 2052 563 thelicam
2073 503 2390 562 Ecclesiam
2414 503 2541 562 sive
2560 503 2837 579 expedita
2856 510 2917 564 et
2936 524 3071 581 per-

439 593 714 661 ricanam,
750 592 1207 654 alexandrinam.
1256 593 1731 671 hierosolymita·

439 701 597 746 nam,
651 681 1080 750 antiochenam,
1133 682 1257 751 01³„
1319 682 1620 742 asiaticam
1670 688 1732 742 et

444 770 793 830 orientalem
839 770 1115 830 ecclesias
1158 775 1296 831 ante
1341 771 1507 830 mille
1548 791 1732 831 annos

441 878 718 918 romanae
763 859 1057 918 Ecclesiae
1103 864 1174 918 ut
1221 861 1400 937 capiti
1448 878 1556 920 suo
1600 881 1733 937 per-

441 954 627 1024 petuo
647 948 995 1017 adhaesisse,
1028 954 1089 1006 et
1115 949 1376 1008 vicissim
1400 951 1565 1009 Petri
1599 968 1730 1009 suc-

439 1055 731 1096 cessorem
751 1082 763 1106 ,
817 1042 889 1096 ut
938 1042 1238 1114 pastorem
1289 1040 1732 1098 oecumenicum

437 1127 530 1185 eis
581 1126 958 1203 invigilasse3
1029 1127 1315 1186 accedunt
1366 1147 1435 1186 ex
1486 1129 1734 1188 chrono-

443 1215 697 1292 graphia
759 1216 822 1273 G.
888 1216 1368 1274 Genebrardi
1432 1217 1734 1276 centuriae

439 1303 595 1364 XVI.
631 1305 851 1380 quibus
883 1303 1019 1362 fidei
1053 1305 1427 1379 perpetuitas
1459 1325 1734 1365 romanae

442 1392 741 1452 Ecclesiae
773 1393 1251 1463 demonstratur,
1290 1413 1358 1452 ex
1390 1394 1445 1454 J.
1479 1396 1735 1454 Coccii

443 1483 726 1540 thesauro
769 1483 1201 1541 haereticorum
1244 1484 1644 1542 recentiorum
1678 1486 1734 1546 h.

445 1591 495 1632 e.
528 1571 1008 1630 Lutheranorum
1043 1576 1104 1630 et
1137 1575 1734 1634 sacramentariorum

441 1660 755 1728 successio,
791 1659 1143 1738 Ingolstadii
1173 1671 1357 1722 1607.
1386 1671 1550 1726 1609
1582 1663 1646 1721 in
1671 1671 1734 1731 8;

447 1749 879 1807 Demonstratio
911 1750 1188 1808 catholica
1222 1757 1272 1807 et
1302 1752 1649 1810 universalis
1680 1751 1736 1813 S.

447 1838 512 1894 R.
547 1837 841 1896 Ecclesiae
862 1840 922 1895 et
953 1837 1216 1912 ejusdem
1241 1839 1373 1896 fidei
1393 1845 1733 1916 perpetuae,

446 1925 759 1984 Lechhusii
801 1936 965 1989 1622
1014 1926 1079 1984 in
1109 1927 1165 1996 f.‚
1216 1946 1333 2002 qua
1373 1934 1578 1988 contra
1611 1950 1735 1987 om-

445 2034 552 2072 nes
587 2015 866 2074 sectarios
887 2015 1072 2074 solide
1104 2035 1170 2075 ac
1199 2017 1507 2093 perspicue
1540 2022 1736 2076 osten-

441 2103 631 2168 ditur,
665 2104 960 2179 quomodo
992 2104 1098 2163 illa
1118 2105 1416 2174 continua,
1437 2107 1732 2181 perennia,

447 2192 793 2262 immobilia,
842 2194 1064 2252 invicta
1094 2213 1157 2251 ac
1201 2195 1487 2253 catholica
1527 2213 1736 2271 perpe-

446 2287 555 2340 tuo
587 2283 982 2358 permanserit
1016 2301 1338 2358 omnesque
1371 2288 1561 2342 sectas
1582 2284 1735 2341 vice-

447 2370 534 2427 rit
565 2390 630 2428 ac
662 2371 1006 2447 repudiarit.

543 2503 685 2558 313.
729 2495 1171 2554 praetermissis
1232 2496 1493 2555 Conrado
1556 2497 1601 2554 G
1619 2516 1648 2554 r
1666 2515 1735 2554 u-

449 2592 474 2643 t
495 2584 530 2642 h
548 2603 580 2641 e
598 2605 626 2642 r
644 2584 738 2664 0¹)
770 2589 1011 2662 pastore
1056 2584 1121 2644 in
1152 2584 1376 2645 ducatu
1422 2586 1735 2655 montensi,

448 2675 542 2747 cuj
552 2692 621 2732 us
643 2679 836 2734 exstat
852 2673 1243 2734 Cauchismus
1262 2710 1337 2718 —
1351 2676 1609 2735 Martino
1631 2676 1734 2733 ln·

448 2782 489 2821 n
505 2763 525 2820 i
540 2781 581 2821 n
596 2782 638 2839 g
652 2783 685 2820 a
699 2783 739 2822 n
757 2783 808 2833 o,
844 2764 948 2840 qui
969 2763 1340 2824 Lutheranos
1360 2764 1740 2841 impugnavit

451 2884 534 2894 ——
558 2850 1137 2910 JoanneWenceslao
1159 2853 1246 2912 Co
1263 2855 1378 2911 ele
1396 2852 1556 2912 stin
1575 2872 1608 2911 o
1642 2873 1735 2911 ar-

445 2940 789 2999 chidiacono
842 2941 1327 3018 reginohradensi
1379 2975 1467 2986 --
1509 2942 1550 3000 J
1553 2960 1739 3000 oanne

448 3030 652 3088 Ctibor
675 3031 726 3087 K
739 3049 772 3088 o
784 3036 811 3089 t
824 3049 875 3087 w
888 3052 938 3099 a,
965 3029 1252 3089 brunensi
1273 3036 1335 3090 et
1356 3030 1737 3098 olomucensi,

445 3117 661 3176 deinde
692 3119 869 3177 etiam
891 3120 1167 3196 pragensi
1189 3120 1466 3179 canonico
1487 3125 1548 3178 et
1570 3138 1739 3195 prae-

447 3208 645 3282 posito
677 3207 1102 3266 litomericensi
1143 3205 1203 3289 (†
1245 3220 1316 3271 16
1329 3204 1439 3291 37)
1475 3242 1557 3253 -
1592 3226 1739 3284 quo-

450 3296 700 3354 rundam
733 3296 1128 3366 recordemur,
1149 3297 1250 3372 qui
1285 3318 1318 3354 a
1349 3295 1741 3373 protestanti-

450 3386 563 3441 bus
596 3385 668 3443 ad
690 3385 1010 3444 Ecclesiam
1034 3386 1343 3445 redierunt
1373 3387 1739 3446 catholicam.

449 3472 544 3531 Ita
604 3473 644 3532 J
646 3493 864 3534 oannes
927 3475 966 3532 Z
985 3494 1015 3531 e
1034 3492 1060 3531 s
1079 3493 1108 3532 c
1123 3475 1161 3532 h
1181 3476 1201 3533 l
1219 3476 1238 3533 i
1254 3495 1292 3533 n
1355 3476 1742 3535 cancellarius

451 3561 791 3640 wolfgangi
821 3563 1123 3633 Guilelmi,
1163 3564 1332 3622 ducis
1366 3566 1741 3642 neoburgen-

447 3651 547 3721 sis,
573 3654 604 3707 d
614 3652 878 3710 ominum
902 3671 1077 3710 suum
1101 3653 1162 3710 in
1182 3653 1590 3728 amplectenda
1608 3672 1742 3712 vera
1845 3703 1856 3715 .

451 3739 562 3797 fide
615 3745 853 3799 secutus
919 3745 1010 3800 est
1065 3737 1290 3821 (1617)
1359 3744 1741 3817 rationesque

449 3828 623 3904 plane
670 3830 933 3905 erregias
983 3849 1124 3888 suae
1174 3830 1574 3890 conversionis
1607 3829 1741 3888 red-

443 3917 602 3976 didit
638 3917 702 3976 in
733 3937 939 3995 opere:
988 3920 1278 3995 Apoloyia
1300 3937 1417 3993 pro
1464 3938 1572 3977 sua
1601 3914 1744 3992 fidei

442 4008 800 4081 posessione
859 4015 909 4065 et
969 4014 1331 4082 peccatorum
1393 4009 1744 4083 confessione

452 4097 998 4154 romano-catholica
1013 4139 1032 4169 ,
1097 4096 1405 4171 Neoburgi
1465 4105 1631 4157 1625
1698 4100 1741 4153 t.

1786 593 1991 669 spicua
2021 593 2175 652 ratio
2206 611 2276 650 ex
2308 592 2756 651 intricatissimo
2780 598 3076 652 sectarum

1787 683 1969 758 hujus
2000 680 2290 758 temporis
2315 681 2657 758 labyrintho
2679 682 2982 741 eluctandi
3017 689 3078 741 et

1787 770 1861 829 ad
1893 770 2218 829 salutarem
2252 790 2421 830 verae
2441 770 2732 829 Ecclesiae
2753 771 3077 830 catholicae

1788 861 2266 920 communionem
2297 859 2641 930 accedendi3
2675 860 2983 919 observata
3014 879 3080 918 ac

1789 949 2093 1025 descripta
2142 948 2367 1008 Calvini
2419 948 2666 1024 ejusque
2716 949 3074 1007 asseclarum

1789 1037 2063 1096 doctrina
2093 1041 2154 1096 et
2185 1037 2547 1097 confessione
2578 1036 2838 1114 propriis
2865 1055 3077 1096 eorun-

1789 1127 1922 1185 dem
1969 1127 2166 1186 verbis
2211 1126 2533 1196 declarata,
2583 1126 2855 1185 Coloniae
2910 1135 3073 1189 1627

1789 1216 1855 1274 in
1891 1226 1945 1279 8.
1980 1248 2065 1258 —-
2096 1215 2396 1274 Helferich
2445 1215 2649 1273 Ulrich
2701 1214 3079 1284 HunniuS,

1790 1305 1953 1363 filius
1984 1304 2193 1363 famosi
2222 1304 2460 1381 Aegidii
2492 1304 2722 1362 Hunnii
2753 1304 3082 1363 Lutherani

1792 1395 2081 1463 acerrimi,
2132 1393 2237 1452 diu
2262 1393 2419 1469 Juris
2451 1392 2833 1468 prudentiam
2867 1412 3081 1468 magna

1791 1502 1924 1541 cum
1971 1482 2230 1543 nominis
2277 1482 2548 1540 claritate
2595 1481 2911 1558 professus,
2960 1483 3078 1541 lec·

1789 1572 1954 1630 tione
1999 1576 2199 1630 tamen
2244 1590 2490 1647 operum
2532 1571 2750 1629 Becani
2796 1570 3081 1629 inductus
3150 1571 3155 1576 ⁴

1790 1661 1856 1720 in
1905 1661 2195 1720 Ecclesiae
2246 1660 2565 1719 catholicae
2620 1659 2818 1718 sinum
2879 1659 3080 1718 rediit.

1792 1749 2201 1808 Conversionis
2249 1768 2389 1807 suae
2428 1749 2657 1808 motiva
2701 1749 2986 1825 proponit
3017 1747 3083 1806 in

1792 1838 1829 1896 l.
1864 1838 2083 1896 Invicta
2122 1856 2376 1913 prorsus
2424 1846 2473 1895 et
2521 1838 2943 1896 indissolubilia
2996 1840 3079 1894 12

1791 1935 2155 2007 anquetaenta,
2180 1928 2401 2001 quibus
2419 1927 2725 1986 convictus
2744 1929 2924 2002 atque
2941 1944 3081 1985 con-

1793 2016 2035 2074 strictus
2066 2016 2273 2073 relicta
2304 2015 2617 2074 lutherana
2649 2020 2809 2074 secta
2831 2015 3084 2074 catholi-

1791 2122 1916 2163 cam
1930 2104 2251 2181 profitetur
2260 2102 2452 2173 fidem,
2467 2102 2895 2179 Heidelbergae
2913 2114 2981 2166 16
2992 2113 3080 2174 31,

1791 2212 1943 2268 quae
1973 2197 2175 2252 tamen
2207 2192 2391 2250 editio
2425 2192 2656 2250 mendis
2689 2195 2891 2260 scatet,
2944 2193 3080 2251 hinc

1792 2282 2037 2340 alteram
2070 2281 2300 2340 curavit
2333 2280 2602 2340 Coloniae
2634 2289 2817 2348 1632,
2852 2281 2948 2339 cui
2982 2300 3077 2340 ac·

1793 2371 1968 2428 cessit
2003 2369 2244 2429 evidens
2290 2369 2734 2437 demonstratio,
2782 2369 2943 2444 quod
2987 2389 3080 2428 ar-

1792 2459 2148 2518 chihaeresis
2180 2459 2498 2516 lutherana
2515 2458 2775 2517 maxima
2796 2458 2890 2516 sui
2909 2465 3081 2534 parte

1793 2568 1864 2607 ex
1896 2548 2331 2625 antiquissimis
2378 2547 2720 2606 haeresibus
2767 2546 2909 2606 olim
2941 2569 2973 2606 a
3006 2567 3080 2606 ss‚

1793 2637 2067 2714 patribus
2099 2638 2415 2707 damnatis,
2468 2637 2818 2714 proscriptis
2851 2639 2912 2694 et
2942 2656 3077 2712 pro·

1793 2727 2017 2803 fligatis
2050 2727 2298 2787 conflata
2331 2727 2411 2786 sit
2440 2731 2501 2785 et
2533 2720 2920 2807 compilata2).
2957 2726 3078 2784 Ad-

1795 2835 2002 2874 versus
2044 2817 2203 2874 hunc
2234 2816 2269 2873 1.
2304 2815 2592 2892 scripsere
2624 2815 2981 2873 Himmelius
3022 2820 3082 2873 et

1795 2906 2161 2963 Haberkorn.
2226 2904 2392 2963 Obiit
2437 2904 2716 2962 Hunnius
2763 2909 3080 2980 postquam

1795 2993 2188 3068 quadriennio
2243 2995 2345 3069 jus
2408 2994 2751 3053 canonicum
2810 2993 3083 3052 Coloniae

1795 3082 2083 3157 exposuit,
2130 3090 2229 3143 27.
2262 3082 2432 3140 Mart.
2473 3091 2662 3145 1636.
2692 3116 2779 3125 --
2819 3080 3081 3141 Joannes

1795 3171 1848 3229 Κ
1861 3172 1879 3228 i
1897 3190 1926 3227 r
1941 3188 1972 3228 c
1985 3171 2020 3227 h
2039 3190 2069 3230 e
2082 3189 2129 3240 r,
2147 3170 2338 3229 Tiibin
2346 3171 2565 3247 gensis,
2583 3170 2771 3229 edidit
2787 3170 3082 3247 insignem

1797 3260 2173 3335 aetioloyiom,
2208 3259 2271 3317 in
2291 3278 2409 3335 qua
2439 3258 2815 3336 migrationis
2841 3276 2981 3316 suae
3014 3277 3082 3317 ex

1797 3349 2112 3407 lutherana
2132 3366 2436 3424 synagoga
2466 3348 2529 3405 in
2549 3347 2861 3405 Ecclesiam
2884 3348 3082 3405 catho-

1796 3438 1973 3496 licam
1992 3455 2160 3496 veras
2194 3440 2254 3494 et
2275 3435 2492 3494 solidas
2512 3435 2770 3493 rationes
2791 3435 3083 3494 succincte

1798 3526 2040 3602 exponit
2071 3528 2132 3583 et
2163 3524 2488 3600 perspicue,
2537 3523 2845 3598 doctisque
2892 3524 3085 3582 omni-

1797 3616 1910 3673 bus
1931 3618 1992 3672 et
2016 3612 2323 3688 judicandi
2346 3612 2703 3670 dexteritate
2718 3611 3085 3688 pollentibus

1797 3722 1913 3778 pie,
1947 3704 2215 3761 accurate
2247 3705 2307 3759 et
2339 3700 2601 3761 modeste
2634 3699 3084 3760 considerandas

1796 3791 2079 3867 proponit
2111 3788 2393 3868 auotor⁸)‚
2428 3790 2690 3848 Viennae
2716 3799 2901 3853 1640.
2934 3787 3084 3849 Con-

1874 4000 1916 4139 ἑξ
1945 3995 2225 4149 ἓΐῂᾷἒζέ
2248 4000 2619 4131 ξῆΊΡ-ΞξῬῶ.
2664 4065 2872 4132 Quodsi
2917 4084 3088 4191 offira

1799 4140 1918 4209 ejus
1946 4154 2136 4192 omnia
2160 4138 2454 4207 prohibita
2481 4138 2637 4192 fuere
2671 4138 2813 4193 decr.
2841 4142 2926 4195 18.
3042 4157 3085 4219 ἔ.

445 4183 628 4259 Prior·
663 4186 836 4242 Alter
854 4204 974 4243 ¹10¹²
997 4183 1239 4244 Videtur
1264 4181 1634 4264 P1'0d55330²)·
1657 4218 1741 4227 ·““·
1800 4213 1970 4269 1618;
2001 4215 2086 4267 19.
2112 4208 2224 4265 Jul.
2252 4214 2410 4274 1619,
2451 4209 2684 4279 respicit
2721 4208 2859 4263 haec
2901 4210 3087 4279 prohi-

450 4272 541 4329 Ita
580 4277 640 4331 et
672 4273 987 4349 Philippus
1035 4273 1473 4341 Eilbracht,
1521 4273 1744 4331 relictis
1801 4281 1943 4335 bitio
1987 4280 2212 4334 nonnisi
2258 4296 2428 4350 opera
2470 4285 2604 4334 ante
2650 4295 2812 4333 suam
2864 4296 3087 4333 conver.

447 4360 677 4420 Calvini
712 4362 940 4429 castriS,
979 4362 1039 4419 in
1074 4361 1295 4439 quibus
1327 4361 1581 4438 pastoris
1614 4380 1744 4419 mu·
1800 4352 2015 4405 Sionem
2044 4350 2213 4406 ediffi-

447 4469 589 4508 nere
622 4451 1008 4517 militaverat,
1058 4449 1233 4509 fidem
1265 4451 1621 4510 catholicam
1654 4456 1744 4509 est

1875 4430 1917 4489 8)
1945 4421 2029 4478 Of.
2058 4422 2230 4476 Raess
2250 4423 2317 4488 V,
2345 4425 2450 4479 546
2476 4439 2544 4475 ss.
2571 4419 2655 4474 cf.
2682 4419 2853 4472 etiam
2879 4419 2955 4472 ib.
2982 4424 3089 4476 200

1801 4497 1940 4550 -37
1982 4492 2291 4547 medullam
2336 4491 2546 4575 egregii
2591 4490 2771 4545 libelli
2815 4489 3088 4544 Bernardi

444 4540 774 4616 amplexu&
824 4545 886 4598 0¹³
917 4540 1012 4598 8¹²5
1045 4540 1280 4599 reditus
1312 4540 1535 4597 motiva
1567 4558 1744 4615 el‘1³⁰⁸'
1801 4565 1837 4619 S
1856 4565 2147 4627 utholt,
2195 4562 2409 4634 egregii
2440 4560 2839 4633 jurisconsulti
2884 4564 3088 4617 Causae

529 4712 569 4780 ¹)
597 4708 680 4764 Cf.
709 4708 1041 4762 Hartzheim
1066 4707 1203 4763 bibl.
1233 4708 1336 4768 col.
1363 4726 1420 4778 p.
1446 4714 1532 4765 62.

525 4785 571 4851 ²)
598 4779 680 4834 cf.
710 4779 881 4834 Raess
906 4780 1003 4846 IV,
1031 4783 1333 4837 343—404.

1801 4639 2067 4705 conjectio,
2108 4653 2204 4689 cur
2246 4636 2468 4704 ejurata
2505 4634 2723 4688 haeresi
2770 4633 3089 4687 calviniana

1802 4707 1972 4760 fidem
2012 4704 2603 4759 romano-catholicam
2644 4722 2826 4773 nuper
2864 4704 2940 4758 sit
2976 4721 3089 4756 am·

1803 4779 2024 4847 plexus,
2053 4777 2316 4833 Coloniae
2343 4780 2484 4833 1625
2514 4776 2571 4829 in
2597 4780 2647 4837 8.
