3625 5193
400 278 523 333 593

395 445 801 514 cordubensis,
866 443 968 518 qui
1030 463 1065 501 a
1112 442 1304 518 prima
1355 444 1677 517 juventute

398 535 589 594 seduli
622 552 785 592 more
830 531 1169 591 mercatoris
1216 531 1674 607 negotiationem

399 623 768 700 spiritualem
801 641 1029 680 summo
1061 640 1197 679 cum
1227 621 1510 679 vitiorum
1543 619 1678 678 odio

396 712 757 787 virtutisque
787 729 984 769 amore
1034 709 1321 786 singulari
1371 710 1457 768 sic
1493 709 1679 767 coluit

395 821 626 877 semper
673 804 853 875 atque
896 800 1178 866 exercuit,
1227 803 1298 856 ut
1328 817 1552 857 omnem
1585 797 1675 855 di-

396 891 565 949 cendi
597 889 964 964 docendique
977 889 1268 946 rationem
1289 887 1598 946 excesserit
1613 883 1675 966 ¹).

397 981 561 1038 Totis
627 988 707 1040 43
759 979 947 1046 annis,
999 977 1220 1052 quibus
1270 979 1333 1034 in
1397 977 1677 1034 societate

396 1069 544 1127 Jesu
591 1068 757 1135 vixit,
808 1067 963 1125 nihil
1006 1067 1069 1124 in
1116 1067 1224 1124 hoc
1254 1066 1676 1141 negotiationis

395 1158 599 1216 studio
644 1157 896 1217 remisit.
950 1161 1041 1224 ut,
1094 1155 1198 1229 qui
1246 1175 1383 1213 eum
1424 1155 1674 1230 diligen-

397 1247 522 1305 tius
553 1247 966 1312 observarunt,
1008 1245 1390 1303 vehementer
1422 1245 1544 1303 sint
1575 1243 1674 1301 ad·

394 1336 600 1394 mirati
650 1334 1059 1392 incredibilem
1110 1334 1238 1408 ejus
1287 1335 1353 1391 in
1406 1340 1680 1409 suscepta

394 1426 552 1484 vitae
585 1423 815 1482 ratione
848 1423 1240 1481 constantiam
1291 1428 1675 1498 perpetuum·

394 1533 511 1588 que
561 1519 830 1572 tenorem
876 1513 1060 1569 nullis
1123 1512 1457 1570 studiorum
1506 1531 1678 1570 occu-

397 1773 453 1810 se
491 1755 650 1809 nullo
697 1755 861 1808 modo
948 1770 1135 1808 eccare
1179 1757 1282 1808 etc.
1333 1753 1415 1808 Cf.
1460 1754 1678 1820 Muller,

394 1827 587 1880 theolo
632 1827 720 1879 iae
762 1842 916 1879 mora
944 1825 990 1878 is
1015 1825 1053 1885 l,
1082 1830 1130 1882 1.
1159 1844 1214 1895 p.
1242 1831 1287 1882 1.
1319 1835 1345 1892 ς
1371 1831 1455 1882 81.
1486 1860 1552 1865 -
1581 1829 1680 1878 Ar·

395 1902 512 1952 tem
540 1898 594 1951 lu
646 1898 833 1950 ianam
862 1898 1076 1950 recoxit
1127 1896 1169 1948 P
1187 1900 1387 1950 etrus
1433 1897 1484 1949 H
1503 1898 1522 1949 i
1541 1913 1680 1950 ero-

398 1987 434 2021 n
455 1987 564 2038 ym
579 1987 616 2022 u
633 1987 658 2022 s
684 1969 931 2022 Sanchez
953 1968 1023 2021 de
1049 1967 1326 2032 Lizarazo,
1345 1968 1679 2037 Aragonius,

1457 257 1699 311 Thomas
1724 257 1991 311 Sanchez.

2888 275 3011 326 594

1733 443 2081 520 petionibus
2141 448 2247 501 aut
2307 443 2795 519 gravissimorum
2858 445 3015 502 viro-

1734 553 1869 591 rum
1901 534 2250 591 interventu
2297 533 2606 590 violatum.
2669 531 2853 590 Nulla
2891 533 3015 590 vir-

1734 628 1939 681 tutum
1989 641 2108 679 non
2157 622 2229 678 ab
2273 622 2402 696 ipso
2454 621 2517 679 in
2566 640 2797 679 summo
2846 621 3015 680 fasti-

1732 713 1831 787 gio
1863 710 2197 772 tenebatur.
2229 712 2313 768 De
2346 711 2676 779 severitate,
2710 729 2826 784 qua
2857 711 2920 769 in
2954 730 3014 768 se

1733 801 1932 876 ipsum
1965 800 2100 868 fuit,
2135 799 2431 874 quidquid
2462 799 2700 867 dixeriS,
2735 799 2890 857 infra
2922 800 3014 874 ip-

1733 910 1857 948 sam
1888 910 2013 947 rem
2047 889 2235 948 videri
2258 893 2495 965 potest;
2528 889 2702 947 homo
2721 888 2880 947 vitae
2901 909 3014 965 pu-

1732 980 2001 1037 rissimae
2060 978 2662 1052 innocentissimeque
2730 983 2892 1036 actae
2954 982 3013 1036 et

1732 1070 1900 1126 nulla
1929 1087 2193 1142 unquam
2226 1067 2482 1143 graviori
2515 1067 2645 1124 labe
2674 1067 3013 1136 taminatae,

1735 1157 2085 1216 tenuissima
2115 1157 2459 1214 valetudine
2503 1157 2701 1215 decem
2747 1157 3015 1231 quotidie

1735 1248 1830 1305 vel
1860 1246 2169 1305 duodecim
2220 1246 2393 1303 horas
2443 1251 2721 1304 contente
2771 1251 2831 1303 et
2856 1247 3015 1320 jeju-

1734 1355 1849 1394 nus
1900 1335 2141 1410 quidem
2189 1334 2261 1392 ad
2295 1335 2563 1393 studium
2614 1334 3013 1400 incumbebat,

1734 1430 1796 1484 et
1828 1424 1901 1482 ad
1933 1428 2263 1483 extremum
2305 1424 2485 1482 simul
2522 1425 2803 1500 spiritum
2837 1423 2901 1480 in
2933 1424 3016 1482 ri·

1733 1515 2042 1590 gidissima
2073 1513 2265 1571 carnis
2315 1513 2723 1574 maceratione,
2757 1513 2820 1569 in
2852 1517 3018 1571 victu

1736 1605 2027 1679 cultuque
2072 1604 2138 1661 in
2169 1602 2382 1677 primis
2422 1602 2662 1661 horrido
2695 1607 2757 1660 et
2788 1620 3014 1677 asper-0.

1734 1694 1798 1750 in
1830 1693 2289 1769 vigilantissima
2334 1693 2427 1750 sui
2474 1691 2758 1761 custodia,
2803 1692 2867 1748 in
2917 1692 3018 1749 ab·

1734 1783 2054 1858 negatione
2088 1801 2370 1840 sensuum
2391 1780 2744 1849 incredibili,
2767 1781 2830 1837 in
2852 1800 3018 1856 egre-

1735 1873 1833 1948 gia
1864 1872 2122 1945 denique
2154 1871 2427 1929 exhausti
2460 1870 2798 1946 corpusculi
2830 1869 3016 1927 victo-

1736 1962 1823 2018 ria
1869 1960 2351 2018 constantissime
2397 1959 2760 2034 perduravit.
2824 1957 3019 2016 Semel

395 2040 716 2110 theologiae
744 2040 955 2103 doctor,
978 2039 1097 2092 inl.
1125 2043 1401 2094 Methodus
1416 2045 1681 2106 generalis
1733 2050 1795 2107 in
1814 2050 1908 2108 die
1926 2051 2035 2106 gub
2053 2053 2287 2106 noctem
2312 2049 2579 2123 capiebat
2602 2049 2819 2112 cibum,
2854 2067 3018 2104 eum-

396 2122 442 2166 εἰ
461 2115 795 2166 admi-rabilis
827 2115 899 2165 ad
927 2130 1100 2164 omnes
1119 2116 1362 2165 scientias
1393 2115 1609 2180 facilius
1637 2122 1680 2163 et

395 2188 549 2237 citius
575 2186 940 2247 addiscendas,
972 2182 1032 2235 in
1061 2199 1175 2250 qua
1200 2182 1389 2235 eximii
1417 2184 1476 2236 et
1499 2182 1679 2250 piissi-

396 2255 471 2307 mi
488 2254 732 2308 doctoris
749 2253 1220 2322 RaymundiLulli
1238 2270 1327 2305 ars
1343 2254 1585 2306 breviter
1596 2271 1680 2306 ex-

397 2326 643 2394 plicatur
656 2329 714 2377 et
725 2326 922 2378 multis
933 2324 1201 2394 exemplis
1213 2326 1501 2393 variisque
1514 2342 1682 2392 quae-

397 2397 680 2450 stionibus
708 2396 780 2450 ad
808 2397 1043 2465 praxim,
1073 2396 1226 2463 quod
1255 2413 1551 2463 nunquam
1575 2396 1680 2449 fac·

398 2472 517 2522 tum
545 2468 774 2536 legitur,
802 2467 1150 2536 apertissime
1172 2467 1470 2531 reducitur,
1493 2467 1682 2520 Turia-

398 2557 532 2593 sone
559 2543 699 2596 1613
727 2542 784 2592 et
811 2545 946 2595 1619
975 2540 1032 2591 in
1048 2544 1096 2594 4.
1127 2538 1437 2607 Plusquam
1455 2543 1524 2594 30
1544 2541 1682 2591 trac·

398 2614 552 2665 tatus
596 2611 944 2664 diversarum
988 2629 1170 2664 rerum
1216 2610 1405 2679 praelo
1457 2615 1682 2679 paratos

397 2683 804 2748 habebahdum
822 2700 967 2735 mors
984 2700 1112 2734 eum
1127 2682 1428 2749 occupavit
1443 2688 1527 2737 25.
1547 2685 1682 2749 Apr.

399 2759 553 2812 1614.
582 2788 650 2794 -
679 2753 1054 2808 Concionator
1080 2756 1204 2805 erat
1243 2758 1282 2806 C
1300 2771 1331 2806 a
1350 2771 1374 2805 s
1391 2772 1428 2823 p
1446 2771 1522 2807 ar
1549 2754 1681 2806 San-

399 2825 527 2879 chez
557 2824 611 2880 S.
638 2824 687 2878 J.
718 2825 1081 2878 Granatensis
1110 2830 1156 2894 (†
1186 2829 1361 2889 1591),
1384 2826 1546 2889 cujus
1562 2844 1681 2877 con·

395 2900 567 2951 ciones
594 2896 654 2948 in
681 2895 992 2949 Dominicis
1033 2899 1090 2948 et
1135 2895 1291 2947 feriis
1319 2896 1679 2963 quadragesi-

400 2983 540 3030 mae,
565 2967 744 3020 Toleti
773 2971 908 3023 1597
937 2966 998 3019 in
1024 2972 1088 3029 4:
1118 2965 1340 3019 Brixiae
1371 2971 1536 3024 1599:
1586 2968 1681 3020 Ve-

399 3038 566 3091 netiis
608 3042 775 3107 1601;
827 3034 1154 3105 Moguntiae
1197 3043 1364 3101 1602:
1419 3037 1682 3091 Coloniae

475 3184 512 3249 ¹)
541 3182 621 3233 Cf.
651 3180 1003 3233 Cromberius
1031 3181 1098 3232 de
1117 3179 1303 3233 studio
1319 3179 1683 3248 perfectionis

399 3250 435 3305 l.
462 3256 510 3307 2.
539 3268 585 3305 c.
613 3256 698 3307 32.
751 3249 1011 3303 Ceterum
1038 3251 1174 3303 haec
1218 3252 1369 3304 vitae
1411 3250 1682 3303 sanctitas

399 3322 616 3391 optima
643 3326 727 3375 est
753 3324 787 3374 »S
806 3339 838 3375 a
855 3340 890 3373 n
907 3323 986 3373 ch
1005 3338 1032 3373 e
1050 3340 1074 3373 s
1092 3321 1147 3374 ii
1187 3322 1451 3391 apologia
1492 3322 1560 3373 ad
1571 3337 1682 3373 ver-

399 3411 489 3446 sus
509 3392 820 3447 calumnias
849 3392 1244 3446 libertinorum
1275 3394 1448 3446 seculi
1469 3396 1683 3461 praete-

399 3464 511 3528 riti,
540 3466 639 3532 qui
667 3464 843 3516 trabis
883 3464 942 3516 in
984 3464 1211 3532 proprio
1240 3464 1400 3517 oculo
1428 3463 1593 3516 obliti
1622 3465 1683 3517 il-

398 3536 518 3589 lum
545 3537 895 3604 carpserunt,
941 3536 1096 3602 quod
1124 3536 1191 3589 de
1218 3554 1276 3588 re
1304 3536 1442 3588 adeo
1468 3534 1684 3589 lubrica

398 3609 516 3661 tam
533 3606 834 3675 diligenter
851 3607 1148 3674 scripserit.
1176 3607 1254 3669 „11
1274 3607 1581 3663 ii'ecrivait.
1604 3607 1683 3659 in-

400 3677 529 3746 quit
554 3678 736 3730 Feller
763 3678 881 3740 Vll,
908 3681 1031 3739 418,
1060 3695 1169 3744 que
1199 3695 1344 3745 pour
1367 3678 1447 3731 les
1475 3678 1683 3731 confes-

399 3751 651 3829 seura-et
687 3748 768 3801 les
804 3749 1110 3801 directeurs
1152 3749 1248 3801 des
1274 3765 1443 3813 ames,
1471 3753 1529 3801 et
1554 3766 1684 3801 sous

398 3837 464 3945 ἓξ
486 3820 883 3955 Esttflib‘iss?
887 3820 1685 3959 ’q5100ig1iiiasssit‘'aasffiait‘ssss

399 3962 543 4031 qu'il
578 3965 676 4016 efit
715 3963 803 4015 ete
832 3962 963 4031 plus
991 3963 1208 4015 reserve
1237 3966 1286 4013 et
1318 3962 1460 4015 dans
1487 3961 1567 4015 les
1596 3962 1684 4014 dc-

399 4034 528 4087 tails
555 4036 616 4086 et
640 4032 781 4085 dans
807 4034 886 4086 les
918 4033 1207 4085 decisions.
1237 4034 1311 4086 Ce
1339 4032 1475 4100 qu'il
1504 4050 1539 4100 y
1563 4051 1596 4085 a
1616 4033 1684 4086 de

397 4106 536 4169 vrai,
562 4104 701 4157 mais
723 4122 782 4158 ce
805 4104 905 4171 qui
928 4106 1020 4156 n'a
1040 4104 1162 4157 rien
1185 4104 1518 4156 d’etonnant
1542 4121 1686 4172 pour

399 4192 538 4230 ceux
554 4174 656 4243 qui
677 4176 1041 4228 connaissent
1054 4192 1157 4243 par
1171 4175 1496 4243 experience
1512 4176 1687 4228 l’efiet

399 4248 568 4300 d'une
606 4245 891 4299 intention
935 4262 1074 4315 pure
1116 4250 1172 4297 et
1212 4245 1346 4299 d'un
1374 4246 1526 4299 saint
1551 4247 1684 4311 zele,

396 4319 531 4371 c'est
547 4334 654 4385 que
670 4318 765 4370 des
786 4317 991 4370 details
1008 4317 1053 4369 si
1072 4316 1304 4370 delicate
1333 4334 1400 4368 ne
1419 4317 1584 4369 firent
1601 4318 1684 4385 ja-

399 4390 540 4442 mais
559 4389 615 4441 la
635 4388 890 4442 moindre
914 4386 1246 4456 impression
1269 4406 1365 4441 sur
1379 4405 1464 4441 ses
1485 4405 1682 4441 meurs.

399 4457 546 4514 C'est
569 4475 684 4512 aux
711 4460 869 4528 pieds
910 4460 986 4511 du
1029 4459 1258 4512 crucifix
1287 4459 1428 4526 qu'il
1455 4459 1687 4512 ecrivait

398 4547 482 4584 ses
507 4532 724 4584 livres.“
758 4530 839 4584 Of.
862 4530 1033 4582 etiam
1051 4529 1351 4598 Raynaudi
1378 4533 1686 4583 erotemata

398 4601 466 4655 de
493 4602 656 4654 malis
683 4604 741 4655 et
767 4601 926 4654 bonis
969 4601 1143 4666 libris,
1183 4620 1237 4669 p.
1268 4606 1316 4657 1.
1358 4604 1493 4653 erot.
1521 4606 1571 4656 7.
1594 4619 1685 4670 op.

399 4674 438 4724 t.
470 4677 553 4728 11.
584 4691 637 4742 p.
667 4677 774 4729 230
799 4690 885 4735 ss„
933 4671 1164 4726 Kneller
1211 4672 1561 4725 KirchenleX.
1591 4672 1683 4736 X²‚

399 4746 569 4815 1688;
598 4744 839 4796 Annuae
869 4742 954 4795 lit.
982 4743 1033 4796 S.
1062 4744 1113 4796 J.
1136 4743 1398 4813 Dilingae
1426 4761 1479 4812 p.
1508 4747 1680 4799 475—

397 4818 519 4871 485.

1736 2158 1851 2213 que
1882 2140 2062 2196 vilem
2094 2142 2156 2195 et
2186 2137 2527 2212 parabilem,
2549 2143 2761 2211 quater
2780 2137 2843 2193 in
2875 2137 3017 2194 heb-

1736 2228 1982 2286 domada
2016 2246 2161 2301 pane
2194 2231 2432 2284 tantum
2455 2230 2515 2283 et
2537 2227 2799 2283 oleribus
2830 2227 3015 2282 vitam

1736 2318 2047 2377 tolerabat.
2061 2316 2208 2373 Tota
2222 2315 2667 2390 quadragesima
2684 2318 2743 2370 et
2757 2314 3018 2372 adventu

1737 2406 1808 2464 ad
1858 2424 2069 2480 panem
2119 2405 2269 2461 nihil
2318 2409 2555 2479 praeter
2607 2403 2908 2479 legumina
2956 2409 3017 2460 et

1736 2496 1969 2553 fructus
2030 2494 2223 2551 aridos
2284 2493 2614 2550 adhibebat.
2678 2491 3017 2566 Pervigiliis

1739 2584 1953 2644 Christi
1968 2582 2198 2643 Domini
2226 2586 2286 2641 et
2309 2581 2650 2659 B.Virginis
2681 2581 3016 2657 panedum-

1737 2678 1903 2733 taxat
1935 2679 1993 2731 et
2025 2692 2177 2747 aqua
2201 2673 2540 2746 ¹jejunabam
2593 2673 2792 2740 salem,
2827 2671 3014 2746 piper,

1738 2782 1966 2821 acorem
2013 2765 2073 2819 et
2116 2766 2310 2819 cetera
2340 2761 2606 2819 ciborum
2648 2760 3021 2818 condimenta

1739 2851 1979 2910 omnino
2043 2850 2375 2926 respuebat,
2439 2869 2514 2908 ne
2576 2850 2815 2925 quidem
2867 2849 3019 2906 elixa

1738 2943 1897 2999 olera
1929 2940 2073 2997 satis
2105 2958 2171 2997 ex
2205 2958 2265 2997 se
2303 2939 2561 3013 insipida
2581 2939 2709 2996 oleo
2732 2941 2837 2996 aut
2855 2942 3018 2996 aceto

1738 3030 2062 3088 condiebat.
2096 3028 2203 3085 His
2237 3028 2490 3103 aliisque
2518 3028 2811 3085 virtutum
2846 3045 3018 3084 orna-

1740 3119 1955 3176 mentis
1988 3118 2209 3193 dignus
2230 3118 2391 3174 coelo
2430 3118 2619 3173 sactus
2641 3116 2735 3173 die
2764 3127 2782 3176 1
2806 3126 2858 3177 9.
2882 3116 3021 3191 Maji

1748 3217 1910 3269 1610
1946 3226 1995 3263 a.
2028 3206 2238 3263 aetatis
2275 3216 2371 3267 60.
2407 3205 2504 3279 pie
2537 3206 2599 3262 in
2632 3205 2883 3262 Domino
2917 3205 3017 3262 de·

1739 3296 1931 3354 cessit.
1967 3295 2056 3351 Ad
2080 3294 2428 3364 ‚communis
2448 3294 2728 3368 parentis‘
2754 3290 2864 3373 (sic
2882 3312 3017 3350 eum

1737 3385 2048 3457 vocabant)
2112 3382 2294 3441 funus
2342 3382 2670 3439 confluxere
2721 3400 3020 3438 sacrorum

1738 3475 2016 3532 ordinum
2064 3472 2175 3530 viri
2206 3471 2488 3546 religiosi,
2540 3470 2708 3527 urbis
2743 3470 3021 3527 universa

1738 3563 2037 3629 nobilitas,
2071 3566 2310 3618 senatus
2343 3559 2543 3633 regius
2575 3563 2634 3616 et
2654 3559 3020 3634 promiscuae

1738 3652 1926 3726 plebis
1944 3650 2254 3708 innumera
2272 3647 2611 3715 multitudo,
2634 3647 2737 3723 qui
2755 3647 3021 3705 defuncti

1739 3758 1951 3813 corpus
1984 3737 2227 3795 floribus
2260 3755 2642 3810 conspersum
2664 3753 2728 3793 ac
2746 3736 3021 3812 virginali

1739 3824 1933 3886 nitore
1965 3826 2187 3884 micans
2221 3825 2489 3883 certatim
2523 3825 2893 3883 conabantur
2925 3825 3018 3882 vel

1741 3917 1976 3975 rosariis
2008 3915 2352 3991 contingere
2397 3915 2488 3972 vel
2534 3914 2751 3972 osculis
2785 3913 3013 3989 suppli·

1741 4007 1887 4065 citer
1917 4004 2199 4062 venerari.

1834 4192 1976 4245 256.
2011 4184 2191 4240 Porro
2238 4182 2393 4257 quod
2441 4181 2515 4239 ad
2560 4181 2860 4239 doetrinae
2893 4181 3021 4255 ejus

1743 4275 1921 4345 atque
1943 4271 2269 4346 sapientiae
2299 4270 2516 4328 attinet
2533 4270 3020 4337 aestimationem,

1746 4361 1835 4418 vel
1897 4379 1928 4418 e
1988 4360 2398 4418 remotissimis
2461 4358 2619 4417 orbis
2669 4358 2940 4433 partibus
2990 4377 3023 4414 a

1742 4448 2118 4524 praesulibus
2168 4449 2426 4522 virisque
2475 4446 2845 4520 principibus
2884 4463 3021 4503 con-

1743 4538 2051 4595 sulebatur
2080 4555 2185 4611 per
2215 4537 2417 4594 literas
2450 4539 2752 4609 tamquam
2784 4533 3021 4592 absolu-

1741 4625 2011 4684 tissimus
2062 4625 2373 4701 theologus
2419 4628 2479 4681 et
2517 4624 2669 4698 juris
2703 4623 3021 4698 utriusque

1743 4714 2145 4790 peritissimus
2222 4714 2283 4771 in
2372 4712 2604 4771 casibus
2680 4712 3019 4770 difficilibus

1741 4803 2187 4878 splendidisque
2218 4802 2462 4860 effertur
2505 4800 2786 4859 encomiis
2819 4820 2851 4858 a
2883 4801 3022 4859 viris
