3625 5193
577 267 696 319 675
917 254 1288 307 1621—1640.
1315 246 1621 315 Theologia
1648 263 1766 316 pos.
1792 246 1853 298 16
1881 245 2038 316 Hisp.
2068 246 2282 312 Crat-cia,
2311 209 2556 300 Thomas
2581 245 2648 299 de
2674 245 2821 309 Jesu‚
3056 263 3182 316 67ss

572 431 714 496 seas.
762 434 1101 492 Dominicus
1135 435 1409 492 Garcia
1442 437 1751 510 Aragonus
1786 427 1847 512 (†
1906 441 2004 495 26.
2038 433 2206 494 Mart.
2238 453 2272 491 a
2309 442 2473 496 1627
2508 432 2708 508 magni
2746 431 2936 490 factus
2970 451 3006 490 a
3036 431 3184 489 viris

584 520 774 601 1629)
824 522 1207 582 laudabiliter
1255 523 1495 598 scripsit
1540 523 1849 597 multaque
1903 522 2109 584 doctis,
2140 522 2555 580 Eruditionem
2580 522 2707 595 ejus
2725 522 3026 579 testantur
3046 539 3186 595 ope-

572 612 923 680 eruditione,
957 613 1225 686 quamvis
1243 611 1502 670 Joannes
1522 606 1850 689 Morinus¹)
1904 631 1985 679 ra,
2036 630 2290 686 quorum
2337 611 2510 686 plura
2554 609 2904 686 prodierunt
2941 609 3188 668 collecta

572 720 708 759 eum
760 705 922 758 taxet
971 701 1342 776 arrogantiae
1384 702 1654 760 nomine:
1705 700 1850 757 Pro-
1905 701 2015 758 sub
2060 701 2276 759 titulo:
2324 700 2516 773 Opera
2547 701 2744 758 omnia
2775 698 3002 757 homini
3051 699 3188 756 reli-

563 790 898 867 puqnacula
943 790 1304 848 validissima
1356 791 1652 866 reliyionis
1694 790 1848 846 chri·
1905 790 2072 866 gioso
2104 792 2165 848 et
2195 789 2517 863 apostolico
2550 787 2891 855 utilissima,
2915 787 3190 846 Coloniae

571 881 796 937 atienae
815 883 1017 937 contra
1036 879 1395 937 obstinatam
1416 878 1717 954 perfidiam
1738 877 1850 936 ,16-
1916 888 2078 941 1684
2111 881 2153 936 1.
2191 887 2225 939 2
2261 879 2322 935 16
2363 888 2387 938 1
2427 877 2493 934 16
2524 877 2580 944 f.‚
2620 895 2771 952 quae
2809 876 3189 952 potissimum

572 966 853 1025 daeorum
882 966 1073 1025 adhuc
1103 968 1568 1043 exspectantium
1591 967 1849 1041 primum
1906 968 1977 1025 ad
1994 967 2237 1026 ascesim
2252 970 2314 1024 et
2335 967 2518 1026 vitam
2539 966 2871 1042 religiosam
2898 968 3187 1041 spectant,

571 1056 893 1114 adventum
912 1055 1176 1126 Messiae,
1197 1075 1426 1115 necnon
1445 1056 1728 1115 adversus
1740 1055 1850 1113 fal·
1905 1060 1967 1115 et
1996 1057 2157 1115 inter
2176 1074 2327 1130 quae
2347 1058 2489 1114 sunt
2519 1074 2604 1112 ex.
2635 1074 2720 1130 gr.
2742 1055 2815 1112 de
2844 1055 3188 1128 contempla·

574 1163 668 1203 sas
700 1145 1080 1203 rabbinorum
1113 1145 1265 1203 circa
1297 1164 1341 1203 s.
1362 1145 1731 1220 Scripturam
1750 1163 1851 1203 ex·
1904 1147 2052 1203 tione
2081 1141 2282 1202 divina
2302 1145 2364 1206 ll.
2399 1155 2433 1206 6
2468 1143 2825 1219 Antverpiae
2864 1151 3061 1213 16203
3095 1142 3186 1200 di-

574 1233 900 1308 positiones
933 1252 1003 1291 ex
1034 1234 1243 1292 multis
1278 1234 1342 1292 V.
1374 1234 1434 1292 T.
1468 1234 1613 1292 locis
1640 1251 1851 1292 secun·
1906 1234 2073 1292 vinae
2116 1252 2223 1291 seu
2252 1254 2286 1290 a
2319 1234 2436 1291 Deo
2474 1233 2703 1291 infusae
2748 1233 3029 1290 orationis
3074 1251 3188 1290 me-

575 1321 718 1380 dum
749 1323 1002 1398 rigorem
1033 1322 1307 1381 lectionis
1349 1323 1666 1392 hebraicae,
1713 1321 1849 1379 Cae·
1908 1324 2113 1381 thodus
2163 1321 2228 1379 ll.
2286 1331 2341 1391 4,
2396 1321 2473 1384 ib.
2532 1330 2728 1389 1523;
2781 1322 3190 1379 commentaria

575 1413 963 1486 aaraugustae
988 1421 1152 1473 1606
1187 1411 1253 1469 16
1284 1421 1342 1475 4.
1374 1411 1557 1469 Aliud
1588 1410 1853 1486 ejusdem
1909 1412 2217 1488 theoloqica
2249 1411 2315 1468 in
2345 1430 2443 1485 qq.
2477 1421 2502 1472 1
2521 1419 2774 1473 71—75
2803 1418 2859 1470 2.
2885 1419 2940 1471 2.
2960 1410 3015 1467 d.
3037 1410 3189 1467 Tho·

575 1517 723 1574 opus
753 1503 993 1574 praeter
1025 1500 1309 1573 quaedam
1341 1500 1437 1576 pie
1456 1504 1518 1558 et
1538 1500 1706 1558 docte
1739 1498 1853 1556 lin·
1906 1520 2033 1559 mae
2083 1502 2183 1568 A.;
2239 1499 2589 1557 Bibliotheca
2638 1499 3017 1557 carmelitana
3068 1499 3192 1557 sive

576 1606 694 1663 gua
725 1588 1040 1646 vernacula
1070 1587 1462 1665 conscripta2)
1483 1593 1606 1647 est:
1640 1589 1853 1646 Recen-
1909 1588 2195 1647 nobilium
2214 1588 2442 1664 aliquot
2457 1588 2867 1646 carmelitanae
2886 1588 3192 1665 religionis

576 1678 789 1734 tiorum
865 1679 1170 1735 variarum
1244 1684 1295 1735 et
1366 1675 1853 1736 inextricabilium
1912 1678 2270 1753 scriptorum
2304 1695 2668 1752 operumque
2698 1675 2937 1734 illorum
2970 1677 3192 1735 catalo-

577 1766 971 1840 quaestionum
1016 1783 1085 1823 ex
1128 1766 1433 1824 visceribus
1470 1768 1503 1825 l.
1535 1767 1856 1824 historialis
1909 1785 2051 1843 gus;
2100 1766 2400 1824 Methodus
2443 1766 2820 1824 examinandi
2864 1769 2925 1823 et
2969 1765 3191 1824 discer-

583 1855 818 1911 Genesis
860 1860 911 1911 et
958 1854 1114 1912 illinc
1149 1855 1587 1930 pulluuantium
1629 1856 1851 1913 discus·
1907 1854 2124 1914 nendi'
2153 1855 2525 1930 spiritualem
2584 1853 2813 1912 animae
2861 1854 3193 1930 profectum

576 1944 680 2018 sio,
717 1942 1210 2020 Caesaraugustae
1241 1952 1402 2006 1624
1437 1944 1502 2002 in
1522 1944 1562 2002 f.
1580 1976 1667 1986 —
1686 1942 1857 2002 Alter
1910 1944 2203 2022 (Coloniae
2228 1937 2721 2025 16231616)616.
2741 1943 3129 2018 Praecipuum
3142 1938 3191 2022 ¹)

577 2031 731 2088 sama
774 2031 987 2090 clarior
1028 2036 1123 2090 est
1160 2033 1410 2092 Thomas
1440 2032 1526 2091 de
1556 2032 1594 2091 J
1611 2028 1852 2112 esus-⁹2)
1909 2051 2049 2091 vero
2090 2036 2184 2090 est
2234 2032 2563 2091 Thesaurus
2605 2033 2924 2105 sapientiae
2966 2032 3195 2090 divinae

579 2119 643 2178 Ο.
694 2119 878 2179 Carm.
927 2121 1219 2191 Baeticus,
1262 2121 1616 2192 Beaciensis,
1684 2123 1858 2181 antea
1910 2123 1974 2179 in
1999 2123 2253 2199 yentium
2285 2123 2542 2179 omnium
2572 2122 2756 2180 salute
2784 2121 3193 2195 procuranda,

578 2209 775 2267 dictus
841 2209 1095 2268 Didacus
1160 2228 1267 2269 seu
1325 2212 1462 2269 Dia
1524 2211 1857 2270 Sanchez
1912 2209 2432 2280 schismaticorum,
2474 2210 2922 2280 haereticorum,
2968 2209 3006 2268 J
3011 2210 3193 2268 udae·

580 2297 866 2356 Davila.
919 2298 1031 2357 Hic
1075 2298 1262 2357 literis
1305 2299 1611 2376 ingenium
1644 2301 1730 2359 ita
1760 2318 1854 2358 or·
1912 2317 2099 2369 orum,
2140 2299 2561 2357 Saracenorum
2606 2302 3052 2374 ceterorumque
3099 2301 3194 2357 in-

578 2386 748 2445 navit
777 2406 844 2445 ac
875 2387 1037 2446 dives
1066 2388 1342 2459 reddidit,
1375 2388 1578 2446 literas
1611 2389 1699 2447 ita
1722 2406 1856 2446 cum
1912 2387 2175 2446 fidelium
2208 2407 2434 2447 errores
2460 2387 2888 2456 demonstrans,
2910 2387 3193 2464 impiissi-

580 2475 801 2551 pietate
855 2476 1118 2545 sociavit,
1169 2477 1561 2552 famularique
1610 2478 1664 2536 ei
1712 2476 1857 2535 adeo
1911 2496 2139 2535 marum
2172 2481 2482 2546 sectarum,
2516 2476 2763 2535 maxime
2794 2477 3191 2546 orientalium,

579 2564 815 2623 utiliter
845 2564 1002 2637 fecit,
1035 2569 1108 2624 ut
1129 2564 1193 2625 in
1210 2565 1577 2625 fertilissima
1599 2567 1859 2625 virorum
1913 2566 2064 2626 ritus
2096 2565 2167 2624 ad
2201 2566 2481 2625 historiae
2513 2566 2687 2625 fidem
2712 2575 2784 2628 12
2809 2567 2872 2629 ll.
2894 2584 3191 2634 enarrans,

580 2671 712 2711 cum
745 2653 1025 2723 doctrina,
1057 2658 1188 2712 tum
1223 2654 1378 2712 vitae
1409 2674 1474 2713 ac
1507 2674 1737 2714 morum
1766 2656 1857 2713 in·
1912 2674 2141 2715 errores
2187 2656 2258 2713 ad
2303 2656 2577 2715 veritatis
2623 2655 2815 2714 lucem
2861 2656 3194 2723 confutans,

580 2741 863 2818 tegritate
895 2745 956 2799 et
985 2743 1298 2801 sanctitate
1328 2742 1658 2819 insignium
1688 2744 1858 2801 fami·
1915 2745 2289 2821 Antwerpiae
2330 2754 2495 2808 1613
2530 2745 2594 2802 in
2625 2754 2696 2815 43
2738 2753 2939 2813 1652;
2986 2744 3197 2803 melior

580 2830 660 2887 lia
688 2830 966 2903 aequales
1000 2831 1114 2889 sibi
1149 2830 1534 2906 paucissimos
1564 2835 1857 2909 agnoscat.
1913 2838 2117 2891 tamen
2148 2837 2239 2892 est
2268 2832 2452 2892 editio
2485 2833 2755 2892 Coloniae
2786 2842 2969 2895 1684.
3002 2834 3196 2891 Raris·

580 2918 787 2975 Novus
819 2917 1009 2976 adhuc
1038 2919 1197 2978 inter
1228 2920 1460 2978 sodales
1484 2921 1737 2980 necdum
1758 2940 1859 2980 vo·
1915 2923 2064 2980 sima
2093 2922 2380 2981 dicuntur
2398 2923 2529 2998 ejus
2550 2922 2972 2981 commentaria
2990 2922 3054 2981 in
3074 2940 3194 2998 cap.

581 3006 658 3063 tis
719 3006 1045 3065 obstrictus
1095 3009 1519 3067 consulebatur
1567 3010 1858 3085 probaba·
1915 3011 2049 3069 Non
2082 3011 2318 3070 dicatis:
2358 3011 2426 3069 de
2468 3018 2622 3070 statu
2656 3011 3083 3081 monachorum,
3134 3011 3199 3070 in

584 3097 804 3170 turque
850 3115 884 3153 a
929 3096 1168 3155 senibus
1212 3098 1527 3156 consilium
1574 3100 1637 3156 in
1683 3100 1860 3158 rebus
1915 3100 2133 3176 quibus
2165 3100 2237 3159 de
2268 3104 2484 3159 natura
2515 3100 2637 3159 voti
2677 3100 3062 3175 paupertati&
3094 3099 3196 3157 de·

580 3184 915 3244 domesticis
935 3186 1274 3261 quibusque
1306 3190 1486 3262 atque
1505 3188 1606 3245 ard
1617 3188 1705 3246 uis
1723 3207 1859 3264 pro-

580 3274 787 3331 ferens.
848 3274 1081 3334 Italiam
1124 3275 1368 3334 veniens
1401 3276 1585 3335 Paulo
1616 3276 1682 3336 V.
1718 3276 1860 3335 adeo
1992 3310 2029 3367 η
2059 3305 2399 3367 FenervssL
2422 3309 2547 3363 139=
2575 3305 2828 3370 „Urbain
2848 3305 2994 3359 vm·
3024 3307 3080 3358 et
3099 3304 3197 3359 Be,

581 3381 642 3421 86
689 3364 979 3438 probavit,
1025 3369 1097 3424 ut
1140 3365 1214 3423 ab
1260 3384 1327 3424 eo
1372 3366 1746 3423 existimatus
1780 3366 1864 3423 sit
1917 3370 2036 3433 nort
2062 3377 2204 3429 XIV.
2247 3377 2513 3430 faisaient
2536 3377 2719 3445 grand
2758 3394 2849 3430 cas
2887 3376 2954 3429 de
2989 3378 3078 3431 cet
3102 3391 3198 3429 ou·

581 3455 717 3510 ante
749 3452 891 3510 alios
938 3453 1187 3513 idoneus
1233 3454 1501 3512 minister
1531 3454 1860 3513 deducendi
1918 3464 2087 3518 Vl'stge
2114 3451 2317 3501 88ῗῦὓῦ
2342 3450 2400 3502 et
2424 3448 2590 3501 Ufflffl
2619 3448 2897 3517 plusieurs
2925 3445 3198 3502 &Orivainss

580 3542 641 3598 in
673 3542 936 3611 Galliam,
963 3543 1333 3601 Germaniam
1353 3543 1744 3619 Belgiumque
1766 3562 1860 3601 30,
1916 3535 1985 3571 en
2012 3521 2117 3574 ont
2152 3520 2413 3589 profite;“
2455 3519 2553 3572 sed
2594 3519 2705 3572 acri
2746 3535 3011 3573 censurae
3051 3517 3199 3571 illud

580 3630 615 3687 d
654 3630 693 3687 l.
1005 3632 1018 3643 .
1104 3632 1115 3644 .
1199 3634 1222 3669 4
1546 3632 1557 3644 .
1915 3590 2141 3657 subjicit
2167 3589 2230 3644 R.
2258 3590 2472 3654 Simon,
2513 3591 2571 3643 et
2594 3590 2770 3659 praef.
2799 3595 2838 3645 t».
2864 3594 2913 3647 5.
2954 3606 3045 3659 op.
3073 3587 3199 3669 1361·-

621 3652 652 3687 a
681 3649 806 3688 lum
854 3650 1186 3706 Provmmas
1225 3626 1267 3712 )·
1329 3633 1594 3690 Decesfflt
1647 3632 1861 3691 Romae
1914 3661 2135 3730 petuite
2172 3660 2323 3714 dela
2359 3661 2438 3716 foi
2466 3660 2739 3729 legimus:
2779 3662 2903 3732 „On
2938 3662 3202 3714 convient

1916 3732 1984 3786 de
2003 3733 2184 3786 bonne
2212 3732 2308 3797 foi,
2330 3733 2446 3800 qui'
2460 3733 2504 3785 il
2518 3750 2555 3801 y
2572 3750 2605 3786 a
2631 3732 2771 3785 dans
2785 3748 2847 3787 ce
2863 3732 3033 3785 traite
3049 3730 3201 3800 quel·

656 3805 694 3864 ι)
723 3799 1025 3855 Exercitat.
1047 3800 1235 3853 biblio.
1264 3800 1300 3852 l.
1331 3805 1379 3855 1.
1408 3817 1453 3853 c.
1480 3805 1529 3856 2.
1917 3818 2054 3871 ques
2083 3802 2377 3858 6166101168
2413 3804 2555 3856 dont
2586 3805 2643 3858 la
2667 3804 2882 3857 lecture
2916 3806 3060 3873 peut
3083 3806 3201 3856 6116

655 3876 695 3937 ²)
725 3870 806 3923 Cf.
835 3869 903 3922 N.
926 3870 1240 3923 Antonium
1268 3872 1306 3935 I,
1334 3874 1454 3928 329.
1485 3871 1696 3939 Eodem
1724 3874 1862 3925 tem·
1915 3872 2074 3938 utile,
2104 3891 2328 3944 pourvu
2365 3874 2586 3943 qu'elle
2614 3874 2724 3928 soit
2757 3874 2897 3928 faite
2934 3891 3069 3928 avec
3094 3873 3202 3927 dis-

581 3957 714 4008 pore
753 3939 948 3993 floruit
985 3940 1117 3993 Nic
1133 3941 1249 3994 ola
1266 3959 1303 3995 u
1320 3959 1344 3994 8
1384 3942 1584 3995 Garcia
1621 3942 1682 3994 16
1724 3944 1862 3997 urbe
1916 3949 2255 4005 cernement,
2296 3946 2440 3999 Mais
2465 3946 2506 3999 11
2527 3964 2563 4014 y
2591 3962 2624 3999 a
2643 3947 2771 4000 tant
2791 3945 2858 3998 de
2884 3944 3201 4007 confusion,

579 4010 768 4079 patria
783 4011 1022 4082 (Avilae)
1043 4012 1347 4066 canonicus
1366 4015 1424 4066 et
1441 4013 1584 4083 juris
1604 4013 1862 4068 canonici
1916 4020 2045 4070 tant
2060 4016 2128 4070 de
2151 4018 2436 4082 faussetes,
2465 4019 2593 4070 tant
2617 4017 2983 4087 d'ignorance
2999 4019 3056 4068 et
3074 4018 3205 4068 tant

580 4083 872 4149 professor,
909 4084 1074 4152 cujus
1109 4084 1294 4137 exstat
1322 4084 1563 4155 insignis
1589 4087 1648 4138 et
1681 4085 1862 4138 erudi·
1917 4088 1985 4141 de
2009 4088 2377 4142 contrarietes
2398 4106 2508 4156 que
2528 4104 2675 4158 pour
2700 4105 2767 4142 66
2798 4086 2932 4141 11161
2952 4086 3201 4154 quelque

584 4155 673 4203 tus
701 4154 767 4205 tr.
809 4157 870 4207 de
908 4157 1175 4221 beneficius,
1213 4154 1531 4209 Taraconae
1561 4160 1699 4213 1609
1733 4158 1774 4209 1.
1797 4161 1861 4226 1;
1917 4159 2123 4223 utilite,
2150 4159 2194 4212 il
2216 4161 2339 4213 faut
2359 4160 2541 4213 savoir
2558 4159 2616 4212 la
2634 4159 2865 4212 matiere
2880 4157 3073 4210 mieux
3089 4174 3201 4226 que

581 4223 796 4276 Matriti
822 4228 962 4281 1613
989 4230 1028 4279 1.
1055 4230 1118 4296 2;
1161 4226 1526 4296 Antwerpiae
1552 4231 1720 4287 1618;
1759 4228 1863 4281 Ve·
1917 4248 1987 4283 ne
2012 4230 2069 4284 la
2096 4231 2280 4283 savait
2303 4231 2564 4284 l'auteur.
2593 4230 2740 4284 C'est
2763 4229 3083 4298 cependant
3106 4245 3203 4281 sur

581 4294 746 4348 netiis
772 4300 940 4367 1629;
970 4296 1199 4351 Genuae
1226 4302 1366 4356 1636
1391 4298 1450 4351 16
1478 4299 1514 4351 f.
1918 4305 2007 4356 cet
2047 4318 2310 4370 ouvrage,
2356 4304 2415 4355 et
2452 4301 2726 4370 quelques
2767 4305 2959 4354 autres
3003 4315 3201 4355 encore

655 4369 695 4437 ³)
723 4367 882 4449 {ilius
907 4385 940 4421 a
966 4368 1218 4436 piissimo
1248 4369 1358 4423 Th.
1389 4370 1456 4422 de
1483 4370 1513 4422 J
1527 4386 1660 4428 686,
1701 4370 1862 4437 cujus
1916 4373 2044 4442 plus
2071 4373 2422 4435 desectueux,
2459 4390 2569 4441 que
2609 4374 2667 4426 la
2693 4373 2925 4443 plupart
2951 4371 3020 4425 de
3047 4388 3202 4433 ceux,

581 4453 941 4493 memmimus
969 4458 1020 4508 p.
1050 4444 1118 4495 59
1134 4457 1183 4496 a.
1918 4443 2020 4511 qui
2047 4446 2147 4497 out
2175 4445 2314 4498 66111
2338 4444 2536 4512 depuis
2561 4446 2691 4499 cent
2723 4461 2825 4497 ans
2852 4461 2923 4497 ou
2950 4443 3202 4506 environ,

654 4510 810 4630 tsslta
847 4510 915 4567 N.
943 4512 1226 4565 Antonius
1263 4511 1329 4573 ΙΙ,
1366 4515 1471 4567 305
1498 4527 1539 4565 8.
1579 4510 1659 4564 Cf.
1695 4511 1862 4579 plura
1918 4517 2018 4567 ont
2044 4515 2223 4569 forme
2248 4515 2300 4568 le
2344 4516 2628 4583 ‘ugement
2654 4515 2833 4583 qu'ils
2870 4516 2969 4566 061
2994 4514 3101 4567 fait
3134 4513 3202 4567 de

581 4576 642 4628 in
707 4579 906 4635 homae
923 4585 1026 4649 Aq.
1044 4600 1077 4633 a
1098 4601 1139 4634 8.
1153 4582 1184 4635 J
1197 4599 1228 4633 o
1242 4598 1306 4635 se
1320 4581 1405 4649 ph
1426 4581 1556 4635 diss.
1576 4582 1862 4636 historico·
1917 4586 1973 4639 la
1992 4587 2219 4640 6166666
2237 4590 2293 4639 61
2316 4534 2382 4639 (ie
2396 4585 2453 4638 la
2470 4586 2767 4656 discipline
2786 4585 2882 4639 des
2900 4585 3202 4637 Orientaux

583 4646 755 4701 theol.
783 4650 850 4702 de
890 4652 1281 4719 patriarchatu
1309 4651 1464 4703 Eliae
1493 4672 1545 4721 p.
1573 4658 1621 4708 ⁶2.
1652 4656 1782 4706 sect.
1810 4659 1862 4710 4.
1918 4658 2191 4710 touchant
2204 4657 2283 4710 les
2303 4660 2643 4711 saci-emente
2665 4659 2721 4712 et
2735 4658 2816 4711 les
2831 4658 3017 4709 autres
3038 4654 3203 4708 artic·

584 4717 862 4781 §3.Henr.
889 4722 1026 4776 aSS.
1065 4722 1210 4775 Sacr.
1241 4720 1368 4775 coll.
1391 4722 1579 4791 script,
1600 4724 1864 4781 O.Carm.
1916 4727 1994 4780 les
2031 4729 2412 4781 controversas
2453 4732 2610 4782 entre
2649 4727 2732 4781 les
2767 4726 3121 4795 catholiques
3148 4730 3199 4780 et

585 4786 653 4849 11,
681 4792 926 4880 159—653
943 4812 955 4861 ;
987 4791 1213 4845 Villiers
1241 4792 1309 4855 11,
1335 4796 1440 4849 815
1462 4810 1530 4849 ss.
1918 4799 1995 4851 les
2024 4800 2341 4869 protestans
2368 4802 2508 4853 etc.“
