3625 5193
461 282 626 337 1039
1178 263 1454 334 Georgius
1480 266 1665 332 Amb„
1692 264 1852 330 Mita,
1879 264 2051 320 Merlo
2080 264 2361 319 Horatius.
2917 286 3081 339 1090

455 451 658 511 addita
688 449 943 527 propriis
990 451 1201 518 aliena,
1248 450 1585 509 illustratos
1616 452 1738 511 vel·
1794 450 2221 526 praescribitur
2250 453 2360 510 etc.
2392 450 2636 511 Parisiis
2677 464 2861 516 1646.
2897 463 3081 519 1648.

452 542 568 600 lem
599 559 804 599 omnes
847 539 1069 598 latinos
1112 542 1331 615 patres,
1379 540 1491 599 etsi
1537 540 1739 599 mixtis
1802 549 1968 602 1650
2003 544 2048 598 t.
2073 548 2107 601 3
2132 539 2196 597 in
2213 539 2252 597 f.
2286 541 2629 599 Praemittit
2648 542 2939 602 vindicias
2959 547 3081 603 ter-

450 629 524 688 ad
569 648 695 689 rem
734 647 855 688 non
900 627 1342 704 pertinentibus
1380 630 1549 705 justo
1594 647 1736 705 pro·
1793 628 2153 698 tullianicas,
2188 647 2443 703 quarum
2475 630 2538 688 in
2561 631 2754 706 prima
2785 633 3081 692 curiosius

450 719 680 778 lixior.‘
715 718 795 778 Et
811 719 989 794 paulo
1022 717 1177 776 infra
1190 714 1264 799 ¹):
1302 718 1584 786 ,Summo
1606 721 1736 777 stu·
1794 718 1922 794 agit
1950 717 2023 776 de
2056 716 2411 777 Tertulliani
2453 720 2666 794 patria,
2713 720 3077 792 educatione,

448 808 550 867 dio
598 827 706 867 suo
756 810 818 866 et
867 807 1215 865 collectione
1274 807 1736 867 laboriosissima
1793 805 2010 866 studiis
2041 806 2293 882 aliisque
2338 808 2413 866 ad
2445 808 2628 867 vitam
2675 810 2805 884 ejus
2836 814 3078 869 natura-

448 897 660 966 effecit,
695 901 768 956 ut
786 895 1239 967 Tertullianum,
1274 915 1393 972 qua
1415 896 1733 955 mendosus
1791 895 1911 953 lem
1955 896 2395 972 spectantibus;
2443 897 2508 955 in
2557 906 2611 958 2.
2659 917 2717 974 p.
2762 898 2920 956 inter
2963 899 3081 958 alia

445 1004 565 1045 non
585 989 694 1056 est,
716 986 899 1045 etiam
917 985 1023 1061 qui
1042 985 1386 1056 horrebant,
1417 986 1538 1045 imo
1558 985 1732 1044 time·
1790 983 2165 1060 disquiritur,
2200 985 2420 1060 quibus
2439 986 2678 1046 motivis
2712 986 2786 1045 ad
2804 988 3077 1047 christia·

444 1076 593 1134 bant
625 1078 816 1145 antea,
841 1076 965 1150 jam
996 1074 1224 1133 facilem
1245 1093 1444 1133 amare
1475 1075 1655 1133 etiam
1674 1077 1733 1133 et
1788 1091 1927 1131 nam
1959 1073 2136 1132 fidem
2167 1074 2460 1134 adductus
2492 1074 2718 1134 fuerit?
2767 1095 2843 1135 an
2875 1077 3078 1136 statim

443 1164 787 1241 intelligere
818 1162 1068 1238 possint.
1084 1171 1112 1200 ‘
1154 1163 1238 1222 De
1270 1165 1400 1240 ejus
1433 1182 1731 1222 commen·
1789 1182 1824 1218 a
1843 1162 2222 1221 conversione
2240 1164 2538 1238 baptismo
2557 1164 2833 1223 initiatus
2855 1165 3076 1225 fuerit?

443 1253 596 1311 tario
616 1253 737 1317 inl.
759 1253 831 1311 de
850 1251 1032 1328 pallio
1052 1252 1360 1327 speciatim
1378 1253 1639 1311 advertit
1648 1248 1729 1333 2):
1790 1270 1867 1309 an
1899 1255 1958 1309 et
1977 1269 2218 1310 uxorem
2250 1253 2326 1310 ad
2343 1252 2518 1311 fidem
2550 1254 2840 1313 traxerit?
2873 1274 2949 1313 an
2964 1255 3074 1314 Ec-

446 1341 658 1411 ,Quod
711 1359 863 1417 opus
895 1343 957 1400 et
999 1341 1258 1416 propriis
1291 1341 1550 1401 auctoris
1595 1343 1730 1400 dili·
1788 1340 2000 1399 clesiae
2045 1340 2265 1412 doctor,
2315 1361 2391 1400 an
2432 1342 2717 1413 sacerdos,
2765 1363 2839 1401 an
2870 1363 3071 1402 mona-

440 1431 778 1507 gentissimi
809 1435 871 1490 et
911 1429 1163 1489 aliorum
1209 1430 1729 1491 observationibus
1788 1429 1953 1499 chus,
2001 1449 2078 1488 an
2109 1433 2339 1506 martyr
2376 1430 2602 1489 fuerit?
2652 1442 2705 1494 3.
2738 1451 2796 1507 p.
2829 1432 2903 1490 de
2933 1433 3073 1491 Ter-

442 1520 713 1578 sollerter
745 1519 1094 1594 constipatis
1127 1523 1390 1578 meretur
1434 1520 1728 1578 accenseri
1788 1518 2028 1576 tulliani
2059 1519 2335 1577 doctrina
2377 1521 2628 1595 ejusque
2673 1521 2910 1597 scriptis
2951 1524 3073 1579 tam

441 1609 784 1667 utilissimis
799 1608 1553 1683 antiquitatiillustrandae
1571 1628 1726 1668 com·
1787 1607 2173 1683 apologeticis
2206 1627 2384 1682 quam
2430 1609 2734 1684 polemicis
2775 1612 2837 1669 et
2865 1628 3070 1685 parae-

437 1697 806 1761 mentariis.‘
870 1698 1110 1773 Nourry
1122 1693 1173 1778 8)
1204 1716 1342 1756 vero
1375 1698 1564 1773 carpit
1589 1699 1725 1756 inu-
1784 1697 1999 1754 neticis
2019 1697 2161 1772 agit.
2194 1697 2290 1754 Ita
2321 1700 2522 1756 autem
2545 1698 2617 1756 de
2643 1698 2911 1757 doctrina
2941 1700 3071 1774 ejus

437 1788 574 1844 tiles
620 1805 686 1843 ac
730 1787 1030 1863 longiores
1078 1806 1113 1844 a
1152 1787 1459 1862 proposito
1505 1786 1727 1846 alienas
1784 1802 1847 1843 se
1880 1804 2052 1861 agere
2081 1785 2414 1861 profitetur,
2462 1790 2533 1845 ut
2564 1788 2694 1861 ejus
2739 1805 2965 1847 errores
3006 1788 3071 1846 in

437 1875 848 1951 digressiones,
902 1875 1062 1949 quod
1104 1878 1337 1934 textum
1381 1893 1503 1934 non
1548 1876 1725 1935 casti·
1783 1872 1999 1932 bonam
2060 1878 2292 1949 partem
2366 1875 2752 1950 interpretari
2822 1877 3069 1935 nitatur.

436 1964 668 2039 gaverit
716 1964 790 2021 ad
840 1981 978 2024 mss,
1032 1964 1195 2022 codd.
1215 2008 1228 2034 ,
1283 1982 1477 2039 neque
1527 1964 1726 2023 omnia
1782 1962 1940 2020 Haec
1969 1966 2168 2021 tamen
2200 1962 2287 2021 ed.
2320 1983 2440 2023 non
2472 1965 2626 2024 tanti
2647 1961 2795 2045 fitl),
2830 1985 2938 2024 nec
2971 1965 3068 2023 de-

434 2052 690 2111 ediderit
739 2071 922 2128 opera
982 2056 1089 2111 etc.
1166 2052 1370 2113 Refert
1434 2053 1720 2111 Schoene·
1781 2055 1925 2108 sunt
1945 2052 2051 2126 qui
2070 2056 2315 2127 carpant
2353 2054 2805 2113 annotationum
2826 2055 3067 2113 adnau-

435 2138 676 2220 mann4)
712 2161 845 2200 raro
877 2142 939 2200 in
986 2141 1359 2200 bibliothecis
1404 2141 1722 2200 refertissi-
1779 2157 1942 2197 seam
1961 2158 2152 2215 usque
2169 2141 2589 2216 prolixitatem.
2630 2141 2814 2201 Trina
2832 2162 2875 2201 s.
2894 2144 3068 2201 Pauli

433 2231 543 2288 mis
580 2239 612 2291 2
649 2232 794 2289 istos
814 2230 900 2290 La
919 2230 1134 2289 Cerdae
1164 2234 1207 2289 t.
1240 2231 1513 2300 inveniri,
1533 2231 1723 2289 rarius
1779 2229 2077 2304 theoloqia,
2107 2230 2382 2304 positiva,
2432 2231 2672 2289 moralis
2705 2234 2766 2290 et
2808 2231 3065 2307 mystica

435 2319 693 2379 secundo
724 2320 986 2395 primum
1011 2320 1233 2378 sociari.
1258 2355 1339 2362 —
1361 2320 1723 2379 Adversaria
1779 2335 1889 2375 seu
1919 2318 2236 2395 omnigena
2279 2319 2343 2378 in
2375 2337 2419 2377 s.
2452 2319 2622 2378 Pauli
2656 2338 2746 2394 ap.
2781 2320 3065 2394 epistolas

433 2427 622 2480 sacra,
656 2425 807 2484 opus
827 2408 1058 2467 varium
1090 2409 1366 2467 acveluti
1398 2409 1491 2466 fax
1524 2408 1596 2466 ad
1628 2408 1718 2467 lu·
1778 2407 2216 2476 commentaria,
2249 2407 2326 2465 ib.
2370 2417 2552 2471 1649.
2582 2418 2749 2472 1650
2783 2413 2828 2471 t.
2865 2418 2900 2471 3
2935 2409 2997 2466 in
3025 2409 3062 2465 f.

435 2516 560 2555 cem
591 2515 771 2572 quam
817 2498 1142 2556 multorum
1195 2498 1457 2558 locorum
1490 2498 1718 2556 utrius·
1777 2495 2051 2554 Paratam
2071 2496 2327 2555 habebat
2346 2497 2705 2575 theologiam
2723 2516 2797 2556 ss,
2819 2501 3064 2572 patrum

434 2605 549 2661 que
580 2587 968 2647 instrumenti
997 2593 1357 2663 patrumque
1389 2591 1449 2646 et
1469 2587 1719 2662 scripto-
1775 2584 1842 2642 in
1877 2593 1911 2645 6
1949 2588 1992 2643 t.
2024 2586 2086 2644 in
2120 2585 2156 2643 f.
2190 2585 2599 2657 distributam,
2650 2606 2829 2662 quam
2873 2589 3063 2646 morte

430 2695 565 2734 rum
599 2695 1118 2751 quorumcunque:
1154 2677 1509 2735 christianae
1554 2677 1716 2736 anti-
1774 2678 2131 2748 praeventus
2193 2676 2412 2750 praelis
2483 2677 2837 2735 submittere
2898 2676 3059 2735 haud

433 2765 685 2839 quitatis
718 2769 778 2824 et
808 2784 883 2827 ss.
914 2766 1142 2824 rituum
1184 2767 1518 2842 pancarpia,
1569 2766 1716 2842 poli·
1774 2762 1977 2821 valuit.

430 2853 601 2912 tioris
662 2853 917 2930 denique
979 2854 1322 2913 literaturae
1397 2855 1715 2914 thesaurus

431 2942 761 3016 multiplex.
795 2938 1062 3001 Accessit
1083 2944 1350 3017 psalterii
1383 2942 1713 3003 Salomonis
1864 2950 2007 3002 468.
2042 2942 2282 3000 Praeter
2314 2943 2434 3012 hoe,
2469 2930 2619 3017 quos
2646 2942 2818 3000 modo
2849 2941 3052 3000 lauda-

430 3048 498 3087 ex
549 3049 756 3107 graeco
806 3049 913 3089 ms.
961 3032 1083 3092 cod.
1132 3034 1476 3107 pervetusto
1526 3032 1714 3090 latina
1771 3029 1987 3097 vimUS,
2022 3031 2321 3089 mentione
2341 3031 2507 3108 digni
2529 3031 2724 3090 adhuc
2742 3033 2917 3089 sunt:
2941 3032 3056 3090 Do-

428 3120 620 3177 versio
641 3124 703 3178 et
736 3120 809 3178 ad
828 3120 1179 3179 Tertulliani
1200 3122 1237 3178 1.
1260 3120 1332 3179 de
1354 3121 1535 3195 pallio
1558 3139 1713 3180 com-
1770 3117 2022 3177 minicus
2073 3119 2208 3175 Mit
2226 3140 2261 3178 a
2310 3119 2684 3196 Ugutionelli
2745 3120 3055 3194 parochus,

426 3209 752 3266 mentarius
773 3210 1018 3278 auctior,
1052 3209 1332 3287 Lugduni
1358 3219 1522 3271 1626
1558 3210 1618 3267 in
1640 3210 1711 3279 f.;
1769 3212 1944 3265 antea
1975 3207 2172 3283 legum
2205 3213 2266 3266 et
2296 3209 2408 3267 fori
2443 3209 2642 3267 studio
2661 3208 2916 3277 dedituS,
2951 3209 3056 3281 qui

426 3298 495 3354 de
526 3299 853 3357 excellentia
896 3299 1215 3357 coelestium
1259 3300 1596 3373 spirituum,
1650 3299 1711 3357 in
1768 3294 1927 3353 Petri
1961 3296 2295 3373 Chrysoloyi
2338 3316 2624 3356 sermones
2666 3298 2737 3355 ad
2783 3300 3054 3355 vetustos

424 3386 633 3460 primis
665 3387 736 3445 de
767 3388 965 3463 angeli
996 3388 1264 3446 custodis
1283 3387 1619 3446 ministerio
1651 3389 1707 3459 l.,
1766 3384 1995 3443 codices
2027 3387 2363 3462 recognitos
2396 3390 2457 3445 et
2502 3386 2629 3444 suis
2661 3385 2902 3443 scholiis
2933 3403 3056 3444 non

424 3474 664 3533 Parisiis
704 3486 860 3540 1631
904 3477 966 3535 in
1002 3488 1055 3541 8.
1769 3472 2090 3532 admodum
2121 3474 2308 3533 doctis
2348 3474 2690 3533 enucleatos
2721 3474 2912 3532 edidit
2940 3475 3052 3532 Bo·

1765 3565 1978 3620 noniae
2016 3572 2182 3624 1643
2218 3564 2280 3621 in
2305 3574 2374 3633 43
2407 3563 2672 3622 Venetiis
2716 3572 2900 3625 1740.
2930 3563 3053 3620 Ad·

516 3662 659 3713 467.
704 3655 872 3712 Alter
917 3658 1009 3713 est
1041 3654 1420 3731 Georgius
1464 3654 1703 3712 Ambia-
1757 3652 1902 3724 jecit
1946 3654 2121 3709 vitam
2152 3653 2314 3710 Petri
2348 3653 2695 3729 chrysologi
2742 3670 2810 3709 ex
2856 3651 3051 3727 ipsius

422 3742 621 3798 nensis
655 3741 717 3799 Ο.
752 3743 903 3817 Cap„
950 3744 1042 3801 vir
1082 3744 1227 3801 mire
1272 3743 1609 3801 industrius
1645 3740 1706 3822 (†
1764 3740 2022 3798 homiliis
2042 3743 2102 3798 et
2121 3741 2299 3799 variis
2320 3742 2679 3817 scriptorum
2700 3758 3050 3799 monumen-

431 3826 642 3909 1657),
669 3833 820 3888 teste
842 3832 1283 3906 Genuensi,qui
1305 3832 1553 3891 editioni
1569 3831 1703 3890 Ter·
1760 3829 1841 3886 tis
1873 3832 2005 3887 tum
2052 3829 2361 3905 impressis
2395 3834 2524 3888 tum
2571 3849 2709 3890 mss.
2751 3830 3047 3905 conquisi-

421 3918 657 3977 tulliani
680 3920 985 3994 inscripsit
1005 3921 1285 3979 titulum:
1319 3922 1705 3979 Tertullianus
1760 3920 1901 3986 tam,
1938 3919 2246 3978 collectam
2277 3922 2339 3977 et
2372 3918 2689 3978 ordinatim
2735 3919 3046 3996 digestam.

417 4009 704 4066 redivivus
722 4009 959 4067 scholiis
978 4013 1039 4066 et
1055 4010 1539 4068 annotationibus
1562 4010 1699 4068 illu·
1758 4041 1847 4050 —-
1894 4006 2087 4080 Opera
2128 4027 2173 4066 s.
2218 4009 2518 4066 Bernardi
2558 4009 3047 4067 annotationibus

420 4101 663 4167 stratus,
710 4097 774 4156 in
807 4116 925 4172 quo
971 4097 1289 4173 utriusque
1327 4099 1484 4173 juris
1518 4099 1702 4157 forma
1760 4096 2063 4154 illustrata
2095 4097 2362 4156 Coloniae
2405 4107 2560 4160 1641
2603 4097 2666 4155 in
2699 4098 2768 4168 f.;
2801 4097 3047 4155 Parisiis

418 4185 490 4242 ad
522 4187 808 4263 originem
842 4206 1008 4245 suam
1040 4189 1385 4245 recensetur
1416 4190 1477 4244 et
1509 4188 1700 4245 avitae
1769 4194 1964 4253 16423
2010 4186 2290 4262 Lugduni
2341 4195 2457 4248 167
2471 4196 2504 4247 9
2553 4186 2740 4245 edidit
2786 4185 3045 4244 Jacobus

416 4273 655 4348 pietatis
701 4275 1060 4334 amatoribus
1109 4275 1448 4351 inquirendi
1496 4294 1700 4334 norma
1758 4273 1992 4334 Merlo
2040 4276 2330 4334 oriundus
2380 4294 2448 4332 ex
2482 4275 2667 4332 Horst
2711 4275 2775 4331 in
2826 4273 3046 4330 ducatu

1755 4362 2077 4437 geldriensi
2112 4361 2240 4443 (24.
2273 4364 2395 4422 Jul.
2440 4362 2653 4441 1597),
2694 4362 2833 4419 hinc
2863 4360 3043 4419 Hor-

1756 4452 1948 4509 stius
1981 4453 2194 4512 dictus.
2230 4452 2335 4511 Vir
2354 4456 2485 4510 erat
2504 4450 2743 4527 pietatis
2764 4449 3039 4524 insignis,

1753 4541 1859 4614 qui
1890 4544 1961 4598 ut
1991 4560 2129 4600 suae
2163 4545 2222 4601 et
2268 4541 2521 4599 aliorum
2565 4538 2747 4596 saluti
2795 4537 3040 4595 liberius

494 4467 529 4533 ¹)
557 4462 638 4517 Ib.
666 4462 737 4515 ad
765 4462 801 4514 l.
827 4468 862 4519 4
890 4480 940 4518 v.
968 4469 1090 4521 414.

487 4541 527 4599 Ξ)
556 4534 633 4588 Ib.
662 4535 734 4587 ad
760 4533 795 4587 1.
825 4539 858 4591 3
883 4554 935 4590 v.
970 4539 1091 4592 153.

486 4609 529 4676 ³)
555 4606 781 4659 Dissert.
821 4607 883 4660 in
911 4606 1142 4664 Tertull.
1168 4608 1215 4658 A
1261 4604 1409 4677 olog.
1436 4625 1482 4660 c.
1508 4612 1543 4664 3
1569 4625 1618 4662 a.
1644 4612 1694 4664 3.

484 4681 525 4745 ⁴)
550 4677 613 4729 In
635 4677 894 4732 biblioth.
915 4678 1048 4733 hist.
1070 4678 1156 4738 lit,
1174 4676 1216 4730 P
1266 4717 1280 4730 .
1301 4678 1398 4732 lat.
1418 4679 1499 4733 Cf.
1522 4679 1694 4732 etiam

411 4747 772 4818 Haverkamp
801 4748 860 4802 in
881 4750 1057 4819 praef.
1084 4750 1157 4803 ad
1178 4750 1406 4805 Tertull.
1427 4750 1693 4820 Apolog.;
1829 4751 1868 4809 ¹)
1897 4746 1978 4801 Cf.
1999 4747 2054 4799 N
2058 4764 2228 4813 ourry
2255 4746 2474 4801 dissert.
2498 4744 2569 4797 ad
2586 4743 2820 4803 Tertull,
2836 4742 3041 4810 Apolo-

410 4821 826 4889 Sommervogel
854 4821 920 4888 11,
946 4825 1211 4879 984-90.
1751 4818 2002 4886 geticum
2030 4816 2088 4874 C.
2115 4822 2149 4873 3
2175 4834 2225 4871 a.
2253 4822 2304 4872 2.

622 4918 816 4975 Hurter,
856 4920 1192 4968 Nomenclator
1225 4920 1308 4966 111.
1335 4920 1412 4966 ed.
1440 4920 1490 4966 3.
2005 4914 2009 4919 ⁴
2643 4907 2711 4959 35
