3625 5193
590 258 625 313 8
636 258 670 311 3

936 243 1306 299 1564-1580.
1333 241 1675 309 Interpretes
1701 257 1742 294 s.
1769 241 2111 309 Scripturae.
2140 240 2332 295 Sixtus
2357 240 2839 308 Sen.,·Ballianu5,

3122 262 3201 316 84

586 446 651 485 ex
687 431 953 485 veterum
1004 429 1246 501 patrum
1297 426 1533 501 scriptis
1583 426 1864 485 acerrime
1923 426 2167 496 ,Sixtus
2214 446 2334 489 sen.
2380 429 2534 486 viam
2583 430 2820 504 aperuit
2866 431 3066 489 studio
3112 432 3203 490 hi-

586 515 935 575 confutabit.
971 515 1228 574 Octavus
1259 514 1467 572 iisdem
1503 516 1684 573 armis
1718 534 1864 573 cun·

585 609 708 664 ctas
760 606 1023 663 haereses
1074 604 1354 662 adversus
1402 604 1635 679 singula
1686 604 1749 662 V.
1801 604 1862 662 Τ.

583 694 887 753 volumina
936 693 1009 751 ab
1040 692 1350 751 haereticis
1385 693 1665 752 excitatas
1697 712 1861 751 ever-

580 787 728 844 tet.‘
765 781 1026 850 Quilibet
1040 782 1211 840 facile
1230 781 1411 853 videt,
1444 800 1593 857 opus
1628 782 1738 840 hoc
1770 783 1862 840 in-

581 873 778 949 gentis
812 889 940 930 esse
972 870 1321 930 eruditionis
1351 889 1719 948 magnaeque
1738 871 1861 930 uti-

584 962 791 1030 litatis,
828 960 1180 1035 Sixtumque
1213 960 1371 1018 inter
1388 978 1488 1018 eos
1511 978 1639 1019 esse
1659 978 1861 1020 recen-

582 1049 847 1120 sendum,
885 1050 987 1123 qui
1022 1048 1479 1108 introductionis
1529 1049 1591 1107 in
1625 1069 1672 1113 s.
1706 1050 1860 1107 Scri-

582 1144 819 1215 pturam
853 1138 1248 1196 condiderunt
1278 1137 1676 1213 disciplinam.
1710 1139 1864 1196 Hinc

580 1229 733 1286 illud
787 1246 907 1285 non
959 1227 1151 1285 solum
1206 1247 1240 1285 a
1284 1226 1603 1298 catholicis,
1656 1246 1862 1286 verum

582 1317 759 1375 etiam
820 1336 853 1373 a
915 1316 1383 1391 protestantibus
1403 1310 1466 1394 ¹),
1531 1336 1649 1375 non
1719 1316 1863 1375 olim

579 1409 835 1474 tantum,
870 1404 971 1463 sed
1002 1407 1208 1463 nostra
1239 1423 1476 1479 quoque
1506 1407 1697 1464 aetate
1732 1405 1862 1464 lau-

581 1495 775 1553 datur.
814 1494 925 1562 ‚In
956 1512 1043 1563 ea,
1078 1493 1275 1568 inquit
1307 1494 1415 1551 Du
1447 1490 1663 1575 Pin2),
1711 1495 1863 1552 nihil

579 1589 685 1652 est,
720 1583 879 1658 quod
911 1582 1268 1658 exquisitam
1296 1601 1414 1641 non
1435 1583 1697 1641 redoleat
1728 1602 1863 1642 eru-

580 1673 884 1742 ditionem,
919 1673 1006 1730 ita
1036 1675 1108 1729 ut
1138 1671 1452 1741 neminem,
1495 1673 1599 1747 qui
1631 1673 1863 1730 biblicis

581 1761 793 1819 studiis
814 1761 1156 1829 delectetur,
1190 1760 1393 1836 pigeat
1421 1779 1556 1819 eum
1573 1762 1784 1838 legisse
1802 1784 1816 1831 3
1833 1770 1858 1799 ⁴¹

581 1869 686 1908 nec
721 1868 876 1919 sane,
923 1850 1089 1907 addit
1121 1844 1421 1930 Calmetss),
1473 1869 1664 1925 ‚opus
1698 1851 1857 1909 aliud

580 1939 792 1997 ceteris
854 1939 1065 1996 utilius
1141 1942 1618 2013 praeponeretur,
1682 1959 1861 2014 quam

1921 516 2378 575 storico-critico
2411 518 2758 593 praesertim
2809 519 2868 576 in
2902 520 2964 577 ll.
2998 525 3200 595 poste-

1920 604 2177 665 rioribus
2230 602 2349 687 (sui
2398 604 2640 687 operis).
2703 608 2847 683 Ejus
2898 628 3047 684 opus
3095 628 3202 684 pro

1921 694 2201 754 scientiae
2279 695 2612 755 conditione
2689 695 2854 755 illius
2922 700 3206 774 temporis

1920 784 2279 857 praecellens
2327 784 2432 843 diu
2480 785 2679 863 magni
2725 790 2785 844 et
2824 788 3035 845 merito
3068 788 3202 863 qui-

1919 872 2053 931 dem
2068 873 2272 932 fiebat:
2301 892 2409 932 nec
2429 878 2826 949 protestantes
2849 875 2939 932 illi
2959 877 3202 951 aequale

1919 979 2067 1037 opus
2099 981 2389 1039 opponere
2410 962 2513 1021 diu
2532 966 2824 1038 poterant,
2860 982 2967 1022 nec
3002 966 3201 1026 catho-

1920 1050 2022 1108 lici
2053 1051 2216 1109 aliud
2249 1051 2479 1123 addere,
2513 1052 2672 1127 quod
2704 1053 2856 1112 illud
2877 1055 3066 1128 pretio
3100 1073 3198 1113 ae-

1920 1144 2147 1214 quaret.
2167 1148 2194 1178 ‘

2012 1328 2111 1381 40.
2145 1319 2254 1376 His
2287 1318 2516 1377 (luobus
2564 1319 2818 1378 addendi
2860 1323 3001 1378 sunt
3035 1321 3202 1379 Sera-

1921 1407 2141 1481 phinus
2174 1408 2626 1467 Cumiranus
2662 1409 2724 1468 Ο.
2757 1409 2895 1467 Min.
2930 1409 3197 1468 Feltren·

1920 1496 2019 1564 sis,
2053 1496 2146 1554 vir
2177 1496 2405 1565 doctuS‚
2441 1498 2611 1573 cujus
2645 1516 2794 1573 opus
2827 1498 3134 1575 egregium
3151 1494 3197 1579 ¹)

1925 1584 2259 1643 Conciliatio
2309 1587 2560 1644 locorum
2596 1588 2979 1645 communium-
3030 1591 3204 1646 totius

1921 1674 2280 1750 Scripturas,
2317 1676 2417 1752 qui
2447 1677 2597 1732 inter
2626 1695 2684 1734 se
2714 1694 2978 1752 paquare
3008 1678 3199 1735 viden-

1919 1770 2030 1840 tur,
2092 1772 2124 1825 2
2180 1757 2275 1844 (3)
2325 1765 2441 1822 vol.
2485 1764 2548 1822 in
2598 1774 2651 1824 8.
2695 1765 2916 1839 prodiit
2962 1766 3201 1824 Parisiis

1927 1861 2298 1923 1556—583
2333 1854 2707 1929 Antwerpiae
2752 1864 2908 1916 1557
2946 1858 3072 1925 etc„
3105 1873 3199 1912 re-

1919 1941 2046 1999 visa
2097 1962 2131 2000 a
2163 1942 2428 2001 Leandro
2478 1943 2550 2000 de
2601 1961 2645 2001 s.
2695 1943 2965 2012 Martino,
3015 1944 3201 2003 Duaci

585 2027 955 2086 Bibliotheca
1005 2027 1153 2084 Sixti
1206 2026 1499 2098 Senensis,
1566 2029 1653 2086 ita
1702 2030 1860 2087 enim
1929 2040 2124 2101 16233
2158 2030 2417 2089 Viennae
2457 2040 2616 2094 1665
2654 2033 2714 2088 in
2754 2032 3199 2094 8.—Joannes

577 2123 782 2176 auctor
813 2135 960 2193 opus
993 2135 1171 2174 suum
1202 2115 1521 2190 inscripsit,
1560 2120 1727 2192 justo
1760 2118 1859 2176 ille
1918 2120 2104 2178 Maria
2135 2120 2567 2190 BallianuS,
2619 2121 2817 2197 Ligur,
2874 2122 3200 2180 casalensis

577 2206 817 2280 quidem
853 2206 1051 2275 titulo,
1085 2222 1277 2280 neque
1310 2206 1466 2262 enim
1500 2208 1628 2282 ejus
1667 2210 1858 2265 aetate
1915 2208 1979 2265 in
2000 2209 2193 2268 lucem
2227 2209 2391 2268 dedit
2425 2212 2837 2282 expositionem
2860 2212 3131 2286 evanqelii
3150 2230 3195 2273 3.

577 2294 739 2352 aliud
771 2294 1074 2369 quidpiam
1123 2294 1253 2370 ejus
1286 2295 1520 2369 generis
1555 2315 1703 2371 opus
1738 2297 1857 2354 ela·
1915 2298 2128 2373 Marci,
2143 2298 2589 2361 Venetiisl570
2611 2299 2673 2356 in
2688 2299 3067 2362 8.-Petrus
3085 2300 3196 2358 Ca-

576 2383 841 2442 horatius
902 2385 1244 2459 paruerat<

577 2476 769 2532 aetate
811 2473 893 2530 ita
939 2472 1011 2530 de
1057 2490 1124 2529 eo
1170 2471 1378 2529 scribit
1424 2472 1855 2551 Reithmayr⁴):

656 2665 690 2730 ¹)
720 2659 801 2715 Cf.
845 2660 1172 2715 testimonia
1211 2661 1445 2714 collecta
1491 2679 1580 2729 ap.
1620 2659 1858 2714 Milante

575 2731 635 2782 in
652 2730 785 2783 edit.
803 2731 893 2789 cit,
913 2731 1042 2784 Non
1060 2730 1231 2800 plane
1244 2731 1525 2785 immerito
1541 2734 1857 2802 protestan-

576 2801 722 2854 tium
773 2802 899 2854 laus
951 2803 1105 2855 Sixto
1157 2802 1371 2856 tributa
1422 2803 1685 2857 Michaeli
1734 2822 1767 2857 a
1814 2822 1857 2857 s.

517 2874 519 2877 ⁴
574 2873 603 2924 J
609 2889 685 2925 os.
708 2872 975 2942 Bibliogr.
990 2874 1115 2929 crit.
1129 2878 1180 2940 4,
1197 2877 1320 2930 218.
1337 2876 1600 2943 suspecta
1612 2875 1855 2929 videtur.

576 2944 706 2997 Ideo
733 2943 849 2996 illis
874 2961 1037 2998 carus
1077 2949 1176 3010 est,
1219 2945 1388 3014 quod,
1419 2946 1680 3012 quamvis
1706 2948 1857 3001 bona

573 3014 908 3080 intentione,
946 3018 1177 3085 patrum
1216 3016 1278 3068 in
1315 3016 1662 3087 explicandis
1687 3019 1856 3088 scrip-

577 3088 719 3139 turis
743 3102 951 3140 naevos
981 3086 1310 3156 scrupulose
1338 3088 1506 3141 nimis
1531 3090 1751 3157 pandat
1776 3094 1856 3144 at-

575 3176 686 3225 que
712 3158 951 3226 aperiat.

647 3237 688 3299 2)
718 3228 986 3283 Biblioth.
1014 3233 1054 3284 t.
1089 3233 1167 3286 16.
1196 3247 1251 3298 p.
1280 3235 1400 3287 102.
1430 3231 1608 3287 Addit
1632 3236 1854 3286 tamen:

576 3302 655 3361 „11
674 3299 848 3353 serait
864 3301 1196 3354 neanmoins
1212 3304 1245 3355 a
1260 3302 1553 3356 souhaiter
1568 3320 1678 3372 que
1697 3303 1855 3358 Sixte

573 3371 641 3425 de
668 3371 873 3426 Sienne
900 3375 996 3425 eut
1017 3373 1187 3426 traite
1208 3372 1277 3427 de
1298 3373 1571 3428 certaines
1593 3375 1855 3430 matieres

572 3444 698 3513 plus
738 3446 771 3496 a
797 3444 950 3510 fond,
1000 3443 1139 3512 qu'il
1167 3447 1252 3498 est
1290 3446 1453 3515 passe
1482 3463 1579 3499 sur
1607 3447 1854 3500 d'autres

570 3516 700 3583 plus
727 3516 1088 3583 legerement,
1114 3518 1174 3569 et
1198 3516 1340 3583 qu’il
1368 3533 1436 3569 en
1459 3521 1558 3571 eut
1583 3517 1726 3572 omis
1752 3519 1852 3587 qui

570 3605 641 3640 ne
667 3589 799 3641 sont
822 3588 877 3640 d'
893 3603 1115 3641 aucune
1137 3587 1344 3652 utilite,
1372 3605 1446 3641 ou
1474 3588 1576 3657 qui
1603 3605 1673 3642 ne
1699 3591 1852 3643 vien·

572 3661 710 3711 nent
724 3658 889 3727 point
904 3662 938 3712 a
953 3676 1052 3712 son
1072 3659 1233 3727 sujet.
1252 3658 1364 3714 Son
1383 3659 1526 3728 style
1544 3663 1631 3714 est
1649 3660 1852 3730 simple

570 3733 627 3782 et
652 3730 743 3782 n’a
769 3730 890 3782 rien
916 3729 1204 3799 d‘elegaut
1230 3730 1288 3783 ni
1316 3730 1583 3784 d'eleve.“

1324 2383 1657 2443 Recentiori
1719 2404 1858 2444 vero
1915 2405 2002 2461 po
2019 2407 2059 2444 n
2076 2406 2103 2445 s
2122 2388 2297 2446 acch
2315 2388 2335 2444 i
2354 2406 2393 2444 u
2412 2405 2437 2444 s
2484 2388 2556 2445 de
2597 2389 2924 2446 Pantaneto
2959 2388 3021 2446 Ο.
3055 2389 3195 2447 Min.

1918 2476 2200 2535 Aretinus
2233 2476 2479 2550 reliquit
2522 2477 2583 2533 in
2634 2478 2915 2535 canticum
2949 2479 3194 2536 cantieo—

1915 2583 2048 2622 rum
2081 2573 2131 2623 et
2162 2566 2552 2642 apocalypsim
2584 2566 2836 2625 ‚Ioannis
2881 2584 2975 2640 ap.
3008 2567 3195 2626 obser-

1916 2657 2217 2730 vationem,
2254 2655 2585 2712 Florentiae
2626 2666 2788 2718 1572
2826 2656 2964 2726 inf„
3010 2665 3192 2720 1586.

1914 2777 1999 2786 —-
2032 2744 2332 2803 Antonius
2382 2743 2857 2802 Marinarius
2912 2745 2974 2803 Ο.
3009 2745 3192 2803 Carm.

1915 2828 1974 2913 (†
2015 2830 2208 2916 1570)
2244 2833 2625 2892 Concordiam
2673 2833 2731 2890 V.
2769 2842 2818 2890 el
2851 2834 2924 2891 N.
2971 2834 3030 2891 T.
3073 2834 3193 2892 edi-

1914 2922 2000 2979 dit
2029 2924 2268 2981 Parisiis
2305 2923 2892 2986 1586.—Feliciani
2925 2924 3192 2998 Capito

1914 3011 1977 3072 0.
2025 3014 2181 3072 Serv.
2229 3013 2293 3069 B.
2341 3012 2414 3068 M.
2451 3011 2514 3068 V.
2549 3011 2910 3082 Nar-niensis,
2965 3013 3191 3070 archie-

1912 3101 2133 3177 piscopi
2183 3100 2593 3159 avenionensis
2628 3097 2690 3181 (†
2732 3097 2921 3182 1571)
2969 3103 3190 3160 exstat:

1911 3190 2242 3262 Explicatio
2274 3191 2552 3247 catholica
2572 3192 2821 3248 locorum
2854 3192 2974 3264 fere
3005 3193 3186 3248 omni-

1911 3297 2010 3336 um
2056 3279 2113 3335 V.
2147 3287 2197 3336 et
2229 3279 2303 3336 N.
2333 3280 2394 3336 T.
2401 3322 2419 3352 ,
2453 3279 2672 3353 quibus
2707 3279 2779 3336 ad
2813 3278 3189 3338 stabiliendas

1911 3368 2178 3425 haereses
2222 3369 2425 3427 nostra
2473 3370 2824 3443 tempestate
2857 3368 3193 3427 abutuntur

1910 3455 2213 3525 haeretici,
2248 3455 2511 3515 Venetiis
2554 3463 2671 3518 157
2680 3467 2749 3526 9;
2795 3459 2858 3513 in
2892 3465 3016 3515 acta
3052 3476 3191 3532 apo·

1909 3546 2180 3604 stolorum
2216 3547 2570 3618 et'epistolas
2600 3549 2906 3604 canonicas
2936 3548 3188 3621 explica-

1910 3637 2008 3708 tio,
2042 3635 2304 3693 Venetiis
2335 3644 2516 3697 1561.
2551 3668 2634 3677 -—-
2670 3634 2971 3692 Cornelius
3008 3636 3191 3693 Mus-

1910 3741 2039 3781 sus
2073 3723 2448 3781 Placentinus
2482 3742 2538 3784 n.
2583 3733 2739 3785 1511
2781 3742 2928 3798 puer
2969 3743 3187 3783 noven-

644 3803 685 3868 a)
712 3800 978 3854 Biblioth·
1009 3819 1049 3857 ⁵·
1117 3802 1285 3862 ‘stef-³
1313 3802 1548 3857 dicffion·
1568 3801 1847 3871 bibl-1³3·
1907 3812 1998 3869 nis
2029 3812 2333 3888 ingressus
2366 3813 2456 3869 est
2489 3812 2550 3869 Ο.
2585 3813 2726 3870 Min.
2761 3812 2934 3871 Conv.
2958 3817 3026 3870 ut
3048 3819 3186 3872 voto

640 3878 685 3941 ⁴)
713 3870 945 3926 Einleit.
972 3872 1033 3925 in
1100 3872 1152 3927 ie
1178 3889 1299 3933 can,
1328 3873 1545 3927 Bucher
1565 3875 1661 3927 des
1688 3875 1758 3928 N.
1786 3874 1847 3927 B.

569 3942 934 4014 Regensburg
974 3947 1129 4000 1852.
1183 3965 1238 4015 p.
1279 3949 1363 4001 13.
1417 3944 1641 3998 Similia
1678 3946 1851 3998 habet

571 4014 774 4078 Welte,
816 4015 1172 4070 Kirchenlcit.
1217 4016 1313 4079 111,
1356 4019 1479 4074 490.
1532 4015 1615 4071 Cf.
1666 4017 1850 4070 Feller

569 4085 717 4151 Vm,
744 4091 807 4142 51
830 4107 842 4156 ;
873 4086 1114 4139 Richard
1141 4087 1337 4141 Simon
1364 4086 1612 4140 Histoire
1630 4087 1752 4140 crit.
1771 4087 1847 4141 du

1909 3900 2114 3958 matris
2162 3900 2536 3959 satisfaceret.
2601 3901 3028 3959 celeberrimus
3074 3902 3192 3959 fuit

1907 3988 2001 4046 sui
2033 3990 2315 4063 temporis
2336 3990 2723 4056 concionator,
2757 3991 2861 4065 qui
2882 3991 3188 4065 antiquam

1907 4078 2290 4136 concionandi
2324 4078 2570 4136 formam
2601 4079 2869 4154 patribus
2902 4079 3185 4137 usitat-am

570 4157 634 4212 V·
663 4157 721 4210 T·
751 4158 788 4210 l·
815 4163 865 4214 3·
892 4175 937 4212 0·
965 4163 1032 4213 17
1055 4178 1066 4209 ²
1114 4157 1234 4222 „On
1261 4160 1404 4226 peut
1428 4157 1546 4211 (fise
1574 4160 1725 4227 qu'il
1753 4177 1789 4228 y
1817 4176 1852 4212 fl»
1906 4165 2611 4248 renovavit2),dictusque
2627 4172 2748 4236 est,
2763 4168 3186 4226 Demosthenes

566 4245 678 4299 peu
705 4229 1047 4298 d'Ouvrages
1083 4247 1175 4281 sur
1198 4232 1343 4282 cette
1370 4229 1619 4295 manere,
1648 4233 1721 4283 οἰι
1745 4231 1787 4283 il
1812 4249 1849 4300 y

567 4300 649 4353 ait
676 4303 802 4354 tant
829 4301 882 4355 d'
899 4299 1181 4353 eruditiori
1207 4302 1266 4352 et
1289 4300 1359 4352 de
1387 4301 1499 4353 bon
1526 4317 1683 4355 sens:
1723 4305 1780 4355 et
1804 4301 1851 4355 il

567 4371 833 4440 explique
861 4373 1041 4424 meme
1088 4373 1332 4424 souvent
1375 4388 1436 4423 sa
1480 4374 1688 4441 pensee
1715 4389 1848 4426 avec

566 4444 863 4513 beaucoup
890 4442 960 4495 de
986 4441 1237 4494 liberte“.
1293 4443 1739 4511 lmprobandum
1768 4446 1848 4498 ta·

566 4531 693 4567 men
722 4513 877 4581 quod
904 4512 1155 4567 Esther-is
1180 4515 1500 4582 fragmenta
1544 4515 1694 4569 inter
1719 4532 1850 4585 apo-

566 4585 773 4654 crypha
801 4584 1022 4654 rejiciat
1054 4601 1167 4638 non
1209 4586 1468 4639 obstante
1509 4586 1728 4641 decreto
1755 4588 1849 4640 tri·

565 4655 798 4709 dentino
827 4673 955 4711 sess.
981 4660 1052 4721 4.,
1079 4675 1112 4709 a
1139 4674 1252 4724 quo
1280 4656 1451 4709 nimis
1464 4658 1579 4712 levi
1596 4676 1769 4712 manu
1792 4677 1848 4713 se

566 4726 807 4796 expedit,
835 4730 894 4782 et
916 4745 1028 4780 non
1050 4728 1187 4782 satis
1202 4746 1445 4797 aequum
1463 4730 1847 4799 antiquiorum

565 4798 941 4867 interpretum
961 4799 1218 4869 judicem
1246 4803 1396 4870 agat.

1906 4255 2088 4314 italus
2104 4263 2150 4311 ⁴¹.
2214 4257 2367 4315 Hinc
2397 4257 2638 4314 Romam
2672 4260 2916 4315 vocatus
2948 4258 3181 4316 concio-

1985 4451 2019 4510 ¹)
2047 4444 2216 4500 Mich.
2243 4461 2277 4497 a
2302 4462 2345 4498 s.
2371 4445 2484 4498 ὗσε.
2511 4444 2657 4500 Bibl.
2685 4444 2827 4508 crit„
2873 4444 3186 4497 secundum

1908 4532 2074 4584 quem
2103 4515 2368 4570 nonnulli
2391 4516 2499 4569 hoc
2517 4518 2761 4569 utuntur
2776 4531 2943 4583 opere
2969 4533 3040 4569 ne
3065 4516 3185 4568 lau-

1906 4588 2041 4643 dato
2069 4588 2296 4657 quidem
2323 4587 2497 4640 fonte.

1979 4664 2020 4731 ²)
2046 4659 2223 4713 Juxta
2248 4657 2497 4727 Keppler
2523 4657 2696 4712 theol.
2719 4655 2958 4721 Qtlschr.
2980 4656 3188 4711 'rabin-

1905 4747 2016 4800 gen
2045 4734 2182 4788 1892
2252 4771 2263 4782 .
2292 4733 2391 4786 98:
2442 4729 2545 4782 Die
2580 4728 2813 4783 hochste
2863 4728 3187 4798 Ausgestal·

1906 4805 2053 4872 tung
2069 4801 2188 4856 und
2199 4750 2610 4854 {tinstlerische
2621 4799 2990 4870 Vollendung
3004 4799 3190 4853 erhalt
