3625 5193
1456 265 1775 319 Guilelmus
1807 266 2009 320 Estius.

420 284 544 338 485
2907 283 3030 337 486

415 451 578 518 solie,
613 451 750 509 hinc
784 469 1014 527 semper
1045 450 1267 524 aliquid
1300 450 1488 509 haesit
1510 447 1696 532 (quod
1753 452 1945 510 loniae
1987 461 2141 513 1631
2173 473 2185 520 ;
2228 459 2411 513 1679.
2476 451 2669 508 Etiam
2722 453 3036 512 recentiori

407 540 758 613 dolendum)
803 540 867 597 in
915 540 1040 598 suis
1085 539 1349 614 alioquin
1379 539 1697 615 praeclaris
1755 543 1947 599 aetate
1965 539 2351 610 recusisuere,
2387 543 2456 598 ut
2474 539 2811 616 Moguntiae
2841 551 3036 603 1841-

414 629 600 692 libris.
663 629 908 688 Lovanii
959 628 1290 705 theologiae
1339 627 1545 689 doctor
1597 637 1696 690 22.
1761 638 1925 692 1845
1960 633 2002 688 t.
2042 637 2072 688 '1'
2110 629 2173 686 in
2210 639 2264 689 8.
2310 647 2451 687 cura
2494 628 2586 686 Fr.
2635 629 2940 699 Sausen‚
2975 635 3044 689 et⁴

413 718 560 776 Nov.
597 738 646 777 a.
688 728 853 782 1580
902 722 1134 775 creatus
1180 736 1312 776 mox
1345 717 1589 777 Lovanii
1634 718 1696 774 in
1761 727 2104 781 1858-60
2128 720 2171 774 t.
2199 727 2232 778 3
2270 722 2513 776 curante
2546 718 3033 777 Holzammer.

413 807 577 883 regio
610 811 914 882 pastorum
947 806 1263 866 seminario
1307 805 1699 865 constituitur
1754 807 1912 866 Haec
1957 806 2088 881 ipsa
2131 806 2463 865 editionum
2514 807 2793 882 repetitio
2826 808 3035 867 horum

415 896 746 972 theologiae
820 895 1136 970 professor,
1199 915 1379 970 quam
1436 898 1697 970 spartam
1753 895 2310 955 commentariorum
2324 897 2746 972 praestantiam
2762 901 3032 968 testatur,

409 986 653 1062 egregie
687 985 923 1043 ornavit
954 984 1134 1044 denso
1175 1003 1407 1059 semper
1439 984 1697 1059 stipatus
1754 1004 1934 1059 quam
1994 987 2297 1043 testantur
2311 988 2371 1042 et
2430 984 2783 1060 interpretes
2834 987 3032 1044 catho-

416 1074 723 1132 auditori0.
788 1073 920 1133 Mox
956 1069 1182 1154 (1582)
1235 1075 1499 1132 Duacum
1544 1072 1697 1131 acci·
1754 1074 1854 1133 lici
1871 1069 1936 1154 ¹),
1989 1074 2318 1132 secundum
2366 1091 2513 1148 quos
2564 1074 2663 1131 vix
2714 1073 2790 1132 ab
2833 1075 3034 1150 aliquo

416 1167 533 1230 tur,
567 1164 738 1238 cujus
786 1162 1140 1221 academiam
1175 1171 1245 1225 31
1289 1181 1475 1221 annos
1525 1162 1698 1219 illus-
1755 1163 1957 1220 Estius
1989 1167 2321 1237 superatur,
2365 1180 2471 1220 nec
2502 1162 2671 1220 illam
2703 1162 3037 1223 diffitentur

415 1252 599 1310 travit
630 1251 964 1328 theologiae
997 1251 1372 1310 scholasticae
1403 1251 1700 1327 professor
1754 1253 2170 1326 protestantes.
2222 1251 2453 1309 Nititur
2482 1270 2722 1311 sensum
2757 1252 3033 1310 deterrui·
3134 1255 3146 1263 ‘

409 1345 476 1399 et
509 1359 553 1403 s.
586 1341 894 1399 literarum
914 1340 1241 1415 interpres3
1274 1340 1537 1415 praefuit
1551 1357 1697 1414 quo·
1754 1360 1895 1399 nare
1928 1340 2220 1398 literalem
2253 1358 2322 1398 ex
2356 1340 2665 1400 collatione
2699 1341 3031 1416 Scriptura-

409 1448 530 1504 que
561 1430 722 1506 regio
755 1429 1065 1488 seminario
1097 1432 1158 1487 et
1198 1437 1272 1491 18
1307 1447 1492 1488 annos
1524 1427 1697 1487 func·
1753 1447 1889 1487 rum
1904 1430 2065 1487 inter
2079 1448 2158 1498 se,
2178 1431 2308 1486 tum
2325 1428 2586 1504 ejusdem
2604 1430 2876 1505 apostoli,
2904 1434 3035 1488 tum

418 1523 518 1575 tus
552 1523 645 1576 est
675 1536 921 1576 munere
953 1518 1291 1577 cancellarii
1340 1518 1697 1577 universita-

417 1607 497 1665 tis
548 1611 609 1665 et
659 1607 955 1683 dignitate
1006 1607 1326 1682 praepositi
1379 1606 1625 1682 capituli
1655 1624 1697 1663 s.

417 1697 580 1755 Petri
613 1692 677 1773 (†
715 1706 812 1757 20.
848 1697 1004 1771 Sept.
1046 1706 1211 1759 1613
1245 1716 1293 1753 a.
1327 1696 1538 1754 aetatis
1574 1689 1697 1776 71).

419 1784 830 1843 Eruditionem
876 1785 1171 1860 insignem
1219 1785 1468 1843 ornabat
1499 1782 1699 1842 mode·

416 1873 548 1944 stis,
566 1877 627 1932 et
647 1873 917 1932 studium
949 1873 1315 1933 indefessum
1339 1873 1698 1932 comitaban-

416 1969 518 2020 tur
550 1963 854 2021 charitatis
888 1981 1096 2037 opera:
1149 1981 1327 2037 quam
1375 1962 1449 2021 ob
1481 1981 1605 2020 rem
1638 1963 1696 2020 in

410 2051 715 2127 epitaphio
765 2052 819 2108 ei
868 2051 1065 2127 posito
1117 2051 1335 2110 dicitur
1387 2050 1695 2120 ,Pietatis‚

409 2140 738 2200 doctrinae.
773 2140 1108 2210 modestiae,
1125 2139 1545 2199 beneficentiae
1562 2158 1697 2214 spe·

411 2230 672 2288 culum<
699 2229 834 2304 Ipso
851 2225 1014 2311 (cum
1032 2229 1302 2305 patribus
1321 2229 1374 2287 S.
1391 2227 1471 2306 J.)
1487 2231 1699 2305 agente

1753 1518 2009 1577 aliorum
2043 1518 2399 1593 scriptorum
2433 1537 2524 1586 ss.,
2570 1519 2713 1576 item
2755 1537 2821 1577 ex
2858 1520 3037 1578 colla-

1755 1607 1918 1666 tione
1953 1625 2086 1665 cum
2121 1607 2282 1664 fonte
2314 1625 2527 1684 graeco
2578 1612 2639 1666 et
2690 1608 3036 1667 melioribus

1754 1695 2432 1771 exemplaribuslatinis:
2460 1697 2605 1755 item
2627 1715 2693 1754 ex
2715 1697 3037 1756 traditione

1755 1784 2046 1843 Ecclesiae
2107 1789 2252 1843 nota
2311 1805 2415 1860 per
2475 1786 2726 1843 concilia
2787 1791 2848 1843 et
2897 1786 3033 1844 doc-

1753 1875 1974 1932 trinam
2007 1891 2082 1931 ss.
2118 1878 2370 1948 patrum.
2439 1874 2625 1948 ,Ejus
2657 1875 2722 1931 in
2752 1876 3037 1950 epistolas

1756 1962 2030 2037 paulinas
2081 1963 2586 2030 commentarium,
2636 1963 2832 2038 inquit
2882 1963 3037 2022 Cal·

1755 2071 1810 2107 m
1830 2052 1980 2124 et2),
2013 2051 2521 2109 absolutissimum
2554 2053 2837 2118 omnium,
2886 2071 3038 2127 quae

1753 2140 2060 2215 hucusque
2093 2139 2461 2214 prodierunt,
2497 2144 2788 2199 censetur.
2821 2141 3036 2199 Erudi-

1753 2229 1915 2287 tione
1947 2227 2135 2286 solida
2166 2231 2226 2285 et
2258 2231 2426 2286 vasta
2456 2228 2766 2299 redundat,
2814 2229 2917 2287 sed
2951 2230 3036 2287 fa·

414 2318 673 2376 abolitus
705 2322 798 2376 est
847 2318 1083 2377 demum
1133 2336 1278 2376 usus
1341 2336 1449 2376 seu
1495 2318 1698 2393 potius
1753 2317 1864 2375 cile
1897 2317 2034 2393 plus
2067 2316 2253 2376 nimio
2284 2316 2715 2387 diffunditur3‘
2770 2317 3034 2375 Corne-

411 2406 634 2466 abusus
664 2407 997 2484 denegandi
1032 2407 1313 2466 viaticum
1363 2407 1480 2465 reis
1511 2425 1700 2482 poena
1753 2401 1890 2486 15⁸)
1908 2426 1921 2464 ε
1941 2406 2126 2480 ,Ejus
2140 2405 2546 2464 commentarii
2569 2450 2581 2463 .
2604 2450 2617 2462 .
2640 2451 2652 2462 .
2674 2406 2882 2481 optimi
2904 2425 3036 2464 cen-

412 2496 627 2571 capitis
647 2495 991 2571 plectendis,
1026 2496 1176 2553 Eum
1196 2495 1497 2554 addictum
1515 2495 1699 2553 fuisse

419 2585 708 2644 Ecclesiae
741 2585 1062 2644 catholicae
1094 2585 1360 2644 ostendit
1402 2585 1532 2661 ejus
1563 2604 1696 2661 pro-

418 2676 678 2744 testatiO,
726 2693 875 2750 quae
920 2675 1076 2732 inter
1125 2675 1253 2749 ejus
1301 2675 1521 2750 scripta
1565 2678 1700 2749 post

420 2767 670 2821 mortem
702 2766 938 2838 reperta
971 2764 1102 2831 fuit,
1137 2764 1199 2822 in
1222 2783 1342 2838 qua
1366 2766 1697 2839 ,protesta-

1754 2498 1980 2563 sentur,
2011 2494 2190 2569 idque
2213 2496 2351 2570 jure
2380 2495 2615 2558 merito.
2676 2495 2846 2553 Alius
2878 2495 3035 2554 enim

1754 2604 1875 2644 non
1906 2586 1996 2643 est
2026 2583 2340 2661 interpres,
2374 2585 2479 2659 qui
2512 2584 2577 2643 in
2611 2584 2873 2642 omnium
2910 2585 3033 2661 epi-

1755 2674 2046 2732 stolarum
2093 2692 2331 2732 sensum
2382 2674 2671 2732 literalem
2703 2675 3036 2733 accuratius

1755 2762 2220 2839 investigaverit,
2259 2762 2333 2820 ad
2361 2762 2625 2822 idearum
2657 2781 2873 2821 nexum
2904 2763 3035 2822 dili-

415 2856 518 2910 tur
547 2856 768 2923 auctor,
803 2851 962 2927 quod
993 2852 1186 2909 omnia
1217 2852 1366 2909 velit
1398 2870 1526 2911 esse
1557 2852 1698 2910 sub·
1753 2852 1996 2927 gentius
2029 2851 2370 2920 attenderit,
2400 2856 2639 2929 patrum
2661 2857 2721 2909 et
2741 2852 3042 2928 antiquio-

421 2941 603 2998 missa
642 2940 873 3016 judicio
922 2941 1217 2999 Ecclesiae
1269 2941 1590 2999 catholicae
1641 2939 1701 2998 et

415 3030 545 3104 ejus
580 3048 809 3088 summo
841 3029 906 3088 in
936 3029 1110 3088 terris
1145 3029 1370 3105 pastori
1419 3048 1485 3088 ac
1508 3028 1698 3104 judici

419 3136 656 3176 romano
671 3117 958 3193 pontifici,
975 3118 1238 3193 velitque
1255 3137 1362 3193 pro
1393 3137 1511 3177 non
1543 3117 1700 3176 dicto

419 3207 636 3273 haberi,
672 3207 720 3265 si
757 3207 900 3282 quid
933 3206 1084 3266 male
1116 3208 1361 3266 dictum.
1395 3206 1563 3276 Quod
1595 3225 1700 3265 no-

422 3295 491 3353 lit
512 3296 622 3354 ulli
644 3314 924 3371 personae
946 3298 1052 3354 aut
1071 3295 1328 3355 familiae
1348 3296 1698 3366 detractum,

420 3386 662 3459 cupiens
695 3385 1078 3444 christianam
1123 3403 1260 3443 cum
1299 3385 1574 3444 omnibus
1607 3403 1699 3443 ca·

417 3473 655 3533 tholicis
716 3473 1211 3543 benevolentiam,
1276 3479 1337 3532 et
1408 3477 1702 3550 quantum

415 3563 699 3638 possibile
722 3567 814 3620 est
834 3562 1152 3621 amicitiam
1184 3566 1244 3620 et
1278 3563 1468 3621 colere
1484 3565 1544 3621 et
1563 3581 1698 3621 con-

419 3669 652 3711 servare
667 3657 774 3710 etc.
790 3659 817 3688 ‘
851 3651 1239 3727 Praecipuum
1273 3652 1538 3727 ejusdem
1554 3670 1702 3727 opus

414 3742 534 3798 est:
585 3742 658 3799 In
689 3758 881 3798 omnes
928 3741 1046 3797 divi
1076 3739 1251 3799 Pauli
1283 3748 1333 3798 et
1364 3749 1570 3816 septem
1606 3760 1700 3799 ca-

420 3830 657 3888 tholicas
688 3831 1078 3904 apostolorum
1122 3831 1393 3902 epistolas
1422 3848 1701 3888 commen·

415 3920 577 3988 tarii,
612 3919 798 3976 Duaci
839 3928 1021 3980 1614.
1052 3927 1215 3981 1615
1239 3937 1290 3976 v.
1318 3927 1351 3980 2
1376 3919 1438 3976 in
1461 3918 1517 3990 f.,
1553 3936 1701 3994 quos

419 4009 620 4065 tamen
652 4007 945 4082 complere
978 4026 1098 4066 non
1118 4010 1367 4082 poterat,
1390 4024 1521 4065 cum
1544 4025 1701 4066 mors

1754 2959 1885 2998 rum
1911 2940 2303 3016 interpretum
2340 2940 2760 3016 explicationes
2782 2942 3041 3017 pruden-

1840 3182 1874 3249 ¹)
1901 3178 1983 3233 Cf.
2012 3178 2288 3233 Katholik
2317 3184 2471 3239 1843.
2502 3198 2553 3235 v.
2580 3185 2647 3237 87
2678 3199 2732 3262 p.
2758 3186 2860 3238 291
2890 3199 2957 3235 ss.

1833 3254 1872 3321 ²)
1898 3250 2024 3306 Loc.
2065 3266 2109 3303 c.
2139 3249 2382 3304 Richard
2412 3251 2606 3306 Simon
2635 3250 2881 3307 Histoire
2921 3253 3044 3308 crit.

1755 3320 1856 3374 des
1893 3321 2228 3390 principaux
2264 3324 2740 3376 commentateurs
2779 3323 2857 3376 du
2885 3322 2955 3375 N.
2983 3324 3043 3380 T.

1755 3409 1798 3444 c.
1827 3396 1928 3449 43:
1959 3391 2071 3453 „De
2091 3392 2222 3460 plus
2242 3393 2405 3445 etant
2417 3392 2781 3461 Theologien,
2798 3397 2856 3447 et
2870 3400 3044 3461 ayant

1755 3463 1874 3532 pris
1891 3466 2060 3531 party
2074 3480 2219 3531 pour
2240 3480 2265 3515 s
2302 3464 2592 3533 Augustin
2610 3466 2668 3517 et
2681 3480 2825 3531 pour
2841 3483 2881 3518 s.
2901 3465 3044 3520 'Pho-

1757 3551 1894 3595 mas,
1936 3551 2010 3586 on
2049 3552 2085 3600 y
2114 3537 2311 3587 trouve
2353 3534 2711 3602 quelquefois
2757 3535 2949 3603 plut-ot
2988 3537 3045 3591 la

1757 3604 1972 3659 Theolo
2013 3604 2066 3657 ie
2112 3604 2181 3657 de
2224 3621 2314 3658 ces
2359 3606 2502 3659 deux
2540 3605 2748 3674 grands
2776 3607 3044 3674 hommes,

1757 3693 1868 3744 que
1895 3675 1977 3727 cel
2004 3691 2033 3726 e
2062 3674 2129 3729 de
2157 3692 2198 3728 s.
2226 3676 2381 3730 Paul.
2412 3675 2554 3729 Mais
2586 3678 2633 3729 si
2659 3676 2697 3730 Γ
2715 3694 2787 3730 on
2815 3684 3044 3748 excepte

1757 3747 1827 3800 de
1853 3746 2099 3800 certains
2128 3746 2264 3799 faits
2286 3748 2661 3816 particuliers,
2686 3765 2900 3804 comme
2918 3753 3047 3805 sont

1757 3834 1900 3872 ceux
1927 3817 2029 3884 qui
2055 3818 2361 3886 regardent
2401 3819 2455 3872 la
2484 3819 2949 3888 predestination‚
2991 3823 3047 3877 la

1756 3893 1919 3957 grace
1936 3889 2177 3954 efficace‚
2194 3897 2252 3943 et
2266 3890 2543 3959 quelques
2562 3895 2752 3945 autres
2766 3894 3043 3960 matieres,

1757 3960 1859 4027 qui
1887 3962 1991 4014 ont
2015 3960 2094 4014 du
2119 3964 2356 4030 rapport
2380 3978 2517 4016 avec
2542 3962 2805 4029 celles-la,
2831 3964 2872 4016 il
2901 3967 3046 4019 n‘est

1757 4031 1919 4100 passi
1932 4032 2307 4100 fortprevenu
2322 4034 2419 4087 des
2439 4034 2772 4087 sentimenta
2789 4035 2857 4089 de
2875 4054 2914 4095 s,
2934 4039 3046 4090 Au·

432 4107 477 4156 1.
509 4095 683 4154 Joan.
721 4105 774 4163 5,
813 4107 867 4158 6.
920 4098 1411 4155 commentantem
1462 4115 1702 4172 oppres·
1755 4103 1954 4171 gustin
1981 4104 2123 4171 qu'il
2151 4120 2220 4157 ne
2247 4104 2626 4159 l'abandonne
2666 4123 2737 4159 en
2763 4107 3046 4174 plusieurs

416 4184 579 4242 serit.
643 4184 891 4259 Reliqua
952 4183 1169 4259 adjecit
1220 4185 1702 4244 Bartholomaeus

421 4273 628 4330 Petri
661 4274 791 4348 ejus
823 4274 886 4331 in
917 4273 1162 4332 docendi
1194 4292 1439 4332 munere
1460 4274 1700 4350 collega.

423 4361 779 4420 Prodierunt
810 4362 1083 4437 deinceps
1116 4363 1473 4437 saepissime,
1509 4369 1577 4420 ut
1598 4363 1700 4419 Co-

421 4451 612 4509 loniae
673 4460 876 4519 16313
941 4452 1183 4510 Parisiis
1245 4460 1442 4519 1623;
1505 4462 1701 4521 1640;

430 4550 625 4611 1653;
673 4549 866 4608 1659;
927 4550 1090 4603 1666
1126 4544 1235 4601 etc.
1300 4539 1534 4614 Optima
1566 4559 1700 4598 cen-

417 4633 586 4687 setur
617 4628 824 4697 editi0,
857 4647 1033 4702 quam
1082 4633 1403 4687 correctam
1449 4628 1701 4687 additio-

1758 4173 2029 4239 endroits‚
2072 4176 2145 4227 ou
2188 4174 2231 4227 il
2264 4176 2406 4246 juge
2433 4193 2545 4244 que
2572 4192 2631 4229 ce
2662 4177 2796 4230 Pete
2825 4180 2916 4231 n'a
2944 4196 3045 4246 pas

1757 4247 1961 4314 expose
1988 4244 2041 4299 16
2068 4262 2194 4299 sens
2219 4247 2406 4300 literal
2433 4248 2501 4301 de
2527 4248 2566 4300 1‘
2582 4250 2842 4318 Apotre.“
2892 4249 3046 4301 Infra

1759 4316 1909 4369 inter
1934 4316 2050 4369 alia
2076 4317 2359 4372 advertit:
2390 4319 2697 4386 „Ququue
2725 4336 2785 4371 ce
2813 4319 3045 4373 Theolo-

1802 4387 1892 4440 'en
1913 4387 2120 4441 defend
2143 4394 2385 4443 souvent
2401 4391 2454 4443 le
2470 4391 2609 4444 libre
2626 4390 2836 4443 arbitre
2851 4394 3043 4444 contre

1782 4474 1841 4512 es
1868 4457 2225 4524 Calvinistes,
2253 4477 2315 4513 sa
2341 4461 2647 4530 Theologie
2669 4472 2753 4514 est
2769 4462 3044 4515 tres-dure

1758 4546 1829 4582 en
1858 4530 2135 4597 quelques
2175 4532 2430 4586 endroits
2471 4535 2604 4586 etc.··
2651 4535 2717 4585 ut
2755 4550 2839 4588 ex.
2865 4552 2945 4601 gr.
2972 4533 3043 4586 ad

1759 4599 1916 4653 Rom.
1949 4606 2030 4665 11,
2058 4606 2109 4657 8.
2138 4602 2219 4655 Cf.
2248 4605 2305 4657 et
2331 4604 2582 4671 Critique
2611 4604 2678 4656 (le
2706 4605 2759 4656 la
2785 4604 3043 4658 biblioth.

1758 4670 1857 4725 des
1883 4674 2001 4725 aut.
2043 4674 2176 4726 eccl.
2211 4674 2437 4742 publiea
2479 4692 2582 4744 par
2624 4675 2698 4729 M.
2745 4676 2914 4729 Ellies
2956 4675 3042 4729 Du

418 4718 720 4794 nibusque
753 4736 784 4775 6
806 4717 1035 4775 schedis
1058 4717 1206 4775 Estii
1223 4718 1447 4775 relictis
1469 4724 1701 4775 auctam
1762 4742 1865 4796 pin
1892 4744 1942 4794 Π
1970 4744 2005 4797 1,
2032 4749 2068 4800 4
2092 4764 2136 4798 c.
2170 4752 2251 4801 10,

423 4808 660 4867 curavit
692 4806 731 4864 J
736 4806 953 4864 acobus
968 4806 1148 4865 Merlo
1182 4806 1234 4864 Η
1252 4826 1284 4865 o
1304 4827 1331 4864 r
1347 4825 1373 4865 s
1392 4813 1416 4865 t
1440 4809 1456 4865 i
1479 4827 1520 4865 u
1537 4826 1564 4866 s
1598 4807 1702 4865 Co-

1834 4823 1873 4878 3)
1906 4815 2215 4869 Introduct.
2246 4834 2300 4872 n.
2328 4820 2450 4873 254.

2637 4908 2723 4962 lli*
