3625 5193
357 273 479 325 545
869 259 1012 313 Acta
1035 259 1206 330 legat.
1234 258 1438 329 pontif.
1466 257 1804 328 Malaspina‚
1832 258 1994 330 Sega„
2022 260 2329 329 Cajetanus
2354 262 2461 315 etc.
2792 261 2799 266 “
2849 279 2971 331 546

352 449 484 503 tum
516 445 594 503 ob
627 444 921 503 defectum
959 446 1230 522 energiae
1260 446 1324 503 in
1347 445 1487 504 aula
1505 464 1634 503 cae-
1690 443 1996 504 salutandi
2045 445 2236 522 gratia
2295 445 2621 504 cardinales
2670 455 2770 515 37,
2834 450 2897 506 et
2943 465 2979 505 a

355 552 549 593 sarea:
582 536 785 592 tamen
814 553 922 609 pro
953 533 1183 592 viribus
1202 534 1497 610 promovit
1512 553 1637 592 rem
1691 534 1991 593 Clemente
2023 534 2179 596 VIII.
2211 534 2275 592 in
2307 535 2661 594 consistorio
2709 535 2976 610 impense

354 622 708 682 catholicam
725 618 790 704 ¹).
841 621 1131 682 Defuncto
1164 622 1445 700 Gregorio
1476 622 1636 683 XIII.
1690 622 1811 682 fuit
1839 623 2227 682 collaudatus.
2263 623 2375 681 Sed
2389 642 2511 682 non
2527 623 2716 683 solum
2735 623 2799 682 in
2815 625 2975 701 lega-

351 715 663 771 revocatus
683 706 1017 793 est(l585)
1040 731 1074 770 a
1093 711 1259 771 Sixto
1290 711 1355 770 V.
1389 711 1636 771 Demum
1690 712 1961 771 tionibus
1974 712 2090 771 fuit
2104 715 2665 788 occupatusnerum
2689 712 2975 788 etingra-

350 802 698 878 postplures
715 818 898 860 annos
913 800 1179 859 Clemens
1192 799 1352 859 VIII.
1369 804 1638 860 nostrum
1694 801 1868 861 vibus
1900 801 2202 860 adhibitus
2230 801 2502 878 negotiis.
2535 802 2627 860 Ita
2657 821 2691 860 a
2722 800 2886 861 Sixto
2907 800 2973 860 V.

351 890 692 966 episcopum
724 889 1008 949 nuncium
1052 889 1215 949 misit
1244 889 1639 965 apostolicum
1691 908 1828 949 cum
1877 891 1918 948 J
1920 891 1999 949 ul.
2053 890 2328 949 Ottinelli
2369 891 2645 966 episcopo
2685 890 2975 950 castrensi

350 980 413 1038 in
444 979 754 1038 Poloniam
784 978 858 1037 ad
880 978 1193 1054 sopiendas
1212 978 1639 1038 controversias
1692 998 1912 1038 munus
1942 979 1998 1038 ei
2030 980 2450 1038 demandatum
2482 979 2768 1039 visitandi
2796 980 2971 1038 colle·

349 1067 573 1128 ibidem
605 1070 835 1128 exortas
867 1063 927 1148 (†
967 1062 1178 1150 1604).
1229 1066 1638 1127 Nunciaturae
1691 1068 1858 1144 gium
1891 1069 2297 1145 germanicum
2333 1068 2409 1127 ob
2440 1069 2712 1144 querelas
2732 1067 2806 1126 ad
2824 1084 2973 1144 pon-

351 1158 482 1232 ejus
512 1156 672 1231 apud
705 1157 903 1216 aulam
937 1175 1263 1215 caesaream
1308 1164 1436 1215 acta
1466 1174 1637 1215 8000-
1691 1158 1909 1216 tificem
1940 1161 2145 1216 contra
2177 1155 2284 1216 hoc
2326 1157 2585 1216 delatas:
2633 1176 2790 1232 quae
2836 1156 2974 1215 visi-

349 1249 482 1305 rate
513 1244 752 1304 exhibet
790 1244 932 1304 Rob.
966 1245 1433 1323 Reichenberger
1463 1244 1636 1304 Nuu-
1691 1246 1843 1305 tatio
1874 1246 1937 1304 in
1968 1247 2246 1306 honorem
2278 1249 2339 1305 et
2358 1246 2824 1305 emolumentum
2845 1263 2971 1304 ces·

350 1334 663 1394 tiaturber.
686 1334 1105 1393 ausDeutschl.
1124 1328 1634 1416 (1585—1590),
1691 1335 1769 1393 sit
1799 1335 2032 1413 collegii
2047 1330 2111 1416 1).
2145 1337 2288 1396 Post
2318 1353 2494 1393 suum
2514 1354 2581 1393 ex
2614 1335 2751 1393 aula
2782 1353 2974 1393 caesa-

352 1423 570 1484 Zweite
594 1424 771 1482 Abth.
799 1423 1080 1492 1.Halfte,
1099 1423 1441 1482 Paderborn
1470 1432 1644 1485 1905·
1690 1443 1789 1483 rea
1820 1424 2081 1484 reditum
2115 1443 2332 1484 munus
2368 1423 2443 1483 ab
2476 1424 2672 1482 eodem
2691 1423 2973 1500 pontifice

350 1533 405 1588 p.
443 1520 722 1576 3—217.
772 1545 860 1556 —-
909 1511 981 1569 In
1030 1513 1233 1571 nuncii
1285 1530 1531 1571 munere
1581 1511 1634 1569 ei
1692 1514 1921 1588 accepit
1950 1513 2238 1572 visitandi
2268 1513 2438 1572 urbis
2469 1512 2745 1572 ecclesias
2766 1517 2828 1571 et
2848 1532 2973 1571 mo·

351 1602 638 1661 successit
668 1600 979 1676 Philippus
1012 1602 1199 1677 Sega
1250 1601 1636 1660 Bononiensis
1689 1603 1965 1671 nasteria,
2018 1606 2081 1661 et
2129 1607 2334 1678 postea
2377 1601 2570 1661 factus
2613 1608 2707 1660 est
2738 1619 2971 1677 praeses

350 1710 406 1749 n.
443 1699 544 1751 21.
577 1690 717 1748 Jun.
759 1699 940 1753 1537.
972 1690 1142 1748 Juris
1171 1691 1489 1765 utriusque
1509 1691 1635 1748 lau·
1690 1691 2124 1751 commissionis
2168 1711 2276 1767 pro
2309 1691 2654 1750 Germaniae
2698 1690 2972 1768 negotiis.

350 1799 450 1837 rea
481 1779 809 1856 insignitus
834 1775 1059 1860 (1560)
1082 1780 1320 1838 Romam
1345 1779 1508 1837 venit
1521 1779 1634 1836 ibi·
1690 1779 1845 1840 Voce
1874 1780 2085 1857 populi
2116 1781 2237 1855 jam
2274 1780 2699 1856 designabatur
2728 1780 2973 1838 futurus

350 1888 465 1944 que
498 1868 722 1944 ingenii
754 1868 996 1927 dotibus
1044 1868 1309 1927 innotuit
1356 1868 1635 1943 variaque
1687 1869 1971 1943 pontifex,
2007 1870 2109 1929 sed
2129 1873 2318 1928 morte
2337 1872 2684 1945 praereptus
2717 1868 2976 1927 decessit

350 1957 501 2016 obiit
529 1957 917 2033 magistratus
951 1975 1212 2015 munera.
1262 1958 1309 2014 A
1353 1957 1634 2034 Gregorio
1693 1966 1791 2020 29.
1826 1958 1965 2033 Maji
1993 1968 2176 2022 1596.
2210 1961 2358 2017 Acta
2373 1962 2434 2017 et
2449 1958 2811 2017 documenta
2829 1976 2972 2017 suae

347 2045 526 2115 xm..
590 2046 686 2104 cui
748 2045 971 2104 dicitur
1013 2045 1196 2104 fuisse
1244 2045 1633 2121 propinquus,
1688 2047 1846 2121 apud
1878 2047 2176 2105 Caesarem
2209 2047 2521 2123 legationis
2539 2047 2857 2123 diligenter
2871 2064 2971 2104 ex-

349 2134 540 2194 factus
571 2138 663 2193 est
690 2134 1011 2193 Romaniae
1057 2139 1120 2192 et
1159 2135 1509 2193 exarchatus
1542 2153 1634 2192 ra-
1688 2131 1912 2215 hibet2)
1948 2135 2011 2192 R.
2044 2134 2510 2211 Reichenberger
2539 2154 2631 2210 op.
2672 2153 2855 2210 supra
2873 2135 2970 2192 cit.

349 2224 731 2282 vennatensis
759 2240 996 2300 praeses
1031 2220 1272 2305 (1572),
1305 2224 1444 2282 dein
1475 2223 1633 2298 epis·
1688 2243 1743 2298 p.
1780 2231 2147 2287 217—234.

350 2330 533 2389 copus
563 2312 746 2388 Ripae
790 2316 961 2370 trans
1005 2314 1257 2371 Asanem
1296 2309 1631 2393 (Ripatran·

349 2420 488 2462 sone
527 2398 739 2482 1575).
801 2401 1014 2459 Missus
1048 2405 1141 2460 est
1170 2401 1244 2458 ab
1276 2419 1344 2459 eo
1375 2401 1634 2459 nuncius
1781 2409 1924 2463 233.
1959 2400 2281 2459 Historiam
2331 2400 2780 2459 ecclesiasticam
2828 2402 2968 2458 inte-

349 2490 411 2548 in
444 2490 720 2567 Belgium
751 2493 814 2548 et
833 2490 1127 2566 legatione
1146 2489 1298 2547 bene
1317 2489 1481 2548 obita
1496 2508 1633 2548 eum
1685 2508 1932 2566 yrarum
1959 2491 2211 2566 yentium
2255 2490 2651 2565 scripserunt:
2696 2489 2968 2548 Francis-

346 2579 660 2639 transtulit
673 2578 749 2637 ad
763 2579 960 2638 sedem
973 2578 1366 2655 placentinam
1384 2575 1440 2661 (1
1461 2588 1492 2641 5
1507 2575 1631 2660 78).
1688 2598 1792 2639 008
1814 2579 1887 2637 de
1919 2578 2215 2650 Padilla‚
2252 2578 2742 2655 Antiquariensis,
2764 2578 2970 2638 doctor

350 2669 576 2727 Novam
606 2672 813 2744 postea
828 2668 1029 2727 subire
1054 2669 1263 2727 debuit
1278 2669 1632 2743 legationem
1685 2669 2003 2745 theologus
2050 2673 2112 2728 et
2141 2669 2206 2726 in
2238 2670 2402 2745 lyceo
2432 2668 2756 2744 hispalensi
2786 2669 2968 2744 hujus

350 2758 412 2815 in
441 2757 832 2827 Lusitaniam,
885 2757 1022 2816 dein
1071 2762 1132 2815 et
1176 2757 1242 2815 in
1288 2757 1631 2832 Hispaniam
1687 2758 1970 2817 scientiae
2030 2758 2351 2833 primarius
2413 2758 2708 2833 professor
2755 2753 2815 2836 (†
2873 2766 2967 2819 15.

347 2846 523 2904 etiam
560 2847 632 2903 ad
664 2846 1094 2921 componendas
1128 2846 1446 2904 discordias
1479 2846 1634 2904 inter
1688 2848 1824 2922 Maji
1870 2844 2079 2927 1607),
2114 2847 2219 2923 qui
2251 2847 2508 2905 tentavit
2545 2846 2855 2905 Historiam
2876 2864 2967 2904 ec-

348 2933 414 2997 O.
448 2936 634 2993 Oarm.
669 2935 896 2993 sodales
918 2935 993 2993 ob
1014 2934 1321 2993 inductam
1351 2936 1628 2993 reforma·
1685 2935 2076 2994 clesiasticam
2134 2935 2449 3010 Hispaniae
2527 2939 2630 3003 ,et
2689 2954 2758 2993 ex
2814 2935 2970 2993 bona

343 3023 584 3082 tionem.
616 3023 667 3080 A
700 3024 865 3082 Sixto
885 3023 953 3082 V.
983 3024 1204 3082 missus
1234 3026 1342 3091 est,
1376 3026 1448 3080 ut
1479 3023 1629 3080 dixi·
1685 3028 1854 3099 parte
1887 3042 2126 3100 compos
2157 3024 2276 3082 fuit
2307 3024 2432 3083 voti
2451 3025 2644 3083 factus
2678 3023 2965 3082 scribens:

345 3130 495 3181 mus,
530 3113 782 3188 Pragam
831 3112 904 3169 ad
954 3114 1152 3170 aulam
1205 3112 1438 3170 Rudolfi
1469 3112 1627 3186 imp.,
1685 3108 1959 3172 Historia
2008 3115 2380 3171 ecclesiastica
2431 3113 2500 3171 de
2541 3114 2790 3185 Espana
2833 3115 2875 3169 t.
2929 3121 2962 3173 2

347 3202 517 3277 cujus
551 3201 695 3260 adeo
727 3201 867 3259 iniit
884 3202 1157 3277 gratiam,
1191 3204 1263 3258 ut
1280 3219 1414 3258 cum
1446 3201 1630 3259 fratre
1683 3200 1748 3261 in
1778 3202 1837 3270 f..
1872 3203 2124 3260 Malacae
2161 3211 2343 3264 1605.
2376 3201 2650 3261 Absolvit
2670 3200 2967 3259 centurias

349 3294 409 3347 et
438 3291 656 3365 nepote
686 3289 885 3348 dictus
906 3291 1085 3348 fuerit
1101 3306 1294 3348 comes
1310 3289 1628 3365 palatinus.
1685 3310 1976 3349 annorum
1998 3296 2240 3366 septem,
2259 3290 2521 3365 reliquae
2537 3289 2963 3367 desiderantur.

346 3378 491 3437 Inde
521 3378 703 3436 rediit
740 3388 926 3447 1588,
962 3397 1246 3453 suamque
1271 3378 1415 3435 adiit
1445 3378 1626 3436 eccle·
1683 3380 1878 3455 Hujus
1908 3398 2145 3454 quoque
2192 3383 2365 3437 sunt:
2430 3378 2812 3436 Conciliorum
2842 3394 2963 3434 om·

348 3467 496 3525 siam
511 3486 764 3542 moxque
780 3468 1100 3526 solemnem
1112 3467 1435 3526 celebravit
1450 3483 1628 3542 syno·
1682 3471 1845 3526 nium
1862 3469 2247 3543 chronoloqia,
2272 3467 2496 3525 Matriti
2537 3475 2727 3536 1587;
2774 3465 2959 3523 Tabu-

347 3555 487 3614 dum
518 3555 940 3625 dioecesanam,
958 3557 1130 3631 cujus
1161 3563 1292 3614 acta
1322 3558 1385 3614 et
1413 3561 1628 3614 statuta
1682 3557 2804 3632 caeseptemEcclesiaesacramentorum,
2839 3554 2960 3611 Ma-

345 3643 700 3719 prodierunt
758 3645 1092 3703 Placentiae
1163 3635 1345 3708 1589.
1407 3643 1626 3701 Eodem
1683 3645 1818 3704 triti
1863 3653 2083 3707 1587ss
2122 3643 2214 3702 Ita
2243 3643 2382 3705 bibl.
2405 3643 2557 3719 hisp.
2573 3662 2629 3700 n.
2646 3642 2692 3713 1,
2716 3653 2962 3705 456.—

345 3752 499 3791 anno
533 3732 773 3792 additus
805 3736 896 3792 est
927 3750 1120 3793 comes
1162 3732 1448 3791 cardinali
1481 3733 1625 3789 Gae—
1682 3733 1964 3792 Octavius
2011 3733 2130 3807 Caj
2151 3736 2426 3791 etanus
2476 3727 2785 3813 (Gaetano)
2821 3732 2875 3793 S.
2906 3731 2962 3789 J.

343 3821 487 3892 tani,
520 3822 627 3897 qui
659 3823 879 3881 missus
912 3823 1106 3881 fuerat
1123 3823 1357 3899 legatus
1390 3824 1623 3896 aposto·
1683 3822 2089 3899 Syracusanus
2182 3818 2264 3903 (n.
2359 3830 2458 3883 22.
2535 3822 2676 3896 Apr.
2764 3829 2961 3891 1566;

345 3910 494 3969 licus
545 3911 610 3968 in
661 3911 907 3969 Galliam
955 3911 1443 3979 turbatissimam‚
1491 3927 1627 3967 cum
1680 3910 1715 3978 †
1751 3921 1805 3975 8.
1840 3910 2039 3969 Martii
2078 3906 2271 3991 1620)
2318 3909 2589 3969 doctrina
2636 3911 2698 3968 et
2743 3908 2963 3968 sanctis

345 3998 637 4057 Henricus
669 3999 766 4058 IV.
799 3999 991 4058 adhuc
1007 3999 1385 4058 calvinianus
1417 3998 1626 4073 grada-
1680 4000 1949 4059 moribus
1961 3995 2011 4079 ⁸)
2076 3999 2447 4074 conspicuus,
2509 3999 2758 4075 reliquit
2814 4015 2964 4074 opus

345 4087 454 4146 tim
512 4106 767 4164 regnum
830 4088 981 4147 illud
1045 4090 1376 4163 occuparet.
1440 4086 1624 4155 Quin-

345 4176 670 4277 quennium
709 4176 1075 4278 difficillimis
1107 4177 1225 4235 illis
1258 4175 1626 4276 temporibus
1761 4250 1773 4281 ι
1826 4242 1897 4295 Cf
1935 4240 1972 4296 S
2039 4243 2049 4252 Ι

344 4284 406 4323 ¹¹²
436 4265 651 4365 affl..
672 4268 985 4366 ...ns-em,
1039 4266 1113 4323 ab
1150 4265 1496 4324 mommo
1528 4262 1624 4321 ¹³·
1681 4312 1704 4365 1
1750 4245 1856 4371 1³70
1894 4241 2962 4384 ·.s¹?ss².¹;2⁶.2.‘³{zzz?0s.sszss¹es⁹ffi

344 4372 607 4430 purpura
636 4358 961 4455 msffssmtus
1009 4356 1072 4455 §³¹³
1121 4370 1422 4412 successor
1453 4352 1627 4410 datus
1680 4354 1982 4452 collegium
2009 4385 2465 4440 benevolentiam
2490 4383 2867 4438 commendat.

339 4440 492 4504 card.
508 4442 753 4501 Gaetam
764 4462 831 4500 10
845 4443 1157 4519 legatione.
1187 4443 1437 4500 Demum
1462 4450 1624 4503 1594
1754 4462 1794 4520 ²)
1824 4454 1961 4525 Ejus
1987 4458 2149 4525 gesta
2173 4456 2323 4509 idem
2391 4455 2563 4509 ariter
2582 4456 2777 4508 narrat
2797 4453 2860 4507 in
2878 4453 2962 4506 in-

340 4530 397 4588 ei
427 4530 620 4590 redire
651 4531 839 4593 licuit.
901 4531 1193 4590 Redeunti
1241 4531 1628 4589 occurrerunt
1681 4525 1823 4607 ῢζοῤ-
1852 4543 1941 4596 op.
1970 4543 2024 4607 p.
2052 4526 2328 4603 XXXV—
2379 4565 2393 4579 .
2444 4525 2525 4585 Cf.
2554 4524 2825 4580 Fantuzzi
2849 4524 2963 4579 No·

1680 4597 1809 4651 time
1837 4597 1989 4668 degh
2016 4598 2205 4653 Scntt.
2230 4596 2416 4668 bolog.
2444 4597 2563 4663 VII,
2589 4600 2855 4655 372—76.

1752 4673 1794 4749 ⁸)
1823 4666 1904 4722 De
1930 4668 2018 4722 his
2044 4669 2112 4722 cf.
2140 4670 2306 4740 plura
2343 4668 2405 4721 in
2430 4667 2668 4723 Sotvelli
2695 4667 2961 4722 Biblioth.

417 4741 457 4807 ¹)
483 4736 623 4807 Ejus
661 4741 823 4808 gesta
861 4737 1102 4793 fideliter
1139 4737 1312 4791 refert
1357 4735 1626 4789 Reichen-
1679 4737 1881 4808 Scnpt.
1904 4739 1955 4793 S.
1973 4741 2023 4795 J.
2051 4739 2132 4794 De
2147 4739 2412 4808 operibus
2427 4737 2960 4809 SommervogelIll,

337 4808 539 4879 berger
555 4808 618 4862 in
637 4809 843 4864 introd.
859 4825 952 4879 op.
976 4809 1074 4863 cit.
1091 4823 1222 4878 pag.
1239 4806 1621 4861 XIII-XXXV.
1681 4814 1878 4867 1086-
1894 4814 1980 4867 89.

555 4909 747 4966 Hurter,
776 4909 1116 4956 Nomenclator
1143 4908 1210 4954 111
1239 4909 1314 4954 ed.
1345 4908 1393 4954 3.
2570 4903 2638 4956 18
