3625 5193
605 271 726 322 907
996 254 1363 309 1621—1640.
1390 249 1621 304 Ascesis.
1647 249 1895 314 Mittam,
1924 249 2104 306 Binet.
2130 249 2296 305 Dion.
2324 266 2358 302 a
2383 247 2564 303 Matre
2590 249 2691 302 Dei
2719 252 2823 303 etc.
3095 266 3229 321 903

600 441 814 496 ventus
845 438 1076 496 romani
1106 436 1330 495 electus
1362 442 1457 496 est
1487 441 1698 508 rector,
1746 455 1883 512 pro·
1937 436 2041 504 ΙΙΙ,
2072 434 2765 498 1485—89.--Ju1ius
2787 434 2844 492 N
2860 434 2879 492 i
2896 434 3232 511 gronius

600 526 867 584 vincialis
890 527 1026 584 dein
1056 530 1117 584 et
1137 525 1414 584 definitor
1433 527 1746 603 generalis,
1781 526 1883 586 sed
1937 527 1991 585 S.
2022 526 2078 584 J.
2099 525 2429 583 Genuensis
2464 520 2524 605 (†
2564 534 2658 586 17.
2691 524 2826 587 Jan.
2868 520 3080 602 1625),
3115 541 3229 581 cu-

509 671 520 692 s
599 634 731 673 mox
781 615 930 673 obiit
981 625 1075 677 19.
1116 615 1260 690 Apr.
1313 623 1495 677 1630.
1546 616 1879 691 Purpuram
1928 617 2031 690 jus
2082 621 2366 673 tractatus
2425 615 2653 672 ascetici
2717 612 3069 688 prodierunt
3130 632 3226 671 re-

599 703 712 761 sibi
747 723 782 762 a
810 703 1009 762 tribus
1040 703 1421 778 pontificibus
1456 704 1710 762 oblatam
1741 724 1881 780 prae
1936 704 2178 780 cogniti,
2206 704 2367 761 aucti
2386 705 2447 760 et
2469 702 2697 761 collecti
2718 702 2989 760 Coloniae
3022 711 3185 764 1624
3211 722 3231 770 3

598 793 937 850 humilitate
968 791 1280 851 recusavit.
1333 793 1478 869 EJus
1510 811 1687 868 opera
1719 813 1879 853 asce-
1935 794 2074 852 diss,
2106 793 2347 850 moralis
2376 791 2449 849 de
2482 791 2767 849 librorum
2805 791 3227 848 amatoriorum

595 882 715 939 tica
734 881 1085 956 prodierunt
1113 881 1359 940 collecta
1378 882 1653 959 Lugduni
1684 892 1879 952 16333
1936 882 2186 941 lectione
2238 880 2583 956 junioribus
2647 880 2898 938 maxime
2956 878 3233 946 vitanda.

595 971 810 1029 Romae
866 980 1290 1032 1670-1671
1340 973 1381 1028 t.
1419 979 1452 1030 2
1498 972 1562 1029 in
1598 980 1653 1032 4.
1714 973 1883 1031 Inter
1937 969 2966 1044 Mediolani1622.—Dionysius
2994 969 3231 1026 aMatre

597 1060 738 1117 haec
768 1078 918 1135 opus
939 1077 1077 1117 vere
1108 1078 1353 1118 aureum
1385 1060 1714 1119 Thesaurus
1731 1080 1879 1136 pau·
1936 1061 2042 1118 Dei
2070 1060 2411 1135 Aquitanus
2442 1078 2512 1117 ex
2544 1057 2914 1116 nobilissima
2944 1056 3223 1132 dynastia

590 1167 798 1223 perum
829 1148 901 1206 ad
944 1148 1428 1208 thesaurizandos
1472 1150 1784 1208 thesauros
1819 1151 1878 1208 in
1938 1150 2018 1206 De
2050 1149 2108 1206 la
2140 1147 2502 1224 Salagourde
2522 1146 2879 1222 Burdigalae
2923 1155 3083 1208 1584
3119 1165 3235 1204 na·

598 1237 766 1295 Coelo
815 1255 950 1294 cum
1002 1237 1331 1314 Soliloquiis
1379 1237 1599 1296 iterum
1655 1239 1881 1314 prodiit
1935 1241 2051 1307 tus,
2085 1237 2421 1305 adolescens
2452 1237 2697 1294 Romam
2747 1234 3049 1309 profectus
3096 1234 3224 1308 pri·

595 1326 837 1384 Taurini
878 1335 1078 1392 18723
1129 1326 1327 1385 italice
1361 1326 1531 1384 Senis
1573 1337 1757 1390 1879.
1790 1362 1877 1371 —
1934 1345 2067 1385 mus
2098 1346 2130 1384 e
2163 1325 2347 1384 Gallis
2374 1325 2438 1383 O.
2460 1325 2644 1383 Carm.
2679 1342 2797 1400 reg.
2831 1323 2956 1381 obs.
2988 1324 3227 1381 italicae

597 1415 816 1472 Nostra
848 1419 1040 1472 aetate
1059 1415 1175 1472 Leo
1209 1415 1463 1474 Guerrin
1483 1417 1677 1491 coepit
1709 1418 1880 1475 edere
1934 1414 2409 1492 congregationis
2430 1418 2523 1471 est
2541 1414 2869 1489 ingressus.
2894 1413 3219 1470 Multorum

596 1504 872 1575 opusc-ula
921 1503 1172 1562 ascetica
1219 1504 1504 1562 Matthiae
1551 1505 1882 1565 Mittner
1934 1508 2140 1579 postea
2171 1503 2588 1562 coenobiorum
2625 1502 2689 1559 in
2721 1501 2911 1559 Gallia
2944 1501 3223 1559 fundator

597 1591 1037 1649 eichstettensis
1062 1592 1228 1667 prius
1262 1593 1314 1649 S.
1335 1591 1374 1648 J
1378 1635 1409 1662 .‚
1442 1592 1577 1651 dein
1600 1594 1663 1652 Ο.
1686 1595 1878 1653 Carth.
1934 1593 2165 1651 exstitit
2195 1596 2255 1650 et
2288 1591 2581 1650 secundus
2614 1590 2934 1648 Galliarum
2976 1588 3223 1665 provin-

599 1678 831 1758 (16122
878 1677 913 1746 †
966 1677 1177 1756 1632).
1212 1681 1340 1738 Duo
1371 1681 1560 1755 ipsius
1594 1685 1879 1759 opuscula
1934 1682 2116 1746 cialis.
2180 1680 2284 1738 Vir
2332 1684 2463 1738 erat
2512 1679 2815 1738 laboribus
2869 1678 3220 1746 indefessae,

596 1768 861 1826 ediderat
882 1770 1008 1842 jam
1031 1770 1143 1827 Pez
1174 1769 1237 1826 in
1257 1769 1400 1828 bibl.
1420 1772 1671 1830 ascetica
1689 1771 1799 1830 t.V
1819 1775 1880 1831 et
1932 1771 2091 1830 vitae
2125 1770 2462 1838 sanctitate,
2498 1767 3003 1826 illustrationibus
3035 1771 3094 1824 et
3124 1786 3218 1825 re·

596 1858 692 1920 IX,
727 1859 960 1931 reliqua
981 1862 1123 1916 sunt
1140 1858 1294 1916 circa
1316 1868 1394 1921 80
1421 1856 1701 1939 (quorum
1722 1862 1876 1919 indi·
1934 1858 2333 1918 velationibus
2354 1858 2626 1926 illustria,
2650 1856 3028 1915 concionator
3049 1856 3225 1914 fervi·

597 1964 721 2004 cem
769 1947 948 2004 habes
981 1946 1042 2004 in
1073 1950 1115 2005 t.
1158 1957 1207 2009 1.
1242 1947 1421 2022 hujus
1468 1947 1599 2030 ed.).
1651 1951 1880 2009 Prodiit
1933 1949 2046 2006 dus
2081 1946 2143 2029 (†
2180 1957 2277 2009 21.
2312 1948 2464 2010 Nov.
2507 1943 2718 2026 1622).
2773 1946 3011 2003 Praeter
3042 1946 3223 2002 homi-

595 2041 640 2098 t.
683 2046 732 2096 1.
766 2035 1068 2093 Curreriae
1113 2046 1292 2099 1897.
1326 2069 1400 2079 -
1430 2038 1688 2097 Multum
1720 2058 1878 2098 com·
1933 2039 2045 2096 lias
2076 2039 2147 2096 de
2180 2055 2255 2094 ss.
2278 2036 2666 2095 eucharistiae
2690 2041 3071 2101 sacramentO,
3107 2034 3218 2091 Pa-

595 2124 954 2182 mendantur
991 2127 1322 2184 sententiae
1362 2127 1644 2186 asceticae
1676 2129 1877 2187 Ludo·
1932 2127 2094 2184 risiis
2137 2135 2320 2188 1618.
2362 2135 2547 2192 1619,
2602 2123 2850 2198 reliquit
2882 2123 3225 2181 discursum

595 2213 709 2272 vici
760 2213 1198 2272 Lallemant
1248 2214 1302 2272 S.
1348 2215 1402 2273 J.
1455 2210 1538 2297 (n.
1594 2227 1791 2287 15783
1844 2215 1879 2284 †
1932 2215 2418 2290 theologicumde
2448 2213 2756 2271 visionibus
2787 2218 2839 2268 et
2863 2213 3219 2269 revelationi-

605 2297 816 2382 1635),
868 2322 1013 2377 quas
1072 2303 1313 2379 collegit
1353 2305 1698 2381 Rigoleu.
1762 2307 1878 2363 Eae
1935 2306 2038 2363 bus
2069 2309 2250 2378 atque
2281 2301 2702 2370 locutionibuS‚
2756 2300 2860 2375 qui
2891 2300 3111 2376 prodiit
3142 2299 3218 2357 ib.

597 2391 946 2465 prodierunt
967 2392 1289 2467 praemissa
1309 2395 1486 2469 hujus
1507 2398 1734 2453 ascetae
1752 2396 1879 2453 vita
1944 2403 2105 2456 1619
2128 2411 2250 2450 una
2282 2411 2416 2450 cum
2437 2410 2480 2448 s.
2510 2391 2555 2447 G
2573 2409 2604 2448 e
2621 2388 2843 2448 rtrud
2859 2389 2878 2445 i
2896 2408 2923 2447 a
2958 2392 3221 2447 insinua-

595 2480 873 2555 Lugduni
947 2489 1141 2550 17353
1217 2482 1465 2556 aliisque
1511 2483 1875 2542 editionibus
1932 2482 2181 2540 tion-ibus
2200 2483 2427 2539 divinae
2438 2481 2690 2554 pietatis.
2723 2480 3058 2536 Amatorem
3076 2481 3220 2535 veri-

596 2569 824 2628 omissis
855 2569 1071 2628 iterum
1099 2570 1335 2629 Parisiis
1377 2581 1556 2634 1858.
1587 2582 1769 2635 1863.
1789 2606 1877 2614 —
1932 2574 2070 2631 tatis
2100 2588 2417 2647 suppresso
2448 2568 2683 2628 nomine
2726 2567 2976 2627 edidisse
3010 2567 3217 2626 scribi-

596 2659 860 2716 Plurima
911 2677 1151 2733 prorsus
1197 2661 1481 2733 opuscula
1526 2662 1773 2719 ascetica
1820 2665 1879 2720 et
1933 2665 2035 2719 tur
2081 2664 2287 2719 contra
2330 2677 2515 2717 novos
2560 2657 2845 2716 terminos
2889 2657 3012 2715 sive
3054 2658 3223 2715 locu-

597 2747 750 2804 vitas
797 2747 1148 2805 Sanctorum
1200 2748 1548 2822 piarumque
1599 2769 1877 2824 persona·
1932 2750 2138 2818 tiones,
2191 2751 2410 2825 quibus
2461 2747 2762 2806 Berullius
2812 2746 2876 2803 in
2929 2747 3053 2804 suis
3100 2747 3219 2804 uti-

594 2854 728 2892 rum
778 2834 1021 2907 reliquit
1074 2835 1407 2910 Stephanus
1460 2838 1686 2897 Binet
1735 2840 1788 2899 S.
1822 2840 1876 2897 J.
1932 2843 2034 2897 tur
2084 2838 2360 2914 operibus
2390 2831 2456 2917 ¹).
2509 2870 2595 2877 —
2645 2836 2917 2912 Diligens
2969 2835 3223 2911 scriptor

594 2922 985 2991 Divionensis‚
1032 2924 1217 2982 trium
1249 2925 1680 3001 provinciarum
1718 2929 1875 2986 ordi·
1931 2927 2049 2985 fuit
2081 2926 2379 2985 Antonius
2414 2925 2760 2983 Diilcken
2793 2923 2855 2982 Ο.
2884 2924 3077 2983 Carth.
3109 2924 3218 2983 Co-

592 3011 686 3068 nis
720 3012 1092 3087 praepositus
1117 3009 1176 3094 (†
1199 3014 1387 3077 4.Ju1.
1418 3014 1623 3096 1639).
1657 3017 1876 3075 Eorum
1932 3017 2128 3075 Ioniae
2187 3026 2345 3078 1560
2394 3017 2588 3081 natue,
2644 3013 2718 3071 ab
2761 3033 2809 3072 a.
2866 3023 3033 3075 1614
3079 3014 3219 3071 Car-

592 3105 868 3160 numerat
890 3101 1390 3179 Sommervoge11‚
1441 3114 1873 3169 1488-1505
1933 3105 2167 3164 thusiae
2183 3104 2461 3179 Friburgi
2493 3103 2657 3178 prior
2690 3099 2750 3181 (†
2780 3113 2828 3162 l.
2851 3102 2973 3160 Oct.
3006 3098 3217 3184 1623).

592 3190 744 3248 circa
779 3200 879 3262 45,
930 3190 1087 3249 inter
1119 3212 1268 3266 quae
1301 3192 1547 3269 Morque
1577 3196 1644 3253 de
1666 3197 1874 3270 prede·
1935 3194 2111 3252 Plura
2141 3192 2428 3268 opuscula
2447 3191 2696 3250 ascetica
2729 3191 2915 3250 latine
2936 3192 3118 3249 vertit
3148 3210 3219 3249 ex

589 3282 879 3349 silvaci-tion,
928 3280 1232 3357 Rotomagi
1277 3291 1438 3344 1615
1476 3283 1564 3341 ed.
1603 3283 1727 3359 jam
1762 3304 1876 3342 un·
1932 3284 2139 3359 lingua
2188 3282 2335 3340 itala
2383 3281 2478 3339 vel
2524 3278 2846 3359 hispana2).
2895 3313 2980 3323 —-—
3030 3281 3221 3339 Multa

591 3369 839 3439 <lecima3
875 3369 1074 3444 aliqua
1109 3366 1200 3451 (9)
1228 3371 1578 3447 prodierunt
1611 3372 1872 3441 collecta,
1933 3371 2220 3446 opuscula
2252 3371 2498 3445 reliquit
2539 3369 2850 3445 Philippus
2876 3369 3218 3427 Bebbius

589 3457 666 3514 ib·
712 3468 908 3527 1620;
962 3468 1126 3521 1627
1150 3481 1163 3529 ;
1211 3461 1288 3519 du
1323 3461 1491 3519 Salut
1531 3460 1871 3537 d'Oriqene,
1932 3463 1983 3518 S.
2019 3462 2071 3520 J.
2106 3460 2448 3518 Leodiensis
2497 3454 2558 3539 (†
2599 3456 2808 3537 1637),
2859 3459 3021 3516 inter
3065 3476 3218 3533 quae

591 3547 754 3605 Paris
798 3557 990 3616 16293
1032 3558 1230 3617 16313
1283 3550 1367 3607 Le
1389 3552 1585 3625 qrcmd
1628 3551 1872 3623 chef-d’-
1931 3555 2022 3608 est
2068 3550 2359 3607 vindiciae
2422 3548 2743 3606 Ursulanae
2794 3565 2898 3604 seu
2943 3551 2984 3604 t.
3036 3547 3221 3621 prior.

587 3654 788 3696 oeuvre
818 3638 886 3695 de
910 3638 1060 3694 Dieu
1093 3657 1169 3696 ou
1201 3639 1287 3697 les
1320 3639 1675 3714 perfectione
1711 3639 1784 3698 de
1818 3641 1875 3698 la
1932 3657 2050 3714 quo
2082 3638 2438 3715 primigenia
2483 3636 2727 3694 historia
2768 3654 2845 3697 ss.
2879 3635 3123 3694 Ursulae
3154 3641 3217 3694 et

589 3725 790 3783 Sainte
825 3726 1055 3801 vierge,
1099 3726 1178 3782 ib.
1221 3736 1423 3797 16343
1467 3738 1661 3798 16483
1707 3738 1868 3792 1855
1930 3727 2205 3785 undecim
2253 3726 2508 3784 millium
2556 3725 2857 3801 virginum
2909 3743 3042 3783 cum
3091 3728 3213 3783 tra-

589 3816 726 3882 etc.;
760 3814 855 3871 La
887 3816 970 3871 vie
1000 3816 1348 3892 apostolique
1377 3817 1446 3873 de
1479 3817 1537 3879 S.
1571 3818 1751 3875 Denis
1784 3819 1870 3876 A·
1931 3817 2154 3875 ditione
2217 3814 2533 3873 coloniensi
2597 3816 2803 3872 contra
2851 3814 3224 3872 adversarios-

589 3905 892 3977 reopaqite,
917 3901 996 3962 ib.
1030 3910 1228 3972 1624;
1271 3913 1433 3966 1629
1457 3905 1875 3964 etc—Utilia
1931 3905 2233 3971 asseritur,
2283 3904 2554 3962 Coloniae
2594 3913 2759 3965 1647
2815 3903 2877 3960 in
2910 3902 2948 3960 f.
2995 3901 3117 3961 Hoc
3149 3904 3217 3960 in

588 3991 871 4063 opuscula
933 3991 1181 4048 ascetica
1242 3992 1616 4067 reliquerunt
1661 3995 1871 4053 Petrus
1928 4013 2019 4069 op.
2042 3992 2269 4053 socium
2291 3992 2509 4050 laboris
2531 3991 2739 4050 habuit
2759 3990 2957 4051 Herm.
2987 3991 3110 4049 Cro
3124 4012 3214 4049 m·

589 4077 727 4134 Giu
746 4078 853 4136 sti
875 4078 1052 4136 nelli
1077 4079 1131 4143 S.
1152 4079 1207 4139 J.
1229 4082 1563 4153 Brixianus,
1598 4084 1703 4158 qui
1722 4083 1874 4142 obiit
1928 4083 2099 4141 bach
2123 4079 2183 4161 (†
2210 4080 2424 4161 1680).
2460 4081 2563 4155 qui
2586 4098 2734 4154 opus
2766 4080 3080 4154 complevit
3110 4082 3219 4137 ad·

587 4166 852 4225 caritatis
867 4168 1106 4226 victima
1120 4169 1180 4227 in
1199 4170 1481 4246 obsequio
1494 4175 1872 4248 aegrotorum
1919 4173 2079 4245 jecto
2130 4179 2171 4233 t.
2220 4172 2437 4237 altem,
2490 4175 2559 4228 ut
2605 4168 2761 4226 infra
2810 4168 3091 4228 dicemus.
3125 4203 3213 4213 —

585 4261 748 4331 peste
781 4256 1135 4316 infectorum
1178 4270 1270 4323 13.
1305 4259 1425 4320 Jul.
1466 4270 1651 4322 1630.
1705 4261 1874 4318 Inter
1927 4260 2409 4320 Bartholomaeus
2485 4259 2521 4316 S
2543 4258 2827 4317 alutiu
2849 4275 2875 4315 s
2940 4258 3005 4316 Ο.
3069 4258 3219 4316 Min.

587 4364 654 4403 ea
686 4349 776 4404 est
808 4347 1047 4405 libellus
1067 4349 1347 4407 exhibens
1367 4347 1731 4407 Psalmorum
1761 4351 1868 4407 da·
1925 4348 2114 4410 strict.
2150 4348 2285 4407 Obs.
2320 4348 2633 4406 sanctitate
2678 4350 2738 4404 et
2771 4347 2928 4405 vitae
2959 4348 3217 4424 integri·

587 4436 964 4494 vidiant-umet
986 4440 1342 4496 canticorum
1357 4444 1713 4513 arqumcnto,
1733 4455 1868 4496 cum
1926 4442 2047 4497 tate
2092 4457 2198 4513 per
2231 4438 2566 4495 universam
2599 4435 2834 4494 Italiam
2867 4439 2929 4493 et
2960 4435 3215 4494 Galliam

585 4523 748 4582 brevi
801 4525 1190 4600 explicatione
1240 4544 1450 4584 sensus
1510 4526 1760 4584 literalis
1807 4531 1869 4584 et

586 4613 822 4686 mystici
867 4632 936 4670 ex
967 4613 1217 4673 diversis
1261 4614 1605 4674 auctoribus
1652 4616 1869 4674 selecta
1998 4662 2037 4729 ¹)
2066 4658 2149 4712 Cf.
2170 4658 2389 4712 Viffiem
2410 4659 2451 4723 Ι,
2470 4662 2607 4729 4003
2637 4657 2897 4712 Hem-M,
2920 4672 3037 4711 MS,
3061 4658 3217 4711 gaer,

585 4718 692 4771 ΡῙὊ
724 4697 1034 4797 devf’ffione
1064 4702 1388 4780 logentium
1425 4703 1595 4762 horas
1627 4704 1866 4762 ommni·
1921 4730 1982 4785 in
2010 4729 2138 4785 coll.
2165 4730 2352 4798 script.
2382 4733 2443 4784 Ο.
2473 4730 2653 4789 Carm.
2684 4729 2904 4783 Excalc.
2935 4730 2977 4793 Ι,
3004 4733 3130 4786 157.

589 4807 700 4855 cas,
737 4786 1070 4864 Salisburgi
1103 4801 1284 4853 1661.
1319 4790 1397 4849 Cf.
1427 4791 1868 4869 Sommervogel
1998 4806 2036 4872 ²)
2065 4802 2146 4854 Cf.
2176 4816 2366 4855 eorum
2397 4801 2696 4856 elenchum
2723 4799 2837 4854 KL.
2860 4800 2953 4865 111,
2981 4803 3137 4857 2107.
