3625 5193
407 255 526 307 417

1040 239 1346 307 Coquaeus,
1372 217 1682 305 MichaeliS,
1709 239 1941 306 Gerard,
1970 240 2141 307 Baile,
2168 240 2391 294 Bordes.

2904 259 3027 312 418

407 425 492 483 sio
525 425 660 484 fidei
708 425 1097 501 hugenoticae
1143 427 1204 482 et
1254 426 1684 483 chatechismus
1741 445 1797 483 n.
1824 435 1989 489 1543
2012 426 2075 484 in
2097 426 2331 502 oppido,
2357 426 2516 500 quod
2536 427 2718 503 vulgo
2741 428 2823 486 La
2844 427 3031 487 sainte

406 515 771 573 calvinianus
802 514 1038 582 divinis,
1062 513 1472 573 ecclesiasticis
1508 514 1684 589 acip-
1741 516 1965 574 Baume
2010 519 2243 585 vocant,
2277 517 2340 574 in
2373 515 2625 573 dioecesi
2658 517 3027 589 massiliensi,

405 607 726 662 eorummet
756 603 1290 661 haeresiarcharum
1330 603 1562 679 scriptis
1595 621 1684 661 re·
1749 605 1882 671 ,vir
1911 623 2117 663 revera
2148 605 2281 673 fuit,
2317 604 2523 663 scribit
2549 604 2777 662 Echard
2797 604 2872 674 ΙΙ,
2900 617 3025 670 410

403 692 854 768 prehenduntur
885 696 947 750 et
991 691 1394 760 confutantur,
1444 692 1686 750 Parisiis

1743 693 1930 752 fusius
1962 694 2089 768 ejus
2121 694 2333 752 merit-a
2364 694 2432 751 de
2453 693 2743 769 regularis
2765 694 3028 769 discipli-

415 792 573 844 1604
621 783 684 840 in
730 782 766 839 f.
816 781 970 839 Huic
1000 781 1372 856 praeierunt:
1420 781 1689 839 Semaine
1742 801 1856 841 nae
1901 784 2316 842 reformatione
2380 800 2763 857 prosequens,
2817 785 3029 842 excelsi

402 872 686 946 premiere
704 872 805 929 des
824 871 1144 946 dialoyueS,
1167 870 1387 944 quibus
1416 882 1437 932 1
1460 880 1537 932 74
1561 871 1686 928 Cal-

407 960 761 1019 vinistarum
782 977 1008 1017 errores
1029 959 1360 1034 gravissimi
1381 960 1688 1035 perspicue

408 1049 764 1108 refelluntur
795 1050 856 1106 et
888 1047 1074 1107 solide
1095 1048 1500 1116 confutantur,
1524 1048 1686 1106 Pari·

408 1139 508 1196 siis
550 1147 746 1207 15853
787 1145 968 1206 1589,
993 1136 1176 1194 latine
1196 1137 1471 1196 Coloniae
1505 1145 1686 1205 1594,

409 1247 523 1302 qua
573 1228 633 1284 in
685 1226 954 1285 versione
1004 1226 1292 1283 ducentos
1336 1244 1562 1284 errores
1594 1244 1688 1283 re·

409 1317 574 1374 fellit.
620 1313 875 1375 Seconde
907 1316 1179 1391 semaine,
1218 1315 1440 1389 quibus
1473 1314 1688 1372 exami-

407 1411 627 1464 nantur
641 1416 720 1467 46
733 1415 764 1466 5
780 1404 1236 1463 calvinistarum
1261 1422 1500 1472 errores,
1523 1404 1686 1461 Pari·

407 1494 506 1552 siis
547 1503 709 1557 1598
746 1497 854 1551 etc.
878 1515 890 1562 3
926 1494 1432 1568 Eutremanyeries
1451 1500 1500 1550 et
1516 1512 1687 1570 quer-

1743 871 2097 946 infractique
2129 872 2310 930 animi
2353 890 2458 929 seu
2505 872 2665 929 vitae
2713 873 3028 930 sanctimo-

1743 961 1861 1030 nia,
1895 979 2000 1020 seu
2039 961 2382 1020 concionum
2431 960 2696 1019 aestibus
2745 979 2809 1019 ac
2855 963 3031 1020 vehe-

1743 1050 1985 1119 mentia,
2019 1068 2124 1107 seu
2159 1049 2544 1109 scholasticae
2593 1050 3028 1126 polemicaeque

1744 1143 1925 1214 atque
1957 1139 2139 1197 etiam
2171 1139 2473 1197 affectivae
2505 1137 2839 1214 theologiae
2861 1158 3028 1214 prae-

1745 1227 1967 1286 stantia
1999 1227 2452 1288 sublimioribus
2485 1227 2577 1285 sui
2606 1228 2736 1288 aevi
2769 1228 3025 1287 doctori-

1743 1319 1860 1375 bus
1893 1318 2246 1392 conspicuus
2279 1317 2779 1390 heterodoxisque
2826 1318 3029 1376 formi-

1745 1405 1991 1476 dandus,
2025 1407 2130 1480 qui
2163 1411 2223 1464 et
2257 1425 2331 1464 ne
2364 1424 2502 1464 suae
2536 1405 2765 1464 deesset
2787 1425 3029 1482 congre-

1745 1495 1991 1571 gationi,
2026 1495 2256 1554 oblatas
2288 1495 2401 1554 sibi
2432 1495 2753 1553 Arausicae
2774 1499 2833 1552 et
2855 1495 3032 1554 Foro-

408 1602 497 1641 res
530 1584 904 1651 ministrale&
941 1582 985 1640 c'
1003 1585 1092 1641 est
1111 1587 1145 1639 a
1163 1582 1290 1640 dire
1312 1583 1532 1650 11611168,
1553 1601 1688 1640 con·
1738 1584 1883 1659 julii
1913 1585 1976 1642 in
1997 1583 2360 1658 Septimania
2378 1584 2731 1642 detrectavit
2752 1584 2985 1642 infulae.
3003 1591 3031 1621 ‘

407 1672 774 1741 tradictionS,
845 1672 1216 1741 accusatione
1262 1716 1272 1727 .
1308 1719 1321 1733 .
1357 1716 1368 1727 .
1417 1671 1518 1728 des
1581 1670 1688 1728 Mi-

406 1765 630 1819 nistres
658 1762 731 1818 de
766 1778 829 1818 ce
864 1761 1037 1818 siecle
1060 1751 1139 1822 ib.
1167 1770 1324 1821 1601
1355 1782 1368 1830 ;
1412 1769 1574 1822 1604
1601 1759 1690 1820 ed.

413 1862 464 1913 3.
487 1853 674 1920 aucta,
693 1849 924 1924 aliaque
954 1848 1241 1922 ejusmodi
1263 1849 1546 1906 adversus
1561 1848 1689 1906 Cal-

409 1940 674 1997 vinianos
693 1957 869 2013 opera
886 1938 1004 1996 acri
1018 1938 1156 1995 stilo
1168 1937 1691 2012 conscriptaffiomi-

407 2029 531 2095 lias,
550 2028 782 2085 Parisiis
797 2039 813 2088 1
832 2037 865 2089 6
878 2037 911 2087 Ο
924 2036 975 2089 5.
997 2037 1023 2089 1
1038 2036 1072 2086 6
1084 2037 1117 2089 0
1127 2038 1182 2094 6,
1197 2028 1257 2083 et
1265 2026 1442 2102 plura
1452 2026 1690 2083 inedita.

509 2215 641 2267 179.
690 2206 1024 2265 Leonardus
1075 2205 1114 2263 C
1135 2224 1166 2263 o
1188 2225 1226 2280 q
1251 2225 1290 2263 u
1313 2224 1395 2264 ae
1415 2225 1458 2262 u
1480 2223 1507 2262 s
1560 2201 1690 2283 (Co-

410 2291 633 2376 queau)
669 2295 733 2356 O.
765 2295 954 2352 Erem.
992 2313 1035 2351 s.
1056 2296 1207 2371 Aug.
1230 2294 1689 2362 Aurelianensis,

410 2385 509 2459 qui
543 2384 774 2460 linguas
807 2401 1092 2459 graecam,
1127 2383 1478 2452 hebraicam,
1503 2383 1691 2459 syria-

409 2491 534 2531 cam
568 2479 626 2531 et
659 2472 999 2530 chaldaeam
1052 2473 1274 2542 eadem,
1323 2491 1442 2547 qua
1484 2491 1689 2530 verna-

409 2563 619 2631 culam,
667 2562 948 2620 felicitate
982 2562 1341 2637 loquebatur
1372 2557 1434 2643 (†
1474 2556 1689 2642 1615),

409 2653 642 2727 scripsit
674 2653 1159 2709 Antimornaeum
1194 2652 1255 2709 id
1290 2655 1381 2708 est
1414 2651 1691 2709 Confuta-

409 2742 628 2799 tionem
677 2740 947 2815 mysterii
980 2740 1319 2815 iniquitatis
1351 2741 1471 2798 sive
1506 2741 1691 2797 histo-

410 2830 528 2888 riae
560 2832 813 2905 papatus
863 2829 1123 2904 Philippi
1156 2829 1432 2898 Momaei,
1480 2830 1540 2886 in
1573 2847 1693 2902 qua

409 2919 699 2977 elucidata
732 2917 1011 2976 historiae
1032 2917 1283 2976 veritate
1314 2936 1458 2975 rom.
1491 2917 1689 2992 ponti·

412 3008 540 3066 fices
571 3007 956 3065 vindicantur
988 3007 1059 3064 ab
1100 3006 1419 3064 adversarii
1471 3006 1692 3063 calum·

411 3097 543 3164 niis,
566 3114 889 3170 eorumque
912 3095 1236 3154 auctoritas
1271 3111 1432 3152 sacra
1451 3113 1516 3153 ac
1548 3094 1691 3152 fides

409 3185 734 3243 orthodoxa
754 3184 1058 3254 asseritur,
1080 3184 1324 3241 Parisiis
1355 3194 1464 3245 161
1484 3194 1517 3244 3
1537 3203 1550 3251 3
1571 3184 1692 3240 Me-

410 3274 629 3333 diolani
680 3283 842 3335 1616
888 3276 928 3330 t.
975 3282 1006 3333 2
1045 3273 1109 3330 in
1155 3274 1228 3340 f.;
1276 3273 1337 3330 in
1384 3271 1693 3331 Roeaberti

408 3362 545 3420 bibl.
592 3382 741 3419 max.
768 3361 888 3430 XV,
939 3370 1305 3424 268—379.
1354 3362 1487 3419 Alia
1533 3363 1689 3436 ejus-

411 3451 540 3509 dem
575 3470 750 3525 opera
782 3453 954 3509 sunt:
998 3452 1282 3527 Apoloqia
1305 3468 1423 3523 pro
1454 3452 1694 3508 summis

403 3540 786 3614 pontificibm,
822 3539 885 3597 in
917 3558 1034 3614 qua
1066 3558 1271 3598 eorum
1305 3540 1630 3598 auctoritas
1661 3557 1695 3595 a

411 3629 462 3691 b.
501 3630 671 3687 Petro
705 3646 897 3703 usque
931 3628 1004 3685 ad
1039 3629 1294 3686 Paulum
1316 3628 1380 3686 V.
1411 3630 1536 3686 sine
1569 3627 1694 3685 ulla

413 3717 849 3792 interruptione
914 3717 1258 3775 continuata
1324 3716 1693 3775 successione

412 3806 866 3873 demonstratur,
901 3806 979 3863 ib.
1022 3816 1185 3867 1610
1236 3805 1299 3863 111
1338 3806 1408 3876 f.;
1455 3823 1694 3865 examen

405 3897 793 3970 praesta-ionis
834 3897 1175 3953 monitor-iae
1211 3894 1415 3952 Jacobs
1449 3895 1495 3951 J.
1528 3913 1690 3968 mag-

412 4003 519 4042 nae
549 3984 892 4043 Britanniae
923 3984 1078 4059 regis
1111 3984 1459 4058 praemissae
1494 3983 1692 4058 apolo-

413 4073 540 4150 giae
567 4091 705 4131 suae
739 4092 845 4146 pro
863 4073 1205 4147 juramento
1225 4072 1529 4130 fidelitatis
1565 4076 1690 4140 etc,

414 4162 688 4237 Friburgi
735 4160 1074 4237 Brisgoviae
1119 4171 1270 4223 1611
1328 4161 1390 4218 in
1434 4162 1494 4229 f.‚
1543 4178 1694 4235 opus

412 4270 639 4321 rarum;
673 4252 1067 4308 commentarii
1097 4252 1158 4306 in
1179 4251 1236 4308 ll.
1258 4251 1327 4307 de
1347 4251 1565 4307 civitate
1585 4250 1695 4305 Dei

413 4357 456 4397 s.
492 4339 551 4396 P.
585 4339 1052 4413 Augustini,
1087 4339 1330 4397 Parisiis
1374 4348 1535 4400 1636
1572 4338 1691 4395 inf.

1745 1675 2031 1731 Recenset
2076 1673 2344 1748 ejusdem
2390 1674 2627 1748 scripta,
2674 1672 2832 1730 inter
2879 1692 3031 1748 quae

1747 1767 1892 1819 sunt
1934 1763 2229 1821 nonnulla
2272 1762 2557 1821 adversus
2591 1761 2884 1820 «Ioannem
2918 1762 3030 1820 Gi-

1747 1852 1953 1927 gord,
2006 1855 2299 1927 pastorem
2363 1851 2921 1926 montepesulanum
2973 1848 3032 1930 (†

1753 1951 1805 2002 5.
1842 1940 1981 2015 Maji
2019 1951 2184 2002 1618
2223 1961 2271 1997 a.
2308 1940 2514 1997 aetatis
2540 1948 2572 1999 7
2584 1936 2662 2017 4).
2696 1973 2784 1982 —
2817 1939 3030 1998 Valen-

1748 2030 1914 2087 tinus
1948 2029 2232 2086 Gerard
2268 2029 2321 2090 S.
2356 2029 2409 2086 J.
2443 2028 2773 2104 theologiae
2808 2029 3031 2104 profes-

1748 2137 1844 2176 sor
1877 2114 1937 2196 (†
1960 2127 2014 2179 3.
2037 2118 2185 2176 Nov.
2215 2128 2240 2178 1
2256 2128 2329 2178 61
2346 2112 2408 2195 6)
2432 2117 2734 2190 scripsitle
2753 2119 3036 2190 triomphe

1748 2208 1818 2264 de
1849 2208 1906 2264 la
1937 2206 2221 2281 ylorieuse
2266 2206 2328 2266 V.
2364 2205 2555 2262 Marie
2586 2211 2787 2263 contre
2822 2206 2907 2263 les
2939 2224 3031 2263 ca-

1749 2295 1995 2353 lomnies
2046 2295 2126 2353 du
2174 2295 2246 2351 M.
2297 2294 2532 2352 Simeon
2571 2294 2833 2360 Codur,
2867 2295 3030 2371 Lug-

1748 2383 1894 2442 duni
1923 2393 2105 2445 1607.
2126 2417 2208 2425 —
2227 2383 2555 2441 Guilelmus
2586 2383 2634 2439 B
2651 2383 2803 2440 aile
2848 2380 3033 2462 (Bail-

1749 2468 1892 2553 lius)
1942 2473 1993 2531 S.
2038 2471 2094 2533 J.
2142 2471 2476 2530 Monstrolii
2528 2471 2686 2546 apud
2738 2470 3031 2529 Velaunos

1752 2558 2096 2644 (Montreal)
2143 2565 2339 2629 natus,
2389 2563 2670 2620 strenuus
2706 2579 2809 2636 per
2840 2561 3032 2619 varias

1751 2651 1974 2710 Galliae
2007 2652 2277 2728 regiones
2310 2650 2689 2708 concionator
2721 2648 2778 2725 (†
2820 2647 3032 2729 1620),

1750 2760 1885 2799 cum
1926 2742 2088 2798 omni
2131 2740 2561 2798 haereticorum
2605 2757 2820 2815 genere
2865 2741 3034 2797 tanta

1750 2830 2032 2889 felicitate
2054 2829 2368 2897 concurrit,
2391 2833 2461 2886 ut
2479 2847 2614 2886 cum
2634 2828 2870 2886 nemine
2893 2847 3032 2885 con-

1749 2920 1953 2989 ferret,
1986 2938 2164 2992 quem
2196 2937 2313 2977 nou
2348 2918 2419 2975 ad
2438 2917 2757 2976 Ecclesiam
2781 2917 3032 2975 adduce-

1747 3010 1856 3076 ret,
1892 3025 2212 3081 eorumque
2243 3007 2717 3081 quamplurimos
2742 3005 2816 3063 ad
2836 3025 3034 3063 veram

1748 3096 1986 3153 reduxit
2031 3095 2221 3165 fidem,
2257 3114 2360 3170 pro
2393 3115 2511 3169 qua
2541 3094 2767 3152 tuenda
2798 3113 3033 3169 compo-

1750 3185 1877 3242 suit
1907 3185 2239 3242 catechisme
2272 3191 2321 3240 et
2353 3184 2555 3260 αὒνέῃέ
2584 3184 2681 3241 des
2711 3190 3030 3241 controver-
3092 3176 3099 3183 ’

1749 3293 1836 3332 ses
1866 3271 1939 3331 de
1971 3280 2174 3331 nostre
2206 3280 2402 3346 temps
2433 3273 2723 3330 touchant
2771 3274 2828 3329 la
2874 3273 3033 3330 Reli-

1748 3363 1907 3439 gion,
1955 3362 2309 3438 Burdigalae
2367 3370 2529 3424 1608
2580 3362 2643 3418 in
2685 3370 2796 3428 123
2838 3360 3032 3417 Trecis

1757 3463 1781 3512 1
1798 3461 1921 3512 617
1941 3451 2028 3507 6(1.
2048 3457 2254 3520 aucta3
2282 3449 2563 3507 Salmurii
2593 3457 2753 3511 1615
2778 3449 3033 3523 inscrip-

1748 3544 1849 3597 tus
1884 3540 2203 3597 Sem-maire
2235 3539 2306 3596 de
2339 3541 2538 3595 tontes
2573 3538 2654 3595 les
2694 3541 3030 3595 controver-

1751 3647 1857 3686 ses.
1891 3661 1977 3670 —
2008 3629 2152 3702 Ejus
2189 3627 2405 3686 sodalis
2437 3626 2696 3684 Joannes
2743 3626 3034 3683 Bordes

1749 3716 2193 3793 Burdigalensis
2216 3717 2419 3774 eodem
2444 3715 2696 3773 decessit
2714 3733 2763 3776 a.
2788 3713 2871 3793 (2.
2894 3717 3034 3789 Apr.

1758 3800 1971 3887 1620).
2003 3806 2146 3863 Erat
2177 3806 2228 3863 is
2262 3804 2525 3864 omnium
2567 3805 2787 3862 artium
2823 3804 3037 3879 peritia

1749 3896 2080 3953 instructus
2131 3895 2545 3967 virtutumque
2602 3894 2781 3951 etiam
2829 3892 3035 3951 decore

1750 3988 2013 4056 ornatus,
2048 3985 2153 4059 qui
2185 3982 2506 4059 apostolico
2539 3984 2659 4040 zelo
2702 3982 3034 4039 animarum

1751 4074 2004 4131 salutem
2028 4078 2206 4148 atque
2228 4071 2690 4130 Calvinistarum
2711 4071 3036 4128 multorum

1750 4163 2188 4221 conversionem
2221 4161 2533 4236 promovit.
2568 4161 2754 4217 Tanta
2802 4160 2918 4217 suit
2962 4158 3032 4215 ad

1749 4252 2037 4310 nuncium
2092 4253 2220 4325 ejus
2268 4250 2476 4309 mortis
2532 4249 2739 4324 populi
2791 4266 3035 4306 concur-

1751 4341 1920 4409 satio,
1944 4344 2013 4398 ut
2045 4340 2273 4398 occludi
2295 4339 2448 4397 fores
2471 4338 2800 4413 oportuerit
2821 4337 2894 4395 ob
2915 4336 3036 4393 vim

412 4461 499 4471 —
533 4428 914 4486 Sebastianus
946 4427 1354 4485 Michaelis
1390 4427 1452 4483 O.
1493 4426 1692 4484 Praed.
1749 4428 2170 4486 multitudinis.
2218 4427 2463 4502 Scripsit
2496 4429 2730 4501 praeter
2779 4425 2891 4482 alia
2923 4424 3037 4481 Les

411 4653 906 4721 Lehrmeinungen
947 4652 1043 4705 der
1085 4652 1408 4721 damaligen
1436 4650 1697 4705 Calviner

412 4725 528 4777 und
556 4725 693 4778 fiber
719 4723 829 4776 den
860 4724 1036 4776 Stand
1078 4724 1175 4777 (161·
1201 4723 1566 4778 Controverse
1593 4722 1699 4775 mit

413 4796 587 4849 ihnen
617 4794 944 4849 bezeichnet
969 4795 1241 4850 werden*

594 4894 635 4940 Η
655 4909 682 4939 11
700 4898 795 4939 rte
813 4907 851 4949 r,
891 4893 1232 4940 Nomcuclator
1275 4893 1357 4944 111.
1389 4894 1463 4938 ed.
1495 4892 1543 4938 3.

1751 4536 1929 4595 crays
1978 4518 2121 4575 abus
2153 4518 2253 4575 des
2304 4515 2628 4592 pretendas
2680 4513 2827 4571 abus
2874 4513 2946 4570 de
2979 4514 3035 4570 la

1754 4608 1938 4665 Messe
1994 4607 2275 4665 adversus
2324 4606 2393 4662 (16
2435 4605 2634 4677 Loque
2684 4621 3036 4678 praeconem

1754 4696 2169 4764 calvinianum,
2189 4694 2545 4769 Burdigalae
2576 4700 2741 4754 1598
2778 4692 2839 4748 in
2862 4701 2914 4751 8.
2949 4724 3035 4733 —

1755 4784 2055 4843 Silvest
2076 4803 2139 4842 er
2168 4781 2539 4841 Lavallensis
2576 4777 2672 4860 (de
2705 4781 2761 4838 la
2793 4776 2929 4857 Val)
2967 4778 3032 4835 Ο.

2642 4883 2711 4934 14
