3625 5193
936 170 1309 239 '1581—1600.
1339 180 1747 251 Hagiographi.
1776 179 2073 245 Bouchier‚
2100 197 2213 232 van
2242 177 2417 247 Oyen,
2444 178 2750 233 Torsellino
2778 181 2882 232 etc.
3090 197 3214 249 324

608 200 730 254 323

602 372 804 427 tomen
835 370 961 426 etc..
996 368 1197 426 omnia
1229 366 1410 424 simul
1441 366 1653 424 Romae
1695 375 1882 432 1564;
1936 384 2070 423 nem
2088 365 2333 423 testium
2355 365 2723 423 oculatorum
2740 369 2942 423 narrat
2958 361 3001 444 ι)
3024 364 3216 424 Histo-

604 476 646 515 s.
681 458 1282 516 Bonaventurae
1314 457 1450 528 vita,
1482 454 1558 512 ib.
1604 463 1787 523 1588,
1823 459 1883 512 et
1938 455 2094 511 riam
2116 455 2415 528 passionis
2444 473 2733 512 novorum
2774 452 2838 511 in
2870 454 3218 512 Germaniae

600 546 758 604 inter
791 564 882 622 op.
905 564 945 604 s.
964 544 1268 614 Doctoris;
1315 551 1446 601 acta
1476 545 1735 601 ecclesiae
1765 562 1880 600 me·
1906 521 1913 644 ¹
1938 542 2235 600 inferioris
2269 542 2568 618 provincia
2589 547 2919 618 martyrum
2954 543 3018 600 O.
3042 544 3095 601 S.
3117 543 3210 601 Fr.

599 635 732 692 dioc.
781 635 892 692 sub
942 652 984 691 s.
1032 633 1234 693 Carolo
1283 632 1469 690 literis
1510 631 1791 690 mandata
1822 637 1882 689 et
1905 645 1914 729 1
1939 631 2009 689 de
2024 631 2430 700 Observantia‚
2452 631 2703 707 Neapoli
2730 641 2913 700 1581,
2937 632 3025 689 ed.
3046 631 3216 690 valde

600 723 776 792 edita,
828 722 1143 781 Mediolani
1202 730 1357 784 1581
1421 721 1483 778 in
1532 721 1568 778 f.
1621 720 1882 778 Plurima
1934 719 2243 788 mendosa;
2290 720 2639 797 Ingolstadii
2679 729 2862 782 1582.
2904 753 2990 763 —-
3029 721 3214 778 Hora·

599 831 774 888 opera
806 811 1079 870 inchoata
1109 811 1205 868 vel
1229 811 1352 886 jam
1385 812 1591 884 parata
1636 808 1880 883 reliquit
1936 809 2061 867 tius
2107 808 2607 867 Tursellinus
2658 805 3033 890 (Torsellino)
3071 809 3125 868 S.
3159 808 3213 867 J.

597 901 837 960 inedita.

695 1087 832 1140 141.
864 1077 1038 1135 Inter
1064 1076 1496 1153 hagiographos
1530 1076 1681 1134 refer
1708 1095 1878 1151 prae-

596 1171 760 1226 terea
800 1165 1148 1224 Mauritium
1194 1165 1550 1241 Chauncy
1583 1164 1647 1222 O.
1684 1165 1876 1223 Carth.

594 1257 851 1332 priorem
868 1255 932 1313 in
951 1254 1255 1313 carthusia
1269 1254 1578 1330 anglicana
1591 1254 1871 1330 brugensi

596 1343 656 1423 (†
697 1354 753 1407 2.
800 1344 921 1405 Jul.
977 1340 1191 1422 1582),
1238 1342 1342 1417 qui
1387 1343 1560 1401 testis
1605 1343 1876 1401 oculatus

593 1433 873 1492 describit
918 1436 1212 1490 certamen
1257 1433 1621 1508 praeclarum
1668 1442 1741 1493 18
1778 1450 1873 1489 so-

595 1522 818 1580 dalium
850 1521 961 1579 sub
994 1522 1244 1579 Henrico
1277 1519 1432 1578 VIII.
1475 1520 1700 1578 Prodiit-
1731 1520 1874 1578 haec

595 1611 863 1668 Historia
894 1611 1108 1687 aliquot
1140 1611 1324 1667 nostri
1353 1609 1526 1667 seculi
1547 1615 1874 1683 martyrum

596 1700 937 1776 Moguntiae
979 1708 1174 1766 1550;
1207 1697 1478 1756 Monachi
1518 1706 1715 1767 1573;
1748 1698 1871 1755 Me·

593 1787 815 1847 diolani
841 1797 1022 1856 16063
1045 1787 1307 1845 Gandavi
1324 1791 1385 1844 et
1395 1786 1663 1845 Coloniae
1683 1797 1757 1847 16
1770 1798 1802 1849 0
1815 1796 1869 1856 8,

593 1880 654 1934 et
679 1878 851 1953 juxta
881 1876 1059 1934 aliam
1088 1876 1488 1934 recensionem
1521 1875 1583 1932 in
1623 1876 1868 1932 Analec-

591 1966 670 2023 tis
719 1965 982 2023 bolland.
1034 1964 1114 2023 VI
1165 1960 1222 2045 (1
1238 1959 1410 2043 ssi),
1467 1973 1743 2026 35—51.
1788 1998 1868 2005 —

591 2054 873 2112 Thomam
886 2056 935 2112 B
953 2073 986 2112 o
1003 2072 1046 2111 u
1062 2071 1090 2111 c
1106 2054 1145 2111 h
1161 2055 1180 2110 i
1195 2072 1225 2111 e
1243 2073 1273 2111 r
1307 2049 1669 2132 (Bourchier,
1688 2052 1873 2110 latine

591 2143 825 2213 Lanius,
859 2143 1061 2211 Lanio,
1094 2142 1292 2201 italice
1324 2136 1598 2223 Beccaro)
1634 2141 1697 2203 Ο.
1731 2142 1871 2203 Μ111.

591 2251 708 2309 reg.
758 2232 895 2290 Obs.
928 2233 1211 2309 Anglum,
1257 2231 1555 2290 doctorem
1599 2230 1868 2288 sorboni-

591 2339 741 2391 cum,
778 2321 883 2395 qui
914 2322 1094 2398 longo
1126 2325 1390 2395 tempore
1423 2322 1664 2395 propter
1696 2318 1872 2376 fidem

590 2410 937 2469 catholicam
987 2410 1135 2469 vixit
1184 2410 1249 2467 in
1298 2408 1501 2467 exsilio
1560 2409 1872 2481 factusque

588 2501 681 2556 est
690 2499 1182 2574 poenitentiarius
1195 2497 1582 2556 lateranensis
1590 2492 1651 2576 (†
1668 2506 1687 2556 1
1705 2505 1735 2557 5
1747 2505 1781 2558 8
1792 2491 1870 2576 6).

590 2587 813 2646 Narrat
858 2587 1168 2646 historiam
1200 2587 1267 2644 de
1297 2587 1580 2660 martyrio
1609 2585 1870 2657 fratrum

594 2675 655 2732 Ο.
688 2675 751 2735 S.
773 2677 989 2739 Franc.
1021 2675 1315 2733 dictorum
1336 2675 1409 2732 de
1430 2674 1584 2742 Obs„
1607 2672 1713 2748 qui
1735 2693 1866 2748 par-

589 2764 700 2821 tim
739 2764 803 2822 in
834 2764 1055 2840 Anglia
1087 2763 1198 2821 sub
1231 2763 1484 2821 Henrico
1521 2760 1691 2830 v111.,
1734 2780 1870 2836 par·

587 2851 698 2909 tim
750 2852 811 2909 in
863 2853 1066 2929 Belgio
1119 2852 1231 2909 sub
1281 2851 1546 2927 principe
1597 2850 1866 2919 Auriaeo‚

587 2939 806 3015 partim
852 2942 914 2998 in
959 2940 1244 2999 Hibernia
1293 2945 1557 3015 tempore
1602 2939 1867 2997 Elisabe-

585 3028 723 3086 thae
755 3031 993 3106 reginae
1027 3026 1126 3110 (ab
1147 3048 1194 3086 a.
1221 3037 1381 3092 1536
1398 3063 1469 3071 -
1488 3040 1509 3090 1
1530 3024 1680 3108 582)
1704 3028 1869 3102 passi

586 3122 746 3188 sunt,
781 3117 1131 3195 Ingolstadii
1173 3128 1366 3187 15833
1402 3117 1644 3175 Parisiis
1683 3125 1864 3179 1586.

587 3205 908 3265 Censuram
951 3209 1246 3266 orientalis
1283 3208 1540 3265 ecclesiae
1585 3206 1656 3263 de
1696 3225 1864 3281 prae-

584 3296 776 3371 cipuis
822 3297 1251 3356 haereticorum
1298 3295 1674 3371 dogmatibus
1708 3294 1796 3352 ed.
1831 3315 1865 3351 a

585 3384 882 3444 Stanislao
929 3387 1229 3445 Socolovio
1261 3385 1622 3461 recognovit,
1646 3403 1677 3440 a
1699 3402 1861 3440 men·

583 3474 674 3531 dis
708 3475 1063 3552 expurgavit
1095 3493 1162 3533 ac
1182 3475 1338 3533 notis
1362 3473 1698 3549 marginum
1721 3471 1861 3529 illu-

583 3564 811 3635 stravit,
847 3564 1086 3622 Parisiis
1130 3574 1292 3627 1584
1327 3564 1386 3621 in
1425 3574 1478 3623 4.
1504 3596 1588 3604 —
1614 3560 1860 3619 Gabrie-

581 3652 694 3708 lem
747 3653 1073 3711 Fiamma
1125 3646 1458 3732 (Flamma),
1521 3652 1862 3725 episcopum

583 3739 940 3799 clodiensem
990 3738 1254 3821 (Chiozza
1296 3750 1395 3801 23.
1428 3740 1560 3797 Jan.
1608 3746 1862 3801 1584-

587 3836 638 3886 7.
683 3827 805 3888 Jul.
863 3824 1074 3911 1585),
1128 3829 1297 3903 cujus
1343 3830 1486 3885 vitae
1531 3834 1861 3885 sanctorum

579 3916 926 3991 prodierunt
957 3916 1218 3974 Venetiis
1251 3926 1437 3978 1602.
1472 3949 1554 3957 -
1587 3915 1861 3972 Valerius

581 4005 639 4060 M
655 4025 688 4061 a
705 4022 730 4061 s
748 4023 776 4061 c
795 4005 834 4062 h
852 4024 882 4062 e
899 4011 925 4063 t
942 4009 1016 4063 ta
1049 3998 1402 4085 (Muscheta)
1428 4003 1490 4061 Ο.
1511 4004 1711 4060 Praed.
1746 4003 1858 4059 Pa·

579 4092 818 4151 tavinus
853 4092 932 4173 (fl.
974 4105 998 4154 1
1018 4090 1170 4175 591)
1199 4093 1446 4167 reliquit
1463 4093 1664 4167 plures
1684 4092 1856 4161 vitaS,

579 4200 610 4238 e
642 4181 863 4254 quibus
898 4183 1109 4239 saltem
1155 4182 1282 4239 Vita
1303 4184 1353 4239 b.
1378 4182 1628 4239 Joannis
1661 4181 1857 4238 Viceti-

578 4272 686 4327 tim'
722 4269 786 4326 Ο.
824 4270 1030 4329 Praed.
1067 4267 1202 4352 (sec.
1226 4268 1387 4351 XIII)
1412 4269 1628 4345 prodiit
1648 4270 1708 4327 in
1729 4272 1856 4329 Aet.

579 4358 673 4415 88.
713 4370 766 4421 2.
788 4359 909 4418 Jul.
942 4360 987 4429 Ι,
1027 4369 1392 4423 467-485.
1426 4393 1491 4401 —-
1522 4358 1856 4416 Florentius

577 4466 690 4504 van
725 4447 930 4523 Oyen
963 4449 1026 4509 Ο.
1063 4448 1200 4507 Min.
1234 4447 1579 4507 Germaniae
1617 4447 1856 4504 inferio-

576 4535 658 4591 ris
693 4536 1068 4609 provincialis
1105 4536 1348 4618 (1570),
1397 4537 1536 4595 dein
1581 4535 1855 4612 guardia·

577 4641 691 4681 nus
724 4625 1140 4684 mechlinensis
1176 4632 1234 4684 et
1280 4625 1722 4685 commissarius
1756 4641 1856 4698 ge-

1935 898 2150 956 Romae
2182 916 2240 955 n.
2285 906 2469 968 1545,
2505 897 2807 955 seminarii
2827 898 3075 972 romani,
3096 898 3215 957 col-

1935 986 2074 1062 legii
2107 986 2408 1045 florentini
2440 990 2501 1045 et
2531 986 2823 1045 lauretani
2857 989 3051 1045 rector
3073 981 3137 1068 (†
3161 998 3214 1047 6.

1933 1077 2074 1150 Apr.
2117 1073 2329 1157 1599),
2365 1095 2399 1133 a
2429 1075 2619 1133 literis
2661 1076 2938 1146 classicis,
2970 1075 3034 1132 in
3078 1075 3213 1150 qui·

1933 1163 2046 1221 bus
2081 1164 2359 1222 excelluit
2397 1168 2456 1222 et
2496 1164 2762 1241 egregios
2795 1165 3005 1223 habuit
3038 1164 3213 1222 disci-

1932 1253 2124 1327 pulos,
2160 1253 2470 1311 maximam
2519 1253 2771 1328 adeptus
2819 1256 2911 1311 est
2954 1253 3213 1311 nominis

1932 1341 2358 1403 celebritatem.
2407 1343 2649 1400 Praeter
2699 1361 2890 1417 opera,
2944 1360 3094 1417 quae
3141 1341 3214 1399 ad

1932 1429 2032 1488 has
2072 1434 2359 1505 spectant,
2408 1431 2736 1505 composuit
2780 1431 3079 1505 Epitomen
3125 1431 3211 1487 hi-

1928 1520 2245 1576 storiarum
2292 1519 2366 1576 ab
2412 1520 2639 1596 origine
2680 1519 2887 1578 mundi
2918 1538 3107 1594 usque
3140 1518 3211 1576 ad

1931 1626 1981 1664 a.
2008 1607 2420 1678 1598‚Romae
2444 1619 2466 1669 1
2487 1608 2957 1678 598,admodum
2972 1610 3210 1676 tenuem

1928 1713 2097 1771 saepe
2126 1697 2366 1767 editam,
2388 1698 2807 1766 continuatam,
2839 1697 2975 1755 hinc
3002 1696 3211 1773 vulga·

1928 1785 2216 1843 tissimam
2250 1790 2309 1844 et
2330 1786 2393 1844 in
2412 1785 2555 1844 alias
2587 1805 2812 1844 versam
2845 1786 3103 1862 linguas,
3124 1785 3213 1843 De

1932 1875 2044 1931 vita
2068 1875 2372 1932 Francisci
2390 1875 2654 1952 Xaverii,
2678 1875 2892 1932 Romae
2922 1887 2937 1936 1
2959 1884 3102 1943 594,
3121 1874 3209 1935 ed.

1928 1963 2101 2021 valde
2122 1963 2435 2023 mendosa:
2469 1964 2606 2023 hinc
2627 1983 2840 2022 novam
2874 1964 3103 2021 curavit
3121 1962 3210 2020 ed.

1928 2056 2161 2110 auctam
2211 2056 2272 2110 et
2322 2054 2384 2111 in
2424 2071 2522 2111 sex
2572 2052 2954 2111 distributam
3001 2052 3082 2123 11„
3128 2051 3206 2113 ib.

1941 2150 2121 2211 1596,
2156 2142 2253 2200 cui
2284 2144 2661 2201 accesserunt
2694 2141 2958 2216 ejusdem
2979 2140 3209 2199 Xaverii

1928 2231 2304 2302 epistolarum
2320 2232 2377 2288 ll.
2407 2233 2463 2307 4,
2488 2229 2699 2288 deinde
2728 2230 2962 2305 saepius
2983 2248 3206 2297 recusa,

1928 2318 2121 2378 adhuc
2152 2320 2450 2393 Bononiae
2478 2329 2636 2383 1797
2674 2319 2736 2377 111
2762 2327 2815 2380 8.
2835 2319 3210 2378 Lauretamte

1927 2406 2258 2488 historiast)
2295 2410 2350 2466 ll.
2382 2408 2445 2485 V,
2469 2409 2683 2467 Romae
2713 2415 2875 2470 1598
2898 2407 2959 2464 111
2984 2417 3018 2469 4
3041 2428 3054 2474 ;
3078 2426 3206 2465 sae-

1925 2496 2059 2570 pius
2091 2496 2254 2568 editi,
2288 2497 2480 2556 adhuc
2524 2496 2764 2555 Laureti
2804 2504 2988 2564 1837,
3027 2496 3204 2554 etiam

1930 2583 1992 2641 in
2024 2586 2167 2645 alias
2201 2587 2437 2663 linguas
2477 2585 3063 2646 versi.—Henricus
3085 2585 3205 2643 Fa-

1925 2673 1964 2730 b
1977 2675 2196 2734 ricius
2219 2677 2281 2735 O.
2295 2676 2588 2751 quondam
2606 2675 2796 2733 Carth.
2810 2693 2985 2749 quem
3004 2678 3202 2733 tamen

1928 2764 2001 2821 ob
2033 2765 2300 2823 affectam
2331 2764 2730 2823 valetudinem
2766 2763 3100 2837 relinquere
3117 2768 3205 2820 est

1925 2856 2177 2923 coactus,
2210 2854 2523 2928 parochus,
2547 2853 2683 2910 dein
2706 2852 3014 2928 episcopus
3040 2850 3203 2909 auxi·

1924 2941 2088 3000 liaris
2122 2943 2403 3017 spirensis
2434 2936 2946 3023 (1574-1585),
2969 2940 3202 2999 concin-

1923 3031 2092 3089 navit
2141 3033 2381 3107 Auszuq
2429 3031 2695 3089 bezoerter
2756 3028 3046 3087 Historien
3100 3029 3203 3087 der

1921 3119 2295 3178 fiirnemsten
2316 3120 2589 3196 Heiligen
2628 3119 2833 3178 Gottes
2874 3137 2980 3175 aus
3013 3118 3127 3176 den
3164 3129 3197 3179 6

1922 3211 1965 3265 t.
1998 3208 2057 3265 L.
2094 3208 2267 3280 Surii,
2322 3209 2465 3267 coln
2507 3217 2697 3279 15833
2755 3215 2946 3277 15923
3004 3217 3199 3273 1599;

1920 3300 1981 3354 et
2023 3308 2183 3360 1606
2214 3316 2335 3356 cur.
2356 3297 2479 3358 val.
2502 3297 2725 3355 Leucht
2747 3292 2844 3376 (de
2866 3315 2981 3371 quo
3002 3292 3199 3375 infra).

1921 3418 2005 3428 —-
2027 3387 2272 3445 Fulvius
2295 3387 2334 3445 C
2350 3406 2382 3443 a
2399 3385 2477 3443 rd
2499 3386 2631 3443 ulu
2650 3404 2676 3443 s
2708 3385 2761 3443 S.
2783 3384 2836 3441 J.
2860 3384 3197 3452 Narnensis‚

1918 3475 2132 3533 Romae
2165 3493 2408 3551 poeseos
2455 3477 2516 3531 et
2564 3473 2887 3531 rhetoricae
2921 3473 3201 3550 magister

1920 3561 1980 3643 (†
2020 3560 2213 3644 1591)
2250 3564 2346 3623 88.
2379 3566 2707 3637 martyrum
2740 3562 3001 3619 Abundii
3034 3580 3196 3636 pres-

1920 3653 2132 3727 byteri,
2196 3651 2563 3709 Abundantii
2614 3651 2859 3721 diaconi,
2908 3650 3199 3715 ‚Marciani

1918 3749 1978 3798 et
2010 3740 2048 3798 J
2052 3741 2258 3799 oannis
2305 3741 2433 3814 ejus
2480 3740 2590 3797 filii
2614 3741 2949 3813 passionem
2983 3758 3049 3797 ex
3083 3740 3196 3797 tri-

1915 3830 2029 3887 bus
2041 3829 2203 3887 codd.
2218 3829 2583 3904 deprompsit
2594 3828 3075 3886 annotat-ionibus
3083 3847 3198 3902 que

1917 3917 2257 3987 illustravit,
2310 3919 2523 3975 Romae
2578 3926 2731 3979 1581
2789 3920 2850 3974 et
2901 3914 3194 3996 (contrac-

1916 4001 2062 4087 tam)
2095 4006 2157 4064 in
2191 4008 2317 4064 Act.
2354 4006 2451 4067 88.
2487 4006 2643 4081 Sept.
2679 4006 2744 4074 V,
2783 4014 2926 4067 300.
2990 4004 3196 4061 Passio

1916 4113 1987 4153 ss.
2022 4096 2155 4152 MM.
2192 4094 2428 4164 Getulii‚
2463 4094 2744 4163 Amantii,
2767 4093 3036 4161 CerealiS‚
3059 4093 3188 4150 Pri·

1991 4236 2029 4293 1)
2057 4229 2139 4282 Cf.
2167 4228 2353 4298 Biogr.
2382 4230 2500 4283 nat.
2528 4227 2595 4281 de
2620 4226 2777 4295 Belg.
2804 4226 2950 4289 XVI,
2975 4230 3097 4283 430.

1989 4306 2026 4365 2)
2056 4299 2251 4353 Victor
2295 4299 2337 4351 B
2356 4300 2571 4368 rigan
2589 4298 2665 4364 ti,
2708 4297 2807 4365 qui
2836 4298 3031 4351 eodem
3058 4300 3195 4351 teni·

1912 4387 2046 4439 pore
2073 4370 2233 4436 vixit,
2280 4370 2516 4438 reliquit
2560 4369 2761 4422 Istoria
2805 4373 2941 4424 della
2976 4372 3193 4423 Traslo-

1911 4448 2062 4496 ziam
2087 4444 2221 4496 dello
2249 4460 2289 4495 s.
2323 4445 2462 4496 Casa
2478 4444 2615 4495 della
2631 4441 2829 4495 Madon
2838 4461 2907 4494 na
2925 4458 2957 4493 a
2975 4440 3192 4502 Lora-tc,

1952 4513 2006 4566 ia
2032 4514 2226 4566 scritta
2271 4530 2304 4564 a
2349 4512 2633 4566 Clemente
2674 4511 2794 4565 VII.
2840 4510 2897 4564 P.
2926 4510 2997 4564 M.
3025 4509 3098 4563 da
3126 4510 3190 4564 G.

1958 4601 2110 4637 esare
2153 4582 2403 4637 Galeotti
2430 4582 2682 4647 d’Assisi,
2721 4581 2931 4635 additis
2971 4580 3193 4647 aliquot

1912 4654 2217 4718 miraculis,
2236 4656 2516 4708 Mace-rata
2534 4659 2672 4712 1599
2690 4674 2701 4724 ;
2724 4652 3018 4708 Camerino
3034 4656 3191 4711 1606:

576 4711 792 4770 neralis
829 4710 1056 4793 (1580;
1095 4713 1129 4781 †
1168 4712 1382 4795 1595),
1409 4717 1584 4789 juxta
1613 4713 1855 4770 relatio·
1915 4724 2166 4778 venetiis
2190 4730 2343 4783 1611.
