3625 5193
787 234 1093 300 Farinacci,
1119 233 1340 298 Botere,
1368 233 1710 288 Talamellus
1727 275 1741 299 ,
1766 233 2117 302 ServantiuS,
2147 236 2217 290 de
2247 236 2466 291 Grassis
2492 239 2597 291 etc.

382 253 511 307 585
2879 256 3000 310 586

385 416 613 502 (1608)
647 420 934 482 telesinus
964 421 1028 479 in
1060 439 1243 498 regno
1288 421 1669 496 neapolitano
1735 429 1919 483 1607.
1952 453 2038 464 -·
2069 422 2140 481 In
2183 423 2427 482 eandem
2472 424 2697 483 bullam
2738 424 3006 501 Gregorii

385 506 446 590 (†
484 520 579 572 14.
626 511 768 585 Apr.
808 505 1001 589 1613)
1050 511 1288 586 collegit
1337 512 1670 569 thesaurum
1723 509 1871 567 XIV.
1922 514 2333 570 commentaria
2383 512 2623 588 scripsit
2672 513 3008 572 Alexander

377 601 502 672 fori
533 600 891 658 ecclesiastici
922 600 1323 658 continentem
1353 599 1539 658 totius
1563 600 1666 675 ju·
1723 601 1845 657 Am
1865 599 2176 659 brosini
2223 601 2471 677 insignis
2507 601 2664 676 juris
2694 602 3006 678 consultus

385 689 464 746 ris
496 688 764 746 canonici
803 688 1109 747 Summam
1141 707 1208 746 ex
1259 688 1540 746 hodierno
1571 706 1667 747 ro·
1722 688 2012 748 oriundus
2074 708 2107 748 6
2167 690 2314 749 Foro
2360 690 2707 765 Sempronii,
2762 691 3005 750 Parmae

384 796 591 835 manae
624 777 822 835 curiae
866 777 1019 847 stilo,
1072 796 1142 836 ss,
1194 796 1482 837 canonum
1531 796 1666 835 con·
1731 786 1929 846 1608;
1974 787 2170 851 1612;
2214 788 2408 850 1621;
2460 779 2765 838 Bracciani
2804 789 3004 852 1621;

379 866 656 925 ciliorum
718 867 1089 942 aliarumque
1166 867 1664 925 constitutionum
1733 875 1931 936 16243
1972 876 2140 929 1634
2174 868 2236 926 in
2256 867 2691 929 4.-—Joannes
2723 870 3006 928 Botero

377 975 473 1030 ap.
524 955 930 1015 sanctionibus
962 957 1091 1025 etc.,
1145 956 1430 1014 Seravalli
1469 965 1664 1024 1600;
1722 955 2197 1015 Pedemontanus
2229 956 2591 1016 Benisius
2622 957 2798 1016 aloco
2814 958 3006 1033 patrio

387 1043 662 1103 Vercellis
705 1053 902 1113 16023
956 1044 1222 1103 Coloniae
1280 1053 1479 1115 16823
1530 1045 1570 1102 l.
1600 1046 1669 1103 dc
1722 1047 2194 1120 cognominatus,
2259 1065 2316 1106 n.
2377 1055 2560 1117 1540,
2625 1064 2669 1104 6.
2719 1047 2922 1105 Carolo
2973 1066 3008 1105 a

385 1134 705 1209 sortileqiiS,
741 1133 1021 1207 Lugduni
1066 1143 1262 1202 162ος
1313 1143 1478 1196 1669
1513 1135 1577 1192 in
1610 1143 1667 1194 4.
1722 1134 1978 1202 secretis,
2022 1135 2202 1209 jussu
2252 1135 2721 1211 congregationis
2769 1136 2839 1193 de
2871 1153 3007 1210 pro*

379 1256 471 1265 —
503 1223 756 1296 Prosper
805 1222 1211 1280 Farinacci
1260 1223 1559 1281 Romanus
1610 1242 1666 1283 n.
1722 1223 2942 1301 pagandafidevariasperagravitregiones
2958 1221 3005 1305 1)

393 1321 578 1380 1554,
642 1311 957 1369 advocatus
1019 1313 1080 1368 et
1140 1316 1485 1385 procurator
1544 1311 1667 1369 fisci
1723 1312 2091 1370 lustraturus
2132 1313 2472 1389 religiosam
2518 1314 2838 1372 earundem
2869 1331 3005 1372 con-

380 1397 447 1480 (†
489 1396 679 1480 1618)
716 1400 778 1458 in
810 1420 872 1458 re
905 1400 1194 1458 criminali
1242 1397 1341 1481 (de
1387 1420 1504 1474 qua
1535 1419 1668 1476 pro-

377 1488 626 1547 dierunt
672 1489 1044 1548 Francosurti
1083 1498 1423 1551 1622--60
1478 1492 1519 1546 t.
1563 1485 1665 1569 14)

1724 1400 2009 1459 ditionem
2059 1397 2119 1482 (†
2156 1411 2253 1463 27.
2300 1401 2440 1459 Jun.
2495 1398 2708 1483 1617).
2772 1402 3007 1462 Primus

1724 1489 2104 1565 impugnavit
2174 1492 2725 1550 Macchiavelli
2788 1492 2852 1549 in
2915 1510 3008 1567 op.

384 1596 631 1654 magnae
663 1577 851 1636 famae
867 1573 915 1657 ¹)
950 1579 1194 1652 collegit
1241 1579 1589 1636 decisionum
1619 1598 1666 1637 s.
1723 1579 1873 1636 della
1904 1581 2143 1654 rayione
2173 1581 2237 1637 di
2265 1587 2436 1654 stato,
2471 1580 2829 1655 scripsitque
2876 1581 3005 1641 sull‘

387 1667 568 1726 Rotae
628 1685 904 1724 romanae
966 1666 1273 1725 Centurias
1336 1667 1414 1725 IX
1467 1664 1566 1749 (ab
1618 1687 1667 1725 a.
1723 1668 1914 1742 affitio
1944 1669 2035 1725 del
2069 1669 2381 1727 Cardinale
2410 1670 2473 1729 ll.
2494 1679 2550 1739 2,
2584 1671 2799 1728 Romae
2823 1679 3009 1738 15993

393 1752 856 1836 1572—1610)
890 1755 1477 1824 Francofurt11612;
1509 1757 1670 1831 Lug-

377 1844 529 1902 duni
598 1854 794 1912 164ος
861 1844 1124 1903 Venetiis
1195 1855 1356 1907 1716
1422 1865 1518 1920 pp.
1592 1855 1666 1906 19

384 1934 446 1991 in
476 1953 532 1992 v.
569 1943 669 2002 24,
704 1933 807 1992 sed
835 1953 892 2008 p.
931 1933 1019 1991 [V.
1053 1934 1360 1992 continens
1392 1939 1521 1992 tum
1569 1934 1668 1992 de-

384 2023 634 2080 cisiones
667 2022 861 2080 varias
904 2024 1034 2080 tum
1079 2021 1499 2081 declarationes
1532 2041 1670 2081 con-

382 2111 654 2170 ciliitrid.
669 2107 768 2191 (ut
781 2110 923 2169 falso
935 2105 1200 2191 dicitur),
1215 2111 1354 2170 olim
1368 2111 1671 2187 prohibita

1724 1757 1793 1814 de
1820 1758 2221 1840 praedicatore
2252 1758 2547 1826 verbiDei
2578 1760 2638 1816 ll.
2677 1768 2731 1827 5,
2768 1758 3009 1816 Parisiis

1735 1855 1918 1907 1585.
1951 1846 2238 1904 Fructum
2289 1865 2532 1905 suorum
2579 1847 2863 1905 itinerum
2892 1846 3011 1904 luci

1725 1933 1892 1991 dedit
1923 1953 1973 1992 a.
2016 1944 2200 1997 1596.
2235 1968 2321 1977 -
2354 1935 2608 1993 Thomas
2643 1936 3008 1994 Talamel-

1724 2023 1804 2080 lu
1823 2041 1848 2080 s
1896 2023 1959 2080 O.
2017 2023 2072 2085 S.
2121 2025 2273 2099 Aug.
2337 2025 2608 2100 publicae
2668 2024 2786 2082 luci
2848 2024 3010 2082 dedit

1726 2112 2031 2169 Rationale
2061 2114 2358 2188 utriusque
2380 2115 2684 2186 potestatis
2715 2114 3006 2172 ecclesias·

384 2200 501 2258 fuit
531 2220 582 2262 a.
623 2210 808 2262 1609.
841 2200 928 2257 De
957 2201 1180 2258 haeresi
1211 2201 1356 2275 quid
1377 2221 1410 2257 a
1421 2201 1558 2274 jure
1588 2201 1667 2258 ci·
1724 2202 1869 2257 cicae
1917 2218 1982 2258 ac
2025 2201 2464 2275 jurisdictionis
2513 2201 2567 2259 S.
2602 2202 2674 2257 M.
2717 2200 3007 2259 Ecclesiae

383 2288 491 2346 vili
524 2294 585 2346 et
616 2289 914 2358 canonico,
949 2310 981 2346 a
1014 2289 1280 2348 conciliis
1329 2293 1389 2347 et
1421 2289 1668 2360 summis
1724 2307 2000 2347 romanae
2033 2290 2350 2348 catholicae
2396 2308 2530 2348 cum
2576 2290 2911 2348 obedientia
2944 2290 3008 2347 in

381 2377 765 2453 pontificibus
820 2380 1134 2446 statutum,
1183 2378 1327 2452 quid
1373 2378 1565 2436 verius
1611 2380 1671 2436 et
1723 2383 1980 2452 utroque
2012 2378 2135 2436 soro
2168 2397 2399 2436 necnon
2413 2378 2762 2436 clericorum
2792 2378 3007 2437 immu-

387 2467 575 2543 magis
609 2467 994 2524 communiter
1039 2472 1344 2541 receptum
1378 2468 1473 2536 sit,
1526 2466 1669 2542 quid
1723 2468 1915 2525 nitate
1948 2467 2341 2542 libertateque
2362 2467 2677 2525 collectum
2695 2468 3008 2542 praecipue

384 2555 447 2614 in
477 2555 736 2630 practica
767 2560 1054 2626 servetur,
1088 2556 1303 2615 Romae
1335 2566 1494 2619 1616
1519 2557 1580 2616 in
1603 2556 1667 2627 f.;
1725 2574 1792 2614 ex
1826 2555 2152 2632 Augustini
2197 2556 2493 2631 simulque
2538 2556 3006 2633 Augustiniano-

383 2646 454 2703 dc
484 2647 841 2703 in‘tmunitate
861 2646 1227 2703 ecclesiarum
1245 2649 1305 2703 et
1324 2646 1669 2722 confugien-
1724 2665 1859 2704 rum
1920 2646 2205 2714 doctrina,
2268 2646 2452 2704 Ticini
2513 2655 2674 2708 1618
2722 2647 2785 2704 in
2831 2655 2886 2706 4.
2919 2679 3007 2691 —-

383 2734 550 2792 tibus
581 2733 655 2791 ad
687 2752 782 2791 eas
829 2734 902 2791 ad
951 2734 1504 2810 interpretationem
1536 2735 1669 2793 bul·
1727 2735 2047 2810 Gregorius
2082 2736 2411 2816 Servant
2433 2734 2452 2791 i
2474 2754 2554 2793 us
2587 2736 2649 2793 Ο.
2671 2734 2874 2793 Praed.
2894 2734 3008 2792 tri·

388 2823 479 2881 lae
513 2822 780 2899 Gregorii
814 2823 981 2892 xlv„
1015 2841 1150 2881 cum
1178 2825 1429 2898 append.
1451 2824 1522 2882 de
1543 2843 1667 2882 car·
1723 2824 1968 2882 vicanus
2001 2824 2332 2899 episcopua,
2365 2824 2471 2898 qui
2490 2827 2691 2882 tamen
2709 2828 2846 2899 post
2865 2843 3011 2899 qua-

385 2911 617 2969 ceribus
651 2913 714 2969 et
743 2912 1076 2980 carceratiS‚
1110 2912 1190 2969 ib.
1233 2921 1382 2973 1621
1427 2914 1492 2970 in
1523 2913 1560 2970 f.
1583 2946 1668 2956 -—
1724 2912 2063 2970 driennium
2097 2907 2151 2991 (1
2173 2907 2325 2992 604)
2346 2932 2592 2971 munere
2624 2931 2686 2971 se
2718 2912 3012 2971 abdicavit

387 3000 471 3058 De
531 2999 735 3058 eodem
794 3003 1143 3076 argumento
1204 3000 1506 3059 disserunt
1550 3001 1669 3060 duo
1727 2997 1787 3082 (†
1820 3010 1911 3062 12.
1936 3001 2059 3059 Oct.
2100 2999 2312 3081 1608),
2353 3002 2592 3076 scripsit
2625 3002 2830 3077 Difesa
2862 3003 3012 3060 della

387 3089 809 3158 Panormitani,
861 3090 1081 3147 Marius
1125 3089 1355 3147 Italia
1385 3110 1441 3148 n.
1486 3100 1666 3159 1590,
1714 3090 1937 3162 potesta.
1970 3091 2039 3147 ed
2072 3090 2377 3149 immunita
2409 3092 2784 3149 ecelesiastica
2804 3093 3008 3150 contro

383 3177 491 3251 qui
523 3197 735 3253 magna
765 3177 837 3236 de
871 3196 933 3236 se
965 3197 1130 3253 spem
1160 3178 1316 3247 fecit,
1370 3178 1472 3237 sed
1496 3181 1669 3254 juve·
1726 3180 1780 3237 le
1815 3183 1940 3237 otto
1991 3179 2386 3253 proposizioni
2435 3177 2590 3237 d'un
2637 3180 2869 3237 dottore
2920 3180 3011 3237 in-

383 3267 480 3324 nis
513 3266 662 3324 obiit
675 3267 797 3341 jam
826 3277 876 3328 7.
901 3268 1055 3342 Sept.
1088 3268 1353 3335 1618‚in
1375 3268 1484 3331 3.1.
1509 3270 1668 3326 Decr.
1727 3268 1966 3344 cognito
1999 3286 2172 3342 sopra
2202 3268 2246 3325 il
2277 3269 2455 3326 breve
2486 3268 2546 3325 di
2579 3269 2755 3326 Paolo
2776 3268 2841 3325 V.
2873 3287 3011 3326 con-

383 3357 455 3413 de
484 3358 843 3413 immunitate
872 3358 1236 3413 ecclesiarum
1268 3357 1305 3413 l.
1347 3367 1416 3426 1.,
1457 3357 1669 3415 Panor-
1725 3361 1819 3414 tro
1852 3356 1871 3413 i
1905 3355 2236 3424 Veneziani‚
2284 3357 2580 3415 Ferrariae
2629 3364 2791 3418 1607
2842 3356 2905 3413 in
2943 3364 3009 3423 83

388 3445 469 3501 mi
510 3454 665 3505 1611
698 3465 711 3514 ;
773 3454 967 3514 1646;
1015 3447 1075 3502 et
1108 3446 1318 3502 Petrus
1365 3446 1669 3503 Gamba-
1726 3445 2021 3503 Bononiae
2063 3453 2246 3505 1607.
2284 3478 2370 3487 -
2408 3445 2666 3503 Jacobus
2701 3443 3010 3504 Sbrozzi

383 3535 606 3590 curta
639 3533 694 3594 S.
726 3532 781 3594 J.
829 3533 921 3590 vir
964 3534 1211 3603 consilii,
1258 3534 1506 3609 ideoque
1555 3553 1667 3591 un·
1724 3533 2009 3591 disseruit
2040 3534 2107 3590 de
2138 3535 2342 3590 vicarii
2361 3530 2611 3606 episcopi
2633 3534 2818 3605 officio
2839 3540 3010 3606 etpo-

363 3620 567 3696 ‘dique
600 3641 634 3678 a
664 3622 1052 3697 praesulibus,
1075 3622 1425 3697 proregibus
1446 3627 1506 3680 et
1524 3623 1670 3680 viris
1724 3629 1939 3696 testate,
1976 3622 2235 3680 Venetiis
2276 3632 2439 3684 1606
2475 3622 2540 3680 in
2573 3631 2627 3683 4.
2656 3655 2739 3664 —
2763 3622 3006 3681 Carolus

385 3709 576 3768 doctis
611 3710 920 3768 consultus
968 3706 1028 3791 (†
1070 3721 1119 3771 1.
1152 3712 1307 3785 Sept.
1347 3707 1560 3794 1605),
1607 3712 1671 3769 in
1726 3711 1797 3768 de
1832 3710 2143 3768 Grassis
2194 3711 2662 3779 Panormitanu8‚
2696 3729 3014 3769 causarum

383 3818 478 3874 op.
512 3800 582 3856 de
611 3801 973 3857 immunitate
1016 3801 1379 3858 ecelesiarum
1422 3802 1486 3858 in
1531 3819 1669 3858 con·
1725 3799 2337 3874 patronusadmodum
2352 3795 3010 3881 peritus(†c.a.161'7)‚

390 3888 512 3947 stit.
546 3888 811 3963 Gregorii
842 3887 992 3945 XIV.
1023 3888 1082 3945 ll.
1108 3899 1163 3957 8,
1196 3889 1478 3964 Lugduni
1502 3898 1666 3951 1622
1725 3888 1913 3946 edidit
1944 3891 2114 3945 tract.
2160 3889 2227 3946 de
2259 3889 2674 3963 exceptionibus
2719 3889 2791 3946 ad
2824 3893 3011 3947 mate-

387 3978 452 4035 in
487 3988 561 4045 4.,
595 3976 754 4051 quod
785 3982 985 4034 tamen
1023 3977 1389 4051 prohibitum
1420 3978 1537 4036 fuit
1572 3979 1670 4036 de·
1724 3978 1873 4034 riam
1905 3977 2120 4034 statuti
2149 3977 2516 4036 excludentis
2563 3995 2766 4037 omnes
2807 3996 3011 4053 excep-

390 4069 548 4124 creto
582 4084 782 4141 congr.
813 4065 939 4125 Iud.
983 4067 1184 4141 1.Maj.
1225 4075 1409 4128 1623.
1444 4101 1532 4109 —
1564 4066 1670 4141 Sy·
1725 4066 1935 4135 tioneS‚
1969 4066 2232 4125 Venetiis
2271 4076 2432 4128 1601
2480 4066 2543 4124 in
2577 4076 2645 4136 43
2694 4068 2764 4125 de
2809 4068 3012 4140 effecti-

387 4172 708 4212 racusanus
748 4158 876 4212 erat
896 4153 1116 4230 «Ioseph
1147 4155 1508 4213 Branchm
1528 4174 1670 4213 ann
1728 4158 1833 4212 bus
1863 4156 2179 4230 clericatus,
2228 4155 2291 4213 in
2324 4174 2440 4229 quo
2480 4158 2714 4230 praeter
2745 4156 3011 4214 ecclesia-

390 4242 454 4302 0.
486 4243 630 4301 Min.
661 4243 831 4317 cujus
864 4246 957 4301 est
974 4244 1285 4318 Analytica
1315 4245 1671 4302 demonstra·
1727 4244 1934 4315 sticam
1949 4243 2424 4318 jurisdictionem
2454 4249 2515 4302 et
2532 4244 2871 4302 clericorum
2892 4244 3012 4320 pri-

389 4334 488 4406 tio,
537 4332 601 4389 in
648 4350 769 4405 qua
829 4333 1183 4401 ostenditur,
1232 4333 1672 4391 immunitatem
1726 4332 1945 4409 vilegia
1975 4350 2176 4391 omnes
2206 4332 2326 4391 fere
2371 4351 2541 4391 casus
2586 4332 2659 4390 ad
2706 4333 3010 4390 materiam

389 4421 512 4478 tam
574 4438 958 4495 personarum
1020 4440 1198 4495 quam
1242 4440 1438 4479 rerum
1491 4422 1671 4479 eccle·
1728 4423 2094 4495 pertinentes
2114 4421 2516 4479 eruditissime
2537 4421 2921 4478 declarantur
2951 4425 3013 4479 et

387 4509 762 4567 siasticarum
794 4527 921 4567 esse
951 4508 1024 4567 de
1048 4510 1184 4584 jure
1204 4509 1424 4579 divino,
1457 4511 1672 4569 Romae
1728 4511 2131 4580 resolvuntur,
2149 4509 2427 4568 Panormi
2450 4520 2563 4572 161
2583 4521 2612 4572 7
2639 4509 2702 4567 in
2718 4509 2781 4579 f.;
2818 4517 3010 4577 16223

469 4714 506 4778 ¹)
533 4711 614 4766 Cf.
633 4712 953 4766 Tiraboschi
974 4713 1091 4781 VII,
1108 4718 1158 4778 2,
1178 4717 1280 4771 132
1300 4734 1311 4773 ς
1331 4712 1675 4781 Erythraeus

1805 4720 1845 4784 ¹)
1873 4713 1956 4768 Of.
1999 4713 2367 4769 Mazzuchelli
2418 4714 2603 4767 Scritt.
2648 4714 2715 4766 lt.
2762 4714 2810 4767 ΙΙ
2862 4732 2914 4783 p.
2960 4718 3015 4769 3.

389 4782 578 4837 Pinac.
608 4784 649 4839 Ι.
675 4787 796 4841 238.

1730 4801 1861 4854 pag.
1887 4788 2057 4857 1869;
2085 4784 2412 4840 Tiraboscbi
2440 4785 2559 4851 Vll,
2586 4790 2638 4849 2,
2664 4788 2787 4841 278.
