3625 5193
446 301 604 355 1201

959 283 1283 347 Santarelli,
1310 281 1657 348 Pellizarius,
1690 280 1918 348 Quadri,
1945 279 2223 345 Donatus,
2249 282 2562 340 Marchant.

2899 300 3058 354 1202

438 471 491 530 si
524 491 558 529 a
588 472 708 528 Deo
757 468 1000 527 daretur
1045 469 1226 543 optio,
1276 470 1556 530 malletue
1601 489 1726 529 esse
1783 500 1868 509 —
1918 466 2291 543 Hyacinthus
2350 469 2691 527 Donatus
2742 468 2805 528 Ο.
2858 470 3062 530 Praed.

434 559 659 619 surdus
682 577 862 633 quam
881 576 1105 628 coecuS,
1128 563 1467 618 constanter
1479 577 1724 635 respon-

434 650 545 718 dit,
580 648 757 706 malle
790 666 850 705 se
883 666 1009 705 esse
1040 665 1296 718 coecum,
1340 649 1480 724 quia
1511 648 1562 707 si
1594 667 1723 706 sur-

433 738 624 797 ditate
647 738 961 806 laboraret,
995 756 1113 795 non
1132 742 1337 813 posset
1355 737 1564 796 audire
1584 756 1722 797 eon-

434 828 721 886 ,fessiones
782 825 1221 901 poenitentium
1277 831 1456 902 prout
1517 845 1724 887 coecus

438 916 710 984 faciebat,
734 918 1006 989 essetque
1028 916 1268 989 penitus
1292 916 1576 992 juvandis
1597 917 1722 973 ani-

438 998 647 1064 mabus
695 1004 934 1062 inutilis
983 1000 1044 1084 (†
1090 1014 1142 1066 5.
1177 1005 1309 1063 Dec.
1352 1015 1513 1067 1649
1564 1010 1722 1063 octo·

446 1094 681 1169 genario
728 1090 958 1169 major).
1016 1092 1217 1151 Edidit
1261 1096 1461 1152 varias
1509 1095 1723 1152 resolu-

446 1185 618 1240 tiones
661 1191 711 1240 ει
755 1183 994 1241 consilia
1015 1227 1031 1256 ,
1082 1182 1295 1241 Rornae
1345 1191 1507 1244 1625
1556 1183 1616 1240 in
1668 1193 1723 1245 4.

443 1272 679 1329 Praeter
710 1271 1100 1330 intentionem
1122 1271 1381 1331 multum
1408 1272 1726 1330 commovit

439 1360 744 1436 theologos
777 1364 837 1419 et
868 1360 1238 1436 parlamenta
1254 1361 1480 1420 Galliae
1510 1379 1617 1420 suo
1649 1365 1722 1418 tr.

439 1449 650 1507 morali
683 1450 749 1506 de
783 1450 1019 1520 haeresi,
1054 1451 1372 1526 schismate,
1408 1452 1721 1524 apostasia,

437 1538 830 1596 sollicitatione
853 1540 915 1596 in
944 1546 1302 1597 sacramento
1328 1541 1721 1615 poenitentiae,

435 1627 806 1701 blasphemia,
841 1629 1228 1686 maledictione
1247 1633 1308 1687 et
1336 1628 1407 1686 de
1430 1633 1723 1703 potestate

439 1715 668 1773 romani
688 1716 985 1791 pontificis
1018 1718 1078 1775 in
1102 1717 1193 1776 his
1215 1717 1450 1777 delictis
1472 1718 1721 1793 punien-

438 1804 550 1874 dis,
585 1805 798 1862 Romae
826 1814 989 1868 1625
1029 1807 1093 1864 111
1117 1818 1188 1874 4.,
1223 1826 1340 1881 quo
1371 1808 1432 1865 in
1466 1825 1560 1882 op.
1580 1825 1721 1882 pon-

435 1893 579 1951 tifici
614 1894 827 1952 tribuit
876 1895 973 1969 jus
1017 1896 1349 1970 deponendi
1382 1915 1549 1972 reges
1581 1896 1718 1954 hae·

437 1983 650 2039 reticos
670 1987 733 2041 et
754 1983 1011 2058 injustos
1027 1981 1091 2063 ¹).
1125 1984 1278 2043 Hinc
1299 1984 1420 2042 acri
1440 2003 1721 2043 censurae

434 2072 737 2146 subjectus
761 2072 877 2129 fuit
897 2073 1050 2130 liber
1082 2093 1115 2130 a
1148 2072 1531 2133 facultatibus
1551 2073 1719 2133 theo-

432 2159 639 2236 logicis
687 2161 1017 2234 parisiensi,
1064 2163 1350 2231 tolosana,
1401 2161 1718 2230 valentina,

435 2250 862 2325 rotomagensi,
927 2250 1293 2322 cadomensi,
1351 2251 1717 2326 pictaviensi.

434 2338 858 2414 burdigalensi,
893 2338 1262 2408 bituricensi,
1303 2340 1718 2410 aurelianensi,

433 2431 494 2484 et
542 2447 575 2484 a
621 2427 1003 2501 parlamentis
1056 2428 1181 2504 igni
1234 2425 1588 2510 addietus2).
1632 2464 1718 2473 —-

433 2515 777 2574 Franciseus
824 2517 1347 2576 Pellizzarius
1383 2519 1437 2577 S.
1470 2518 1523 2580 J.
1584 2520 1717 2578 Pla-

430 2607 707 2664 centinus
741 2603 821 2687 (n.
863 2617 1049 2677 1596,
1100 2606 1134 2673 †
1176 2619 1268 2670 17.
1304 2611 1453 2686 Aug.
1502 2606 1715 2685 1651),

433 2693 760 2771 theologiae
783 2697 1020 2754 moralis
1065 2708 1129 2759 11
1165 2718 1225 2754 a.
1248 2698 1561 2771 professor,
1596 2699 1717 2757 edi-

428 2782 521 2840 dit
557 2783 825 2841 Manuale
858 2786 1214 2861 reqularium
1234 2786 1500 2846 Venetiis
1531 2797 1715 2851 1647.

419 2882 603 2957 v164&
641 2878 682 2929 t.
722 2883 752 2932 2
790 2874 852 2930 in
876 2873 943 2943 f.;
977 2875 1254 2949 Lugduni
1287 2886 1487 2947 16533
1533 2887 1714 2945 1665,

429 2960 493 3018 in
517 2962 770 3019 indicem
792 2965 992 3020 tamen
1011 2964 1267 3022 relatum
1286 2966 1436 3023 decr.
1463 2975 1561 3026 20.
1577 2969 1715 3040 Apr.

441 3060 594 3112 1651
626 3072 637 3120 3
673 3051 741 3107 de
775 3052 1134 3121 monialibus,
1168 3052 1232 3110 111
1258 3072 1375 3128 quo
1410 3055 1716 3113 resolvun-

430 3143 534 3197 tur
554 3140 927 3214 quaestiones
960 3142 1208 3200 morales
1233 3143 1303 3199 ad
1327 3141 1562 3201 illarum
1597 3147 1715 3201 sta-

432 3233 562 3285 tum
595 3230 979 3303 pertinenteS,
1015 3231 1313 3289 Bononiae
1344 3242 1507 3293 1644
1541 3232 1605 3290 111
1642 3242 1713 3301 4.,

432 3317 654 3392 pariter
687 3318 750 3375 in
780 3317 973 3376 indice
995 3318 1177 3378 donec
1209 3320 1542 3397 corrigatur
1561 3321 1714 3380 decr.

432 3413 534 3468 30.
569 3407 739 3464 Mart.
782 3416 982 3478 16923
1026 3408 1273 3470 12.Jan.
1313 3419 1501 3479 1694,
1536 3411 1713 3469 etiam

428 3513 564 3553 cum
613 3495 904 3571 excerptis
954 3497 1230 3557 omnibus
1280 3498 1431 3557 decr.
1481 3510 1534 3561 4.
1583 3500 1713 3558 Dec.

437 3591 634 3649 1725;
683 3586 916 3661 egregie
949 3590 1145 3644 autem
1191 3591 1489 3646 correctus
1533 3588 1652 3646 fuit
1683 3609 1715 3645 a

427 3673 737 3732 Francisoo
760 3674 814 3730 M
834 3693 923 3732 on
941 3678 1122 3735 tano
1157 3675 1211 3735 S.
1231 3676 1286 3734 J.
1320 3677 1554 3751 rejectis
1587 3677 1711 3753 opi·

427 3762 705 3819 nionibus
740 3763 1080 3826 laxioribus,
1116 3765 1254 3823 hinc
1274 3765 1455 3825 editio
1476 3785 1716 3824 romana

441 3861 597 3911 1755
652 3852 712 3907 in
748 3861 802 3911 4.
858 3849 1148 3932 (Venetiis
1192 3851 1381 3935 1761)
1428 3855 1715 3931 permissa

423 3946 534 4001 est.
569 3941 766 4015 Magni
800 3941 893 3999 hic
915 3947 1203 4000 tractatus
1237 3942 1321 4000 fit.
1343 3977 1427 3985 —
1450 3943 1713 4012 Quadri

424 4030 871 4103 protonotarius
904 4031 1263 4104 apostolicus
1296 4032 1539 4108 collegit
1570 4033 1710 4093 viri—

425 4117 689 4175 dia-rium
722 4127 1076 4177 reservatum
1113 4139 1216 4178 seu
1251 4120 1321 4178 de
1344 4139 1589 4179 casuum
1621 4142 1711 4179 re-

430 4214 795 4265 servatorum
817 4208 1135 4283 omnigena
1160 4209 1561 4285 disputatione
1584 4214 1712 4268 stu·

427 4293 593 4352 diosa
623 4295 960 4365 elucidatio,
998 4298 1339 4357 Noviocomi
1381 4308 1545 4361 1656
1581 4300 1644 4357 in
1676 4299 1710 4356 f.

497 4485 535 4551 ¹)
566 4482 647 4536 Cf.
673 4484 1026 4553 D'Argentre
1054 4484 1122 4551 11,
1151 4492 1202 4549 2,
1229 4491 1364 4545 212ς
1406 4486 1615 4542 contin.
1643 4486 1710 4540 H.

424 4552 486 4607 E.
529 4553 741 4608 Fleurii
784 4555 819 4608 l.
862 4560 964 4613 196
1005 4563 1088 4624 §1
1119 4575 1188 4611 ss.
1230 4560 1367 4618 etc.;
1415 4557 1577 4612 Feret
1616 4558 1712 4623 Ill,

424 4630 537 4765 1⁰3)
548 4644 757 4751 sffibros
778 4700 976 4753 contra
1000 4699 1165 4754 illum
1190 4699 1431 4768 scriptos
1458 4702 1528 4753 cf.
1555 4699 1712 4769 apud

420 4766 637 4895 ἓξξξὲἷ
669 4769 778 4833 lll,
828 4774 931 4826 542
968 4788 1068 4841 ss.;
1135 4770 1549 4839 Sommervogel
1589 4771 1710 4835 VII,

1781 555 2041 626 Calaber,
2076 556 2332 632 insignis
2366 558 2737 617 concionator
2767 563 2829 616 et
2860 559 3062 628 lector,

1781 645 1846 703 in
1879 645 2108 704 arcanis
2129 645 2522 705 eonscientiae
2542 646 2743 706 dubiis
2765 648 3063 706 solvendis

1783 733 1867 791 ita
1912 734 2159 809 peritus,
2204 739 2280 794 ut*
2319 736 2661 794 Antoninus
2708 737 2875 806 alter,
2925 754 3062 796 con·

1780 824 2052 882 siliorum
2084 823 2414 882 communis
2447 843 2657 900 parens
2688 831 2751 884 et
2792 826 3064 884 dissidio-

1782 931 1912 970 rum
1932 912 2158 971 arbiter
2178 913 2497 971 haberetur
2509 909 2570 995 (†
2586 933 2630 972 c.
2647 934 2694 971 a.
2725 911 2938 994 1661),
2973 934 3063 973 re·

1782 1000 1962 1075 liquit
1993 1003 2356 1080 reyularium
2391 1021 2590 1060 rerum
2629 1006 2878 1076 praxim
2910 1023 3063 1062 reso-

1780 1091 2053 1148 lutoriam
2082 1090 2146 1148 in
2180 1101 2213 1153 4
2251 1095 2294 1152 t.
2326 1091 2728 1161 distributam,
2762 1092 2825 1150 in
2847 1093 3064 1167 quibus

1780 1197 1983 1237 omnes
2029 1187 2088 1238 et
2133 1179 2410 1255 singulae
2453 1182 2756 1250 materiae,
2805 1200 2957 1256 quae
3001 1183 3064 1240 in

1780 1269 1960 1326 rebus
2011 1269 2389 1344 regularibus
2451 1288 2755 1329 occurrere
2812 1277 3063 1346 possunt

1782 1357 1894 1415 sub
1944 1357 2190 1415 diversis
2240 1359 2595 1418 tractatibus
2645 1359 2942 1418 succincte
2992 1379 3058 1419 ac

1780 1445 2040 1505 dilucide
2086 1453 2520 1523 proponuntur,
2572 1449 2954 1508 resolvuntur
2997 1467 3062 1507 ac

1780 1534 2156 1606 deciduntur,
2187 1537 2433 1613 Neapoli
2475 1547 2806 1600 1652-61
2837 1560 2849 1608 ;
2898 1539 3062 1596 Colo-

1780 1624 1913 1682 niae
1957 1635 2116 1687 1675
2153 1630 2194 1682 t.
2231 1628 2367 1687 4111
2396 1626 2435 1683 f.
2469 1626 2532 1685 in
2569 1635 2603 1688 2
2641 1625 2747 1685 vol.

1873 1811 2016 1865 526.
2049 1804 2139 1862 Ad
2162 1803 2516 1880 theologiam
2534 1806 2884 1879 pastoralem
2899 1808 2946 1883 ²)
2970 1826 3059 1864 re-

1780 1892 1917 1949 ferii
1966 1898 2216 1967 possunt
2249 1894 2458 1951 Petrus
2491 1894 2887 1951 Marchant
2918 1895 3061 1953 Leo·

1779 1980 1997 2039 diensis
2046 1982 2109 2043 Ο.
2145 1983 2300 2048 Μ111.,
2354 1982 2704 2057 disciplinae
2750 1982 3060 2058 religiosae

1779 2069 1841 2125 in
1875 2088 1983 2127 sua
2013 2071 2311 2145 provincia
2355 2073 2630 2147 egregius
2679 2077 3058 2142 restaurator,

1777 2157 2073 2231 primariis
2121 2160 2212 2217 sui
2245 2159 2469 2217 ordinis
2512 2161 2859 2217 muneribus
2891 2160 3060 2220 func-

1776 2252 1895 2316 tus,
1930 2266 2135 2305 verum
2181 2248 2467 2323 seraphici
2514 2248 2740 2308 ordinis
2786 2250 3059 2308 columen

1777 2331 1858 2415 (n.
1902 2345 2086 2407 1585,
2133 2334 2169 2403 †
2211 2347 2306 2399 11.
2339 2336 2488 2399 Nov.
2543 2332 2756 2416 1661),
2803 2337 3056 2413 insignis

1779 2425 2186 2499 probabilista,
2221 2426 2325 2501 qui
2345 2432 2578 2500 praeter
2601 2427 2777 2501 plura
2808 2427 3059 2485 ascetica

1774 2509 2109 2596 reliquit2):
2150 2515 2429 2573 Tribunal
2448 2517 2860 2573 sacramentale
2891 2525 2940 2572 et
2974 2519 3054 2573 vi-

1853 2708 1889 2773 1)
1916 2702 2173 2773 Ignatius
2215 2702 2453 2757 Huart
2493 2703 2555 2759 O.
2598 2704 2731 2757 Cist.
2775 2704 2973 2773 Belga,
3015 2724 3055 2759 s.

1775 2774 2095 2844 theologiae
2121 2774 2182 2828 in
2208 2776 2437 2829 abbatia
2464 2775 2531 2828 de
2559 2776 2708 2830 Alna
2735 2776 2795 2829 in
2822 2776 3056 2830 dioecesi

1772 2844 2047 2899 leodiensi
2074 2846 2370 2915 professor,
2391 2846 2711 2917 evulgavit:
2740 2852 3059 2902 Ber-nardus

1772 2919 1933 2971 abbas
1960 2935 2056 2971 seu
2078 2920 2306 2971 sanctus
2324 2918 2616 2987 praelatus
2636 2919 2690 2971 h.
2712 2935 2756 2972 e.
2781 2918 2940 2973 flores
2963 2936 3057 2990 pa·

1772 2990 2008 3041 storales
2036 3005 2100 3041 ex
2121 2989 2497 3043 selectissimis
2519 2989 2842 3059 quibusque
2863 2991 2916 3043 d.
2933 2991 3057 3044 Ber·

1772 3058 1935 3111 nardi
1963 3060 2229 3127 operibus
2249 3060 2470 3115 collecti
2490 3061 2550 3114 in
2576 3061 2821 3131 gratiam
2842 3062 3057 3130 praela·

1775 3130 1962 3183 torum
1988 3130 2244 3184 omnium
2272 3135 2389 3185 tam
2414 3133 2751 3186 secularium
2780 3151 2953 3201 quam
2980 3152 3058 3187 re·

1771 3200 2072 3269 gularium‚
2101 3201 2336 3255 Lovanii
2366 3207 2501 3260 1651
2532 3203 2591 3255 in
2615 3209 2665 3260 4.
2694 3203 2951 3258 Jansenii
2978 3223 3058 3258 er-

1772 3272 1989 3325 roribus
2010 3273 2273 3327 addictus
2292 3275 2449 3327 nisus
2466 3278 2551 3328 est
2571 3277 2630 3327 et
2649 3292 2690 3327 s,
2707 3274 3056 3328 Bel-nardum

1769 3343 1830 3395 in
1875 3344 2125 3399 Jansenii
2172 3345 2494 3413 opinionem
2543 3344 2910 3415 interpretari
2954 3346 3057 3400 hoe

1772 3431 1969 3483 opere:
1997 3417 2067 3469 D.
2090 3420 2365 3470 Ber-nardi
2388 3420 2469 3471 ab.
2497 3420 2799 3471 claraevall.
2827 3422 3057 3473 doctoris

1770 3490 2010 3553 melliflui
2045 3497 2306 3542 tractatus
2344 3491 2408 3541 de
2437 3492 2617 3555 pratia
2643 3498 2690 3542 el
2729 3492 2891 3543 libero
2915 3492 3055 3543 arbi·

1770 3562 1877 3611 trio
1898 3561 2163 3625 per-lodice
2187 3561 2511 3628 dispunctus,
2557 3562 2965 3615 commentario
2993 3560 3056 3614 il-

1770 3629 2059 3691 lustratus,
2095 3645 2135 3688 s,
2165 3630 2487 3699 Augustino
2569 3630 2797 3685 rimario
2837 3631 3055 3701 gratiae

1770 3700 2185 3769 propugnatori
2209 3717 2485 3754 consonus
2553 3705 2946 3767 emonstratua,
2974 3706 3056 3756 at-

1772 3787 1883 3838 que
1924 3788 1958 3824 a
1997 3770 2244 3824 filiorum
2282 3771 2596 3826 alienorum
2637 3772 3055 3842 depravationi-

1772 3842 1880 3896 bus
1919 3841 2260 3907 vindicatus,
2307 3843 2411 3896 sub
2451 3844 2680 3898 nomine
2720 3861 3055 3917 annagram·

1771 3913 1978 3967 matico
2007 3912 2053 3966 R
2069 3930 2103 3967 a
2120 3931 2156 3967 n
2175 3932 2211 3967 u
2232 3913 2324 3968 tii
2345 3914 2396 3968 H
2412 3915 2430 3968 i
2448 3934 2486 3985 g
2502 3914 2621 3968 ati.
2653 3915 2882 3970 Librum
2906 3916 3054 3970 hunc

1770 3985 2140 4056 impugnavit
2164 3985 2483 4040 Bernardus
2512 3986 2555 4039 Τ
2574 4003 2602 4039 e
2618 4005 2652 4040 x
2670 4004 2698 4040 e
2717 3988 2777 4040 ri
2798 4006 2831 4041 u
2849 4005 2873 4041 s
2901 3987 3054 4042 edita

1769 4060 2125 4126 disputatione
2163 4060 2445 4126 theoloqica
2481 4064 2536 4112 in
2572 4062 2893 4123 jansenium
2928 4064 3054 4127 doy-

1770 4138 1933 4194 mata,
1976 4128 2293 4197 Carolopoli
2323 4134 2481 4193 1651,
2520 4132 2608 4182 cui
2635 4130 2903 4199 opposuit
2928 4131 2978 4184 H
2995 4149 3053 4183 u-

1769 4216 1800 4251 a
1819 4216 1845 4250 r
1863 4203 1886 4252 t
1901 4219 1936 4253 11
1953 4218 1978 4253 s
1997 4202 2338 4254 Ber-nardum
2353 4204 2709 4256 abbreviatum
2721 4223 2743 4267 ,·
2763 4202 3055 4271 impugna·

1770 4270 1856 4323 vit
1893 4271 2067 4325 etiam
2109 4271 2378 4325 Matthias
2424 4272 2476 4324 H
2492 4289 2526 4324 a
2544 4291 2579 4325 u
2598 4291 2625 4324 z
2641 4290 2669 4326 e
2689 4289 2724 4325 u
2741 4291 2768 4325 r
2814 4273 2877 4326 O.
2918 4273 3051 4327 Min.

1770 4343 1860 4403 (de
1888 4345 2060 4410 quot.
2087 4353 2225 4413 seq.)
2250 4342 2403 4397 edito
2431 4343 2624 4397 libello
2651 4345 2823 4413 hujus
2863 4344 3051 4398 tituli:

1770 4418 2037 4469 Com-ectio
2054 4419 2302 4483 fraterna
2325 4418 2387 4468 R.
2411 4418 2615 4483 Hiyati,
2635 4415 2728 4468 oui
2752 4414 2938 4468 Huart
2957 4433 3051 4485 op·

1771 4484 1991 4553 posuit:
2043 4489 2314 4540 Vindictae
2332 4505 2438 4554 pro
2477 4490 2541 4542 R.
2569 4488 2797 4555 Hsyato,
2842 4486 3052 4554 quibus

1768 4556 1941 4625 paulo
1969 4560 2101 4627 post
2123 4555 2347 4609 addidit
2371 4556 2759 4626 appendicem.
2803 4556 2884 4611 Cf.
2911 4558 3050 4627 Fop-

1810 4645 1908 4681 ens
1937 4629 1976 4693 Ι,
2002 4632 2124 4685 553.

1767 4645 1805 4696 p
1843 4705 1880 4765 ²)
1911 4698 1991 4753 Cf.
2020 4700 2182 4754 Joan.
2211 4714 2245 4750 a
2272 4716 2313 4753 s.
2338 4699 2587 4752 Antonio
2615 4698 2687 4762 11,
2711 4703 2817 4755 458
2834 4719 2847 4769 ;
2883 4699 3051 4752 Dirks

1769 4768 2016 4824 Histoire
2075 4769 2247 4829 litter.
2298 4772 2357 4823 et
2403 4769 2903 4840 bibliographique
2953 4770 3049 4823 des

1767 4842 1959 4895 Freres
1998 4841 2135 4897 Min.
2175 4840 2244 4895 de
2283 4839 2565 4896 l'Observ.
2607 4841 2676 4895 de
2703 4842 2757 4895 S.
2785 4842 3051 4913 Francois
