3625 5193
615 233 686 285 21
707 186 738 285 5
964 218 1333 271 1581—1600.
1360 211 1706 282 Disciplinae
1733 214 1804 266 ad
1832 231 1900 267 ss.
1927 213 2121 267 literas
2147 215 2462 281 spectantes
2489 212 2547 264 in
2576 212 2869 282 Hispania.
3103 230 3135 280 2
3157 231 3225 282 16

611 402 793 459 etiam
826 402 970 459 sunt
1001 396 1290 480 (polonice
1336 395 1584 479 scripta)
1634 399 1705 456 de
1751 417 1890 459 con·
1916 396 1921 479 l
1946 400 2157 457 nonico
2178 399 2428 457 vilnensi
2451 398 2761 458 debemus:
2795 400 3021 456 Bellum
3044 400 3227 474 quinti

611 490 912 548 troversiis
947 507 1080 547 cum
1115 488 1445 554 haereticis,
1481 488 1793 546 Picarditis
1827 489 1890 547 in
1917 484 1921 515 ¹
1947 490 2233 566 evcaenqelii,
2266 489 2482 546 Contra
2523 488 2808 545 larvatam
2857 487 3230 545 harmoniam

611 578 817 654 primis
850 583 910 635 et
941 577 1341 636 schismaticis.
1376 609 1462 620 --
1493 576 1636 652 Ejus
1668 577 1890 636 sodalis
1916 632 1919 657 Ι
1946 576 2716 654 genevensiumetfucatum
2731 594 3083 635 consensum
3098 594 3229 635 sen-

609 666 866 725 Jacobus
913 667 1141 725 Wiecus
1189 664 1446 744 (Wujek‚
1481 660 1706 746 Wuyk)
1744 665 1796 723 S.
1830 665 1886 736 J,
1915 662 1921 699 ²
1948 666 2359 724 domitiensem
2418 664 2772 733 ostenditur,
2824 666 3051 723 nullam
3103 683 3230 722 esse

611 756 1068 832 Vagrovecensis
1102 774 1158 813 n.
1201 764 1384 823 1540,
1419 754 1512 812 vir
1556 754 1673 812 fuit
1703 773 1889 829 aeque
1947 754 2104 831 apud
2135 755 2503 831 evangelicos
2524 754 2661 813 fidei
2681 756 2971 812 unitatem
2992 755 3087 811 vel
3107 772 3230 812 cer-

610 844 1181 920 singularidoctrina
1197 842 1888 918 atqueadmirandisani·
1947 844 2284 911 titudinem,
2319 844 2588 902 Coloniae
2636 853 2819 911 1595,
2869 862 3019 917 opus
3064 842 3231 901 valde

610 934 693 991 mi
725 934 965 991 dotibus
989 953 1123 992 cum
1145 933 1496 991 suavissima
1519 932 1889 991 humanitate
1915 974 1920 1049 ι
1946 952 2162 1002 rarum,
2184 932 2525 991 Monasterii
2547 941 2711 995 1602
2731 954 2744 1002 3
2766 932 3102 1008 germanice
3121 951 3229 1006 per

611 1024 942 1098 conjunctis
973 1023 1243 1099 insignia
1268 1021 1339 1079 ad
1360 1022 1685 1080 animarum
1708 1040 1890 1096 quae·
1946 1022 2118 1083 Joan.
2168 1022 2371 1081 Stam
2391 1021 2499 1096 ph,
2536 1020 2873 1096 Moguntiae
2933 1031 3115 1083 1603.
3144 1054 3231 1065 --

610 1114 765 1170 stum
819 1111 1150 1169 faciendum
1203 1111 1638 1169 attentissimus
1687 1107 1747 1191 (†
1789 1120 1887 1173 27.
1949 1111 2212 1170 Andreas
2246 1109 2881 1168 PatritiusNidecki
2916 1111 3229 1185 episcopus

610 1200 732 1258 Jul.
777 1198 983 1279 1597).
1019 1201 1177 1258 Βο110
1211 1200 1460 1258 meritus
1511 1201 1603 1257 est
1648 1199 1718 1256 de
1766 1200 1891 1257 suis
1947 1199 2279 1259 wendensis
2312 1199 2374 1256 in
2407 1198 2652 1257 Livonia
2684 1194 2744 1278 (†
2772 1196 2965 1277 1587)
2993 1200 3233 1273 scripsit

612 1289 996 1365 popularibus
1055 1307 1177 1347 non
1237 1289 1427 1347 solum
1491 1288 1889 1359 concionibuS,
1948 1292 2180 1364 praeter
2210 1288 2327 1347 alia
2357 1289 2425 1346 de
2456 1306 2589 1345 vera
2623 1295 2674 1344 et
2688 1289 2852 1360 falsa
2874 1288 3134 1345 Ecclesia
3167 1288 3228 1345 ll.

613 1379 874 1453 postillis
926 1398 1076 1454 quae
1125 1378 1325 1453 magni
1378 1379 1530 1435 fiunt
1575 1374 1678 1458 (m.
1719 1375 1889 1455 100),
1956 1388 2008 1445 5,
2057 1378 2365 1435 Cracoviae
2419 1387 2600 1439 1583.
2638 1410 2717 1419 ———
2753 1376 3003 1435 Joannis
3054 1377 3230 1434 Szil-

613 1467 781 1524 libris
814 1468 1097 1525 adversus
1133 1467 1453 1525 haereticos
1486 1467 1698 1543 lingua
1728 1467 1891 1542 polo·
1949 1467 2112 1525 vasi
2146 1471 2238 1524 est
2269 1467 2584 1542 antiquitas
2613 1474 2664 1523 et
2684 1474 2971 1539 perpetua
2992 1466 3226 1523 duratio

614 1574 691 1613 na
724 1555 900 1613 editis
919 1554 983 1633 ¹),
1019 1556 1117 1613 sed
1152 1556 1330 1615 etiam
1364 1575 1406 1614 a.
1441 1555 1784 1630 Scripturas
1830 1556 1892 1613 in
1951 1555 2082 1613 fidei
2116 1555 2441 1614 catholicae
2474 1574 2580 1613 seu
2610 1555 2854 1614 tabulae
2896 1555 3227 1613 testimoni-

609 1644 852 1702 eandem
906 1645 1171 1719 linguam
1229 1645 1495 1703 versione
1559 1640 1665 1726 (m.
1716 1642 1889 1723 480),
1950 1664 2119 1703 orum
2169 1664 2237 1701 ex
2287 1661 2358 1701 ss.
2401 1643 2571 1701 libris
2618 1648 2679 1702 et
2712 1662 2784 1701 ss.
2818 1648 3053 1718 patrum
3089 1643 3232 1702 scri-

611 1752 793 1808 quain
826 1734 1091 1791 Clemens
1125 1734 1280 1791 VIII.
1315 1734 1601 1802 laudavit,
1631 1734 1923 1809 synodus!
1951 1734 2069 1808 ptis
2104 1738 2339 1791 servata
2385 1733 2533 1791 serie
2573 1733 2856 1807 temporis
2905 1733 3230 1807 petitorum

610 1842 748 1880 vero
787 1822 1110 1881 nationalis
1142 1823 1600 1897 petrocoviensis
1636 1843 1683 1881 a.
1725 1834 1889 1886 1607
1951 1822 2022 1880 de
2055 1826 2186 1880 octo
2233 1822 2465 1897 magnis
2517 1822 2579 1879 in
2626 1820 2740 1879 fide
2791 1821 3229 1890 controversiis,

611 1911 1000 1969 adhibendam
1034 1912 1098 1968 in
1131 1911 1336 1987 populi
1375 1931 1550 1970 usum
1596 1931 1892 1969 commen·
1951 1911 2319 1986 Claudiopoli
2361 1921 2543 1974 1597.
2577 1943 2662 1953 —
2696 1910 3011 1968 Christiani
3058 1909 3230 1967 Var-

614 1998 796 2056 davit.
831 2033 917 2042 ——
959 2001 1230 2058 Andreae
1276 2000 1751 2077 Jurgiewicz
1796 2019 1892 2058 ca·
1953 2000 2234 2058 sevicii
2268 1996 2659 2078 opera(1·ara)
2708 1999 2953 2057 collecta
2997 1999 3229 2073 prodie-

1952 2091 2095 2146 runt
2143 2089 2446 2147 Cracoviae
2506 2098 2667 2151 1600
2704 2088 2762 2145 in
2797 2088 2851 2157 f„
2886 2088 3041 2145 inter
3079 2106 3230 2161 quae

689 2195 724 2229 ι.
753 2189 835 2241 (Ὺ.
867 2188 1095 2252 Becker,
1127 2189 1219 2251 111,
1250 2193 1546 2245 1579—86.
1922 2180 1926 2221 ¹
1953 2178 2126 2236 etiam
2162 2177 2359 2252 aliqua
2390 2196 2495 2252 pro
2527 2177 2640 2234 fide
2673 2177 2975 2234 catholica.

861 2476 1003 2573 ΙΙΙ.
1076 2476 1637 2595 Disciplinae
1704 2475 1820 2572 ad
1886 2502 1998 2571 ss,
2064 2474 2387 2571 literas
2454 2476 3000 2593 spectantes.

702 2725 802 2775 97.
851 2714 1099 2770 Maxime
1147 2713 1404 2787 gloriosa
1450 2715 1543 2769 est
1580 2711 1718 2769 haec
1749 2729 1888 2787 epo·
1914 2709 1917 2724 ’
1946 2712 2417 2790 Montanus1)
2467 2716 2643 2770 natus
2677 2733 2724 2769 a.
2756 2721 2917 2772 1527
2942 2709 3084 2788 (quo
3105 2711 3230 2770 loco

611 2802 716 2858 cha
737 2802 797 2858 in
821 2800 1138 2858 annalibus
1161 2802 1399 2858 illarum
1420 2800 1885 2874 disciplinarum,
1944 2801 2251 2870 incertum,
2288 2800 2438 2858 forte
2471 2800 2530 2858 in
2579 2801 2797 2876 oppido
2846 2800 3110 2874 Frejenal
3158 2800 3230 2858 de

611 2909 761 2965 quae
796 2890 867 2946 ad
914 2908 1106 2946 sacras
1159 2893 1428 2964 spectant
1477 2890 1698 2947 literas.
1750 2890 1885 2947 Pal·
1946 2925 1955 2926 ff

610 2998 766 3036 mam
800 2996 935 3035 vero
968 2979 1241 3036 omnibus
1278 2979 1622 3037 nationibus
1667 2979 1886 3053 praeri-
1914 2987 1917 3008 '
1942 2987 2144 3040 laudat
2168 2987 2415 3041 Richard
2460 2987 2669 3050 Simon,
2714 2987 2959 3041 Histoire
2987 2989 3228 3055 critique

607 3068 742 3142 puit
791 3068 1060 3139 hispana,
1125 3068 1247 3125 sive
1296 3086 1610 3125 numerum
1662 3070 1888 3142 spectes
1914 3097 1915 3108 .
1944 3058 2021 3111 du
2050 3059 2114 3111 V.
2144 3059 2202 3112 Τ.
2231 3058 2269 3111 1.
2296 3063 2347 3114 3.
2374 3059 2461 3111 ch.
2491 3064 2573 3114 17.
2602 3059 2849 3128 plusque
2869 3059 3072 3128 judicii
3099 3059 3151 3112 ei
3168 3059 3227 3111 in

608 3157 1001 3229 interpretum
1036 3176 1077 3213 S.
1113 3156 1470 3231 Scripturae,
1520 3156 1644 3214 sive
1675 3156 1884 3214 horum
1944 3130 2075 3254 ἷξε
2091 3132 2449 3254 tari-gnaeum
2491 3131 2753 3253 ,ffibmf'ss
2822 3146 2991 3220 quau}
3046 3129 3226 3211 .Le⁰¹¹i

2209 3242 2220 3264 ,
2346 3218 2459 3267 quo
2486 3219 2549 3254 in
2575 3219 2638 3254 ra
2665 3219 2719 3271 p.
2741 3205 2848 3257 234
2868 3204 2925 3254 et
2950 3201 3230 3255 (11111011110

608 3246 842 3320 Pondus
876 3248 1055 3319 atque
1088 3247 1518 3304 auctoritatem·
1563 3247 1697 3319 Ipsa
1728 3244 1886 3303 enim
1946 3273 1984 3323 L
2000 3272 2019 3324 i
2037 3291 2073 3323 n
2090 3272 2125 3324 d
2142 3289 2175 3323 a
2191 3291 2227 3324 11
2245 3288 2293 3337 0,
2322 3272 2390 3325 (10
2414 3290 2527 3339 quo
2545 3272 2766 3342 egimus
2792 3291 2847 3341 p.
2867 3277 2985 3331 187.
3010 3273 3230 3325 Nititur

609 3334 886 3408 pluribus
919 3335 1163 3410 gloriari
1183 3339 1394 3408 potest,
1429 3354 1607 3409 quam
1627 3333 1887 3407 reliquae
1945 3343 2003 3394 in
2032 3344 2137 3396 1100
2166 3359 2333 3411 opere
2372 3343 2663 3413 ingeniose
2708 3344 3008 3397 conciliare
3038 3343 3232 3412 vulga·

611 3422 790 3480 simul
820 3424 1106 3498 regiones,
1131 3423 1202 3482 et
1222 3425 1378 3482 inter
1409 3425 1512 3482 hog
1543 3422 1721 3498 primi
1746 3423 1887 3480 gub-
1946 3417 2063 3466 tam
2114 3432 2242 3466 culn
2270 3417 2429 3467 138Χῇῑὶ
2458 3414 2721 3497 originali
2751 3415 2865 3468 11118
2892 3415 2953 3468 in
2980 3415 3134 3476 10618,
3161 3414 3229 3467 de

610 3512 763 3569 sellii
811 3513 967 3570 haud
1011 3513 1212 3587 paucis
1279 3515 1348 3571 ut
1389 3513 1446 3569 M
1467 3513 1541 3569 al
1565 3512 1602 3569 d
1623 3531 1655 3569 0
1675 3531 1716 3569 11
1738 3514 1816 3569 at
1836 3531 1887 3580 o,
1916 3491 1918 3550 l
1946 3485 2151 3566 quibus
2177 3486 2359 3554 major
2385 3489 2506 3538 erat
2544 3489 2695 3572 tum?
2734 3485 2985 3567 “Pdims
3015 3490 3229 3566 contu?

1219 3558 1231 3580 ’
1949 3573 2146 3620 versia,
2174 3558 2364 3609 utrum
2392 3574 2506 3611 non
2535 3559 2750 3612 tuerint
2791 3576 2851 3609 111
2880 3559 3038 3611 textu
3067 3574 3230 3623 origi-

612 3604 647 3659 S
669 3621 701 3657 8
722 3602 742 3658 l
763 3621 818 3658 m
842 3620 872 3658 θ
892 3621 922 3658 Υ
942 3621 974 3659 0
996 3621 1052 3670 n,
1101 3603 1147 3658 P
1165 3622 1196 3659 Υ
1214 3621 1247 3659 8
1268 3602 1305 3659 d
1326 3620 1359 3660 0
1392 3619 1524 3659 cum
1561 3601 1887 3675 Villalpan·
1947 3626 2065 3680 nali
2092 3628 2364 3696 corrupti.
2392 3662 2458 3668 -—
2488 3628 2777 3692 Quaedam
2805 3628 2877 3681 ad
2905 3628 3230 3681 hermeneu-

610 3689 701 3755 do,
736 3690 780 3745 T
799 3690 867 3746 ol
887 3708 916 3746 e
933 3694 959 3745 t
975 3709 1025 3751 o.
1062 3692 1110 3748 A
1129 3710 1159 3747 r
1175 3691 1193 3746 i
1211 3711 1244 3747 a
1276 3691 1606 3748 Montano
1639 3692 1746 3748 etc.
1768 3689 1890 3747 Ini·
1916 3749 1919 3756 ,
1948 3699 2117 3751 ticam
2134 3700 2451 3766 spectantia
2465 3699 2897 3768 reperiunturin
2920 3699 3104 3768 op.Lu
3124 3699 3159 3751 d
3177 3715 3231 3751 o·

609 3779 763 3834 tius„
799 3778 872 3834 ab
919 3779 1045 3846 hoc⁹
1094 3798 1270 3853 quem
1317 3778 1532 3837 ultimo
1577 3778 1889 3852 posuimus
1916 3781 1919 3794 ¹
1947 3770 2094 3822 Vici
2138 3787 2169 3822 a
2209 3789 2250 3821 S.
2292 3768 2589 3824 FranCiSCO
2619 3770 2892 3834 Lusitani,
2920 3770 3054 3822 Olim
3078 3769 3227 3839 juris

611 3868 734 3923 loco
788 3867 1073 3925 ducamus
1126 3887 1258 3925 cum
1290 3867 1311 3924 i
1356 3885 1416 3924 se
1437 3867 1562 3924 suis
1586 3867 1889 3925 laboribus
1946 3840 2223 3922 1³⁰ntifi⁰ii
2252 3841 2599 3910 interpreti&
2626 3842 2759 3894 dein
2787 3843 2848 3896 Ο·
2879 3841 3031 3904 Min„
3074 3841 3229 3907 quod

741 3910 752 3930 ’
1080 3911 1091 3935 ’
1312 3887 1350 3941 p
1945 3915 2268 3980 inscrlpfflt:
2320 3915 2514 3968 Globus
2540 3932 2802 3968 canentum
2828 3923 2875 3967 et
2901 3931 3229 3967 arcanorum

611 3956 821 4012 utilem
854 3956 1173 4014 contulerit
1204 3956 1633 4031 interpretibus
1668 3975 1712 4012 s.
1735 3956 1889 4013 Scri·
1945 3983 2179 4051 linguae
2207 3987 2431 4037 sanetae
2449 3985 2638 4039 πῶν.
2654 3985 2994 4053 Scriptura&
3022 3984 3230 4036 Romae

611 4048 820 4118 pturae
884 4062 1120 4118 operam
1139 4041 1199 4124 Ι).
1247 4045 1597 4104 Benedictus
1661 4047 1710 4102 A
1729 4045 1791 4102 ri
1811 4063 1888 4102 as
1916 4083 1919 4102 .
1948 4059 2086 4110 1586
2113 4054 2171 4105 111
2198 4059 2250 4109 4.

1916 4113 1920 4134 ¹
2024 4130 2061 4194 ¹)
2088 4124 2316 4178 Praeter
2343 4125 2491 4179 hunc
2520 4129 2566 4179 A
2586 4127 2643 4179 ri
2662 4144 2765 4181 am
2792 4143 2857 4179 ex
2887 4123 3232 4195 cognomini·

1950 4198 2050 4250 bus
2078 4195 2365 4251 mentione
2392 4197 2552 4267 digni
2581 4201 2745 4251 sunt:
2775 4197 3020 4250 Didacus
3049 4195 3232 4248 Xime-

690 4274 724 4316 1,
759 4266 1108 4334 isagogicum
1151 4279 1234 4320 est
1274 4285 1418 4336 opus
1455 4268 1606 4322 Petri
1652 4269 1692 4319 L
1711 4285 1742 4319 0
1761 4286 1797 4336 p
1816 4284 1845 4319 e
1864 4287 1890 4319 z
1949 4285 2045 4320 nes
2073 4267 2291 4320 Arias
2318 4268 2381 4322 O.
2408 4269 2602 4322 Praed.
2630 4280 2676 4334 (ἡ
2704 4272 2881 4332 1578),
2922 4270 3082 4337 cujus
3118 4270 3229 4319 est:

613 4338 680 4391 de
731 4339 984 4407 Montoja
1048 4340 1376 4407 professoris
1441 4339 1892 4392 salmanticensis
1948 4342 2181 4392 Lexicon
2210 4344 2610 4394 ecclesiasticum
2636 4342 3137 4407 latinohispanicum
3165 4355 3227 4391 ex

612 4408 717 4461 hoc
744 4410 914 4462 titulo
935 4432 945 4462 z
991 4412 1071 4462 De
1096 4414 1377 4464 concordia
1402 4430 1684 4464 sacrarum
1714 4413 1891 4464 editio-
1948 4410 2114 4462 sacris
2144 4411 2349 4474 bibliis,
2366 4411 2632 4473 conciliis,
2652 4411 2982 4479 pontificum
3001 4415 3059 4463 et
3082 4410 3231 4463 theo·

611 4499 737 4533 num
765 4480 824 4537 ll.
852 4486 901 4544 2,
931 4496 1175 4548 quorum
1216 4482 1358 4534 alter
1398 4481 1650 4534 continet
1680 4484 1892 4533 contro·
1919 4477 1922 4548 1
1948 4482 2207 4550 logorum
2221 4480 2456 4535 decretis
2474 4485 2575 4534 ete.
2594 4482 2995 4536 concinnatum
3012 4482 3233 4533 servata

615 4549 823 4603 versias
846 4551 1289 4605 introductoriae
1331 4552 1403 4604 ad
1443 4552 1633 4604 studia
1660 4569 1728 4607 ss.
1769 4551 1892 4604 lite-
1920 4551 1921 4562 ¹
1950 4553 2164 4620 ubique
2195 4570 2321 4605 vera
2350 4552 2740 4621 etymologiae.
2788 4551 3231 4621 orthographiae

612 4638 802 4674 rarum
820 4642 831 4682 ς
849 4622 991 4676 alter
1007 4623 1364 4676 concordiam
1381 4623 1563 4692 ipsam
1581 4623 1892 4676 editionum
1949 4627 2003 4676 et
2056 4627 2319 4677 accentus
2362 4624 2595 4686 ratione,
2642 4623 3017 4678 Salmanticae
3065 4627 3230 4692 1572>.;

615 4693 907 4747 hebraicae
935 4697 992 4747 et
1016 4711 1249 4762 graecae
1272 4695 1733 4762 winterpretum
1762 4712 1891 4748 cum
1953 4695 2261 4748 Barcinouo
2314 4700 2467 4752 1618.
2522 4729 2587 4734 ——
2642 4695 2973 4748 Franciscus
3016 4695 3234 4747 Arias

617 4764 850 4834 vulgata
889 4764 1086 4830 latina,
1129 4765 1340 4819 Matriti
1372 4770 1528 4828 1596,
1571 4766 1723 4834 quod
1749 4783 1891 4834 opus
1920 4781 1923 4800 *
1950 4765 2004 4820 S.
2030 4768 2078 4821 J.
2112 4766 2455 4834 Hispalensis
2484 4770 2848 4838 (1533-1605),
2876 4768 3036 4834 cujus
3059 4781 3232 4835 opera
