3625 5193
419 301 457 353 4
466 301 496 352 5
511 299 540 350 7
1417 283 1695 337 Robertus
1724 282 2039 337 personina.
2913 303 2947 353 4
2959 302 2989 354 5
3003 301 3037 354 8

415 469 593 526 nius
615 464 657 547 ¹)
695 466 987 548 (PatsonS,
1024 467 1299 546 Persona)
1337 468 1400 531 S.
1431 468 1486 526 J.
1518 469 1709 543 patria
1762 472 1892 526 tur:
1930 469 2197 543 ,Magnis
2219 468 2525 526 laboribus
2547 469 3041 544 instituitjuven·

421 557 896 622 Some1·setensi8‚
940 558 1217 632 martyris
1250 556 1429 625 filius,
1464 557 1556 615 vir
1588 576 1707 615 non
1764 561 1957 614 tutem
2020 556 2267 632 Hispali,
2334 556 2682 627 vallisoleti,
2765 558 3039 628 Gadibus,

419 646 605 721 magis
639 645 909 704 doctrina
959 665 1136 720 quam
1169 645 1491 721 prudentia
1522 650 1583 703 et
1613 646 1706 704 in·
1765 645 2084 722 olisipone,
2127 645 2325 715 Duaci,
2350 646 2687 714 Andomari,
2725 647 3041 705 Romae...

419 736 701 811 tegritate
752 735 909 792 vitae
959 734 1292 803 laudabilis,
1337 735 1441 808 qui
1490 734 1552 792 in
1585 738 1707 793 An·
1763 753 1883 810 quo
1917 734 2150 793 vindice
2183 739 2244 793 et
2273 737 2523 810 patrono
2555 735 2824 794 veritatis
2858 736 3041 795 hosti-

417 825 538 900 glia
569 825 792 882 multos
840 844 874 881 a
919 823 1237 882 catholicae
1287 823 1421 882 fidei
1454 824 1707 881 veritate
1763 843 1863 882 um
1909 824 2131 898 passim
2177 825 2474 900 exagitata
2518 825 2838 895 temeritas,
2873 825 3043 884 libris

421 913 762 971 aberrantes
808 913 879 970 ad
941 912 1101 970 viam
1164 912 1378 971 salutis
1441 912 1704 981 reduxit3
1764 912 2000 988 seriptis
2045 913 2550 988 sermonibusque,
2603 913 2811 983 literiS,
2846 933 3083 972 exem·-

424 1001 704 1078 plurimos
741 1001 1052 1059 catholicos
1088 1000 1469 1070 confirmavit,
1516 1002 1704 1060 incre·
1762 1001 1880 1077 plis
1911 1001 2147 1060 defensa
2180 1002 2410 1078 religi0‚
2444 1005 2703 1059 recreata
2737 1003 3040 1072 sanctitas,

417 1090 629 1149 dibiles
684 1091 912 1149 labores
963 1090 1229 1165 pertulit,
1293 1090 1452 1148 vitae
1503 1090 1706 1148 discri-
1762 1109 1897 1148 cum
1960 1090 2118 1148 inter
2167 1090 2309 1149 haec
2358 1092 2488 1165 ipse
2533 1091 2757 1149 nullam
2808 1094 3044 1166 'caperet

423 1179 578 1237 mina
613 1197 1033 1254 saepenumero
1066 1178 1271 1236 adivit.
1338 1179 1707 1254 Perquisitus
1761 1182 1996 1255 partem
2028 1198 2333 1238 concessae
2355 1179 2593 1254 quietiS,
2626 1180 2860 1238 nullum
2883 1201 2916 1238 a
2937 1199 3044 1240 suo

421 1268 492 1326 ad
523 1287 724 1327 necem
764 1271 824 1325 et
855 1267 1129 1326 omnibus
1165 1267 1398 1327 indiciis
1419 1272 1598 1343 atque
1615 1269 1706 1326 in·
1763 1267 1954 1342 capite
1984 1272 2288 1327 recusaret
2331 1268 2649 1326 discrimen
2694 1268 3045 1328 honestissi-

419 1357 629 1433 dagine
665 1358 1024 1431 exploratus,
1071 1357 1344 1432 vestigiis
1377 1357 1705 1432 deprehen·
1760 1375 1891 1414 mae
1922 1356 2300 1426 defensionis,
2335 1375 2566 1432 semper
2596 1363 2859 1432 paratae,
2894 1376 3044 1416 sem-

418 1465 540 1512 suS,
592 1445 905 1504 fraudibus
958 1447 1397 1504 circumventus
1448 1466 1514 1504 ac
1557 1465 1706 1521 pene
1763 1451 2148 1521 pe1·erectu3‚
2198 1465 2429 1522 semper
2468 1446 2720 1503 mediam
2751 1446 3041 1505 flammam

429 1535 501 1592 ab
534 1535 844 1592 haereticis
878 1538 1086 1610 captus
1118 1534 1351 1592 divinae
1385 1538 1705 1610 protectio·
1761 1535 2289 1609 periculosissimae
2336 1534 2785 1593 concertationis
2828 1535 3044 1593 irrum-

435 1625 528 1681 nis
562 1623 843 1682 beneficio
868 1642 1041 1698 saepe
1062 1623 1348 1681 liberatus
1368 1630 1475 1692 est,
1499 1629 1568 1682 ut
1587 1642 1707 1682 non
1760 1642 1926 1699 pena,
1959 1625 2191 1682 animae
2212 1642 2458 1700 magnae
2487 1623 2774 1699 prodigus
2805 1625 3043 1683 omnino

425 1711 1005 1781 semeltantum,sed
1026 1713 1704 1788 pertotamvitamquo-
1763 1713 1856 1771 vir
1886 1710 2120 1795 etc.1).‘
2184 1713 2450 1770 Plurima
2502 1708 2690 1794 (ultra
2741 1708 2851 1792 40)
2904 1717 3046 1771 sunt

417 1801 730 1872 dammodo
782 1805 1012 1876 martyr
1055 1801 1221 1859 fieret
1260 1802 1707 1877 multorumque
1761 1803 2027 1875 ejusdem
2062 1802 2345 1878 opuscula
2375 1801 2674 1859 occasione
2707 1806 3044 1860 controver-

422 1895 750 1966 martyrum
783 1895 970 1965 pater,
1011 1890 1403 1948 collabantem
1435 1894 1563 1949 tota
1584 1895 1705 1949 An·
1763 1890 2205 1949 siarumindies
2225 1891 2664 1948 occurrentium
2693 1890 2788 1948 vel
2809 1892 3043 1967 impug-

420 1979 543 2055 glia
572 1978 919 2054 religionem
969 1979 1317 2037 catholicam
1365 1979 1603 2037 fulciret
1647 1983 1708 2037 et
1762 1980 2073 2037 nationum
2109 1979 2202 2037 vel
2233 1979 2661 2036 calumniarum
2696 1979 3043 2037 diffusarum

419 2067 546 2126 suis
579 2066 1008 2142 quodammodo
1057 2068 1316 2126 humeris
1363 2068 1706 2126 sustineret.
1761 2069 1979 2142 partim
2013 2068 2244 2144 anglice
2278 2062 2698 2146 conscripta2).
2735 2087 2803 2126 ex
2826 2068 3043 2143 quibus

424 2156 750 2214 Seminaria
794 2155 1215 2215 catholicorum
1263 2156 1705 2215 adolescentum
1762 2156 2095 2214 nominasse
2159 2155 2447 2213 sufficiat:
2512 2156 2598 2213 De
2651 2159 3043 2227 persecutione

419 2246 736 2322 anglorum
782 2246 997 2303 Romae
1028 2262 1095 2302 ac
1127 2245 1363 2303 Rhamis
1410 2246 1575 2320 prius
1610 2245 1702 2304 in·
1763 2245 2067 2321 anylicana
2100 2245 2154 2314 1.,
2204 2263 2324 2319 quo
2369 2244 2740 2319 explicantur
2772 2244 3042 2303 afflictio-

425 2336 654 2404 stituta,
689 2353 762 2391 ne
795 2333 889 2392 vel
921 2333 1179 2392 hostiurn
1201 2334 1337 2392 fidei
1364 2334 1595 2410 impetu
1615 2337 1705 2391 at·
1762 2351 1885 2402 nes,
1920 2333 2301 2401 calamitates,
2336 2333 2633 2390 cruciatus
2678 2335 2738 2391 et
2787 2333 3042 2390 acerbis-

423 2441 538 2498 que
573 2422 803 2480 insidiis
824 2422 1175 2481 labefactata
1208 2423 1581 2482 conciderent
1615 2423 1709 2480 vel
1763 2421 1913 2482 sima
1926 2422 2230 2497 martyria,
2248 2420 3043 2498 quaeAnglicatholicinunc

423 2529 622 2569 rerum
675 2512 874 2587 inopia
903 2511 1293 2580 tabescerent,
1329 2513 1589 2571 multum
1619 2513 1702 2570 la·
1762 2511 1837 2570 ob
1869 2511 2043 2569 fidem
2074 2511 2410 2586 patiuntur,
2446 2510 2660 2568 Romae
2690 2518 2851 2571 1582
2889 2510 2952 2568 in
2977 2520 3041 2582 ὃς

423 2602 672 2671 bor-avit,
725 2605 787 2659 et
835 2601 950 2660 alia
1000 2602 1314 2659 seminaria
1366 2602 1599 2676 Hispali
1649 2604 1709 2659 et
1772 2602 2138 2673 Quae-stiones
2167 2602 2333 2668 duae,
2368 2618 2621 2675 quarum
2661 2611 2711 2662 1.
2741 2604 2848 2668 est,
2874 2620 2947 2658 an
2969 2600 3040 2657 li-

424 2689 654 2748 Pinciae
686 2689 749 2748 in
781 2689 1084 2765 Hispania,
1137 2693 1198 2747 et
1231 2692 1386 2765 apud
1423 2710 1466 2748 s.
1501 2691 1704 2749 Audo—
1764 2694 1892 2748 ceat
1924 2689 2228 2748 catholicis
2283 2688 2608 2766 anglicanis
2656 2688 2833 2746 rebus
2867 2690 2949 2747 sic
2983 2707 3044 2746 se

423 2798 653 2837 marum
698 2779 959 2855 Philippi
991 2778 1066 2836 II.
1099 2779 1520 2855 Hispaniarum
1551 2780 1707 2855 regis
1763 2779 2124 2837 habentibus
2171 2782 2231 2836 et
2275 2778 2631 2854 magistratu
2662 2777 2900 2853 publico
2933 2777 3045 2836 sub

424 2867 701 2925 catholici
753 2867 1111 2925 liberalitate
1160 2867 1403 2926 excitari
1458 2868 1709 2925 curavit.
1764 2867 2135 2943 gravissimis
2167 2867 2372 2943 poenis
2416 2866 2479 2924 id
2520 2866 2789 2941 exigente
2820 2870 3046 2942 protes·

426 2956 514 3012 Ad
565 2956 707 3013 haec
767 2961 966 3014 autem
1031 2956 1308 3014 omnibus
1370 2956 1564 3025 animi,
1618 2956 1709 3014 in·
1764 2957 2026 3014 tantium
2061 2955 2339 3014 ecclesias
2385 2956 2478 3013 vel
2528 2973 2728 3030 preces
2762 2956 2954 3025 adire3
2992 2964 3046 3018 2.

423 3046 583 3120 genii
647 3046 1027 3120 corporisque
1090 3045 1330 3103 dotibus
1378 3046 1712 3103 instructus
1763 3045 2660 3119 utrumnonsiprecibufflutrum
2675 3044 3049 3104 concionibus

425 3136 556 3190 erat
604 3133 769 3203 adeo,
818 3138 888 3191 ut
937 3134 1030 3191 vir
1079 3134 1151 3191 ad
1213 3133 1501 3211 ejusmodi
1556 3133 1713 3191 bella
1768 3135 1978 3193 saltem
2029 3133 2341 3207 haereticis
2391 3133 2464 3191 ad
2514 3134 2745 3192 easdem
2778 3133 3050 3191 vitandas

431 3240 590 3279 sacra
640 3240 706 3279 eo
752 3223 963 3280 melior
1014 3223 1210 3281 animo
1262 3226 1323 3281 et
1355 3223 1712 3299 cogitatione
1767 3242 1985 3300 poenas
2016 3222 2181 3280 licite
2211 3222 2446 3298 possint
2497 3223 2780 3280 interesse
2830 3240 3048 3296 easque

428 3310 573 3386 fingi
608 3311 701 3367 vix
737 3311 1014 3386 potuerit.
1066 3311 1158 3369 Ad
1197 3312 1372 3370 finem
1406 3331 1594 3387 usque
1625 3312 1713 3369 vi·
1767 3312 2004 3371 audire:
2039 3311 2102 3370 in
2134 3314 2385 3385 utraque
2420 3312 2767 3384 quaestione
2787 3329 2924 3384 pars
2944 3329 3046 3368 ne·
3119 3341 3124 3349 ·

429 3403 525 3457 tae
561 3394 690 3480 (15.
724 3404 864 3474 Apr.
907 3396 1101 3481 1616)
1133 3402 1328 3460 totum
1378 3419 1439 3459 se
1485 3400 1712 3476 impen-
1768 3401 1967 3478 gativa
2027 3399 2236 3457 multis
2302 3400 2669 3474 argumentis
2745 3399 3046 3468 asseritur,

427 3488 519 3545 dit
549 3494 728 3564 atque
763 3488 1239 3564 superimpendit
1278 3489 1457 3548 saluti
1489 3490 1713 3565 patriae
1768 3488 2092 3548 Andomari
2148 3499 2350 3555 1607„
2415 3487 2485 3544 de
2535 3507 2653 3562 quo
2700 3490 3050 3564 argumento

432 3595 588 3639 suae.
653 3576 837 3635 nullis
898 3596 1143 3652 parcens
1222 3579 1541 3647 laboribuS,
1606 3578 1712 3636 iti-
1768 3578 2051 3636 disseruit
2083 3594 2319 3651 quoque
2352 3576 2597 3651 anglice.
2657 3575 2768 3634 The
2800 3576 2961 3634 Book
2991 3576 3061 3648 of

427 3666 689 3735 neribus,
742 3666 1053 3742 periculis:
1115 3686 1222 3725 nec
1285 3668 1476 3725 solum
1540 3685 1714 3743 opere
1770 3668 2097 3726 Resolution
2131 3683 2199 3722 or
2235 3661 2529 3722 Christian
2560 3666 2886 3740 De’rectooy,
2937 3665 3048 3722 Ro-

433 3755 533 3811 sed
568 3761 627 3812 et
679 3755 915 3825 calam0,
969 3755 1128 3813 unde
1180 3756 1393 3814 merito
1426 3755 1498 3813 de
1530 3774 1597 3814 eo
1630 3756 1713 3814 af·-
1770 3754 1995 3832 tomagi
2036 3762 2220 3822 1583,
2275 3753 2616 3829 saepissime
2666 3754 2955 3828 variisque
2990 3754 3051 3811 in

430 3842 690 3901 firmavit
752 3842 1069 3902 cardinalis
1121 3844 1376 3902 Alanus:
1445 3845 1547 3912 ,R
1601 3845 1712 3902 Ro·
1770 3845 1912 3904 locis
1949 3843 2173 3902 editum
2195 3843 2336 3900 etin
2356 3842 2550 3901 varias
2590 3843 2827 3920 linguas
2860 3848 3052 3901 trans·

430 3931 582 3989 berti
635 3933 904 3991 Personii
984 3933 1298 4002 industria,
1377 3933 1711 4008 prudentia,
1770 3935 1989 4003 latum3
2044 3935 2100 3989 Α
2134 3934 2365 3990 treatise
2396 3935 2467 4006 of
2487 3933 2640 3990 three
2671 3934 3054 3990 conversiones

432 4020 607 4079 zelus,
667 4021 730 4079 in
793 4021 1102 4080 scribendo
1165 4026 1226 4080 et
1287 4023 1513 4098 agendo
1576 4022 1714 4080 dex·
1771 4022 2123 4098 ofEnyland
2155 4022 2306 4095 from
2320 4023 2737 4097 payanismeto
2760 4020 3054 4079 Christian

431 4110 641 4167 tei-itas
695 4128 927 4168 omnem
982 4115 1225 4185 superat
1274 4110 1506 4172 fidem.‘
1570 4110 1715 4186 Ejus
1773 4112 2032 4188 Reliyion
2096 4106 2241 4189 (scil.
2289 4110 2706 4185 Apostolorum
2768 4112 3053 4184 tempore,

432 4199 639 4256 merita
670 4203 730 4256 et
763 4199 1022 4257 virtutes
1054 4203 1442 4258 recensentur
1494 4199 1558 4257 in
1589 4199 1713 4275 epi·
1771 4200 1908 4257 dein
1942 4199 2054 4257 sub
2087 4199 2268 4257 Lucio
2319 4217 2457 4274 rege
2491 4201 2551 4257 et
2584 4198 2927 4257 Eleutherio
2959 4217 3053 4256 ro-

432 4288 652 4362 taphio,
671 4287 830 4362 quod
846 4288 976 4363 ejus
997 4293 1379 4347 monumento
1414 4288 1476 4345 in
1494 4289 1716 4364 Anglo—

429 4393 561 4433 rum
603 4377 852 4452 collegio
886 4376 1099 4435 Romae
1132 4382 1326 4436 erecto
1360 4376 1714 4452 inscriptum
1849 4406 1888 4473 ι)
1917 4403 2087 4457 Plura
2114 4404 2182 4457 de
2209 4405 2331 4471 ejus
2371 4404 2493 4456 vita
2531 4402 2841 4473 apostolica
2869 4402 2938 4458 of·
2966 4419 3054 4471 ap·

433 4463 701 4539 legimus,
737 4465 800 4523 in
834 4484 952 4540 quo
987 4465 1145 4524 inter
1176 4465 1291 4524 alia
1323 4466 1464 4524 haec
1495 4466 1715 4524 haben·
1771 4474 2108 4528 Juvencium
2139 4474 2281 4527 Hist.
2310 4474 2427 4527 Soc.
2455 4474 2507 4527 J.
2533 4493 2587 4543 p.
2615 4474 2718 4529 5.l.
2737 4478 2819 4531 13.
2843 4477 2953 4539 §80
2969 4490 3056 4529 sa:

1773 4546 2010 4608 Tanner,
2041 4546 2287 4599 Societas
2313 4546 2419 4599 Jes.
2463 4545 2846 4614 apostolorum
2873 4543 3059 4597 imita-

1773 4617 1884 4669 trix
1911 4635 1967 4685 p.
1996 4621 2101 4674 399
2132 4635 2198 4670 ss.
2229 4619 2331 4670 etc,

507 4692 545 4759 ¹)
572 4687 863 4758 Distingui
913 4688 1035 4757 ipse
1087 4688 1257 4742 debet
1306 4705 1339 4741 a
1392 4687 1715 4741 doctissimo
1853 4694 1892 4757 ἲ)
1921 4689 2001 4741 Cf.
2045 4688 2457 4756 Sonimervogel
2500 4688 2593 4761 VI,
2632 4691 2915 4743 292—319
2956 4685 3059 4737 sub

431 4756 644 4812 Joanne
680 4760 722 4812 P
739 4776 768 4813 e
785 4776 901 4813 ars
918 4775 951 4813 o
970 4778 1006 4812 n
1027 4758 1094 4812 io
1122 4759 1427 4831 (Personio)
1454 4758 1717 4827 episcopo
1776 4776 1832 4813 n.
1859 4764 1959 4816 49:
1986 4758 2324 4826 Roskovany
2356 4760 2421 4822 Il,
2449 4763 2583 4817 530:
2612 4758 2815 4812 Gillow
2841 4758 2906 4822 V,
2934 4761 3061 4812 273-

433 4831 731 4899 anglicano
758 4831 1045 4885 cestriensi
1074 4838 1120 4896 (†
1147 4834 1322 4901 1686).
1779 4833 1902 4887 287.
