3625 5193
1272 219 1429 284 Colli,
1457 220 1619 286 Rani,
1649 220 1735 275 de'
1753 220 2102 277 Cancellieri.

373 240 498 293 653
2872 240 2997 293 654

369 407 499 465 bero
548 407 811 476 arbitrio,
866 406 1105 464 Parisiis
1165 415 1326 472 1609
1380 405 1445 463 16
1480 415 1534 468 8.
1568 439 1656 450 --
1715 403 1778 486 (†
1815 415 1869 467 2.
1902 406 2050 469 Nov.
2093 416 2255 469 1640
2292 427 2342 464 a.
2375 407 2591 467 aetatis
2630 402 2753 486 72).
2789 408 2998 484 Operis

369 496 595 554 Harum
645 495 1183 554 controversiarum
1214 494 1514 554 occasione
1548 514 1653 554 no·
1711 494 1930 554 titulus
1962 498 2080 553 est:
2144 495 2449 554 Resolutio
2481 497 2550 554 de
2580 497 2746 554 modo
2779 499 2998 556 eviden-

373 585 694 643 minandus
744 588 836 642 est
881 584 1058 642 etiam
1107 583 1450 642 Franciscus
1500 584 1655 643 Col·
1712 591 1799 642 ter
1833 585 2100 657 possibili
2148 584 2784 644 transubstantiationis
2827 588 2998 661 panis

370 674 529 732 lius
563 693 593 732 e
625 673 1077 750 congregatione
1098 672 1446 732 Oblatorum
1477 659 1654 732 natus
1711 677 1772 731 et
1817 673 1941 731 vini
1987 673 2050 732 in
2101 678 2537 732 sacrosanctum
2583 674 2817 732 Domini
2849 676 3000 736 Jesu

368 781 549 838 prope
581 762 927 832 Lucianum,
960 779 1119 820 unus
1166 781 1198 820 6
1248 761 1485 838 collegii
1530 782 1650 820 am·
1712 781 1927 838 corpus
1973 767 2034 821 et
2075 758 2504 842 sanguinem¹)‚
2555 763 2781 821 Patavii
2830 775 2993 829 1640

367 852 626 910 brosiani
646 850 992 909 doctoribus
1016 846 1312 931 (†1640)‚
1346 850 1450 926 qui
1464 870 1653 926 quan·
1711 850 1771 908 in
1807 862 1878 920 43
1912 871 2044 911 mox
2076 852 2293 927 adiecit
2323 852 2769 927 Responsionem
2799 854 2873 912 ad
2893 856 2996 914 ob·

368 939 502 998 dam
548 939 808 999 nominis
855 939 1260 999 celebritatem
1306 943 1399 999 est
1439 942 1653 999 nactus
1704 942 1989 1016 jectiones
2035 945 2165 1012 etc.,
2219 942 2297 999 ib.
2339 951 2524 1003 1640.
2585 941 2729 1016 Ejus
2761 948 2997 1002 senten-

368 1030 659 1106 singulari
690 1034 751 1087 et
783 1048 912 1088 raro
934 1047 1125 1104 opere,
1162 1029 1320 1103 quod
1352 1029 1654 1104 inscripsit
1709 1031 1854 1088 tiam
1917 1031 2298 1107 impugnavit
2357 1029 2616 1088 Joannes
2667 1031 2731 1090 B.
2787 1032 2995 1091 Chia-

367 1114 439 1176 de
510 1118 819 1177 animabus
890 1136 1274 1195 payanorum,
1338 1118 1654 1177 Mediolani
1709 1122 1930 1178 vetta
1982 1117 2042 1200 (†
2100 1116 2292 1199 1664)
2345 1119 2409 1176 in
2466 1119 2728 1183 Trutina.
2780 1140 2897 1196 qua
2940 1121 2996 1180 J.

375 1216 558 1270 1622.
600 1215 763 1269 1623
799 1226 854 1268 v.
891 1216 925 1269 2
960 1207 1025 1265 in
1059 1218 1134 1276 4.‚
1156 1225 1434 1266 recusum
1467 1217 1649 1277 1740,
1711 1208 1920 1266 Balli
1967 1209 2262 1267 sententia
2308 1227 2376 1266 eo
2409 1208 2445 1265 l.
2480 1210 2772 1279 contenta,
2825 1213 2997 1286 cujus

365 1296 429 1354 in
478 1314 597 1371 quo
643 1296 788 1371 quid
838 1296 910 1354 (16
961 1315 1165 1354 earum
1216 1297 1407 1355 salute
1440 1297 1654 1371 conjici
1709 1298 1930 1356 titulus
1993 1300 2111 1356 est:
2175 1298 2463 1373 Aeniyma
2523 1298 2862 1356 dissolutum
2930 1300 2998 1358 de

365 1386 560 1460 possit
588 1384 872 1460 inquirit3
907 1389 1134 1460 septem
1155 1385 1535 1460 antiquitatis
1557 1404 1650 1444 sa·

366 1475 596 1550 pientes
646 1474 839 1532 salvos
900 1474 1196 1550 opinatur,
1250 1473 1651 1551 Pythagoram

365 1582 521 1633 vero,
555 1563 938 1622 Aristotelem
972 1564 1236 1638 aliosque
1269 1564 1652 1639 philosophos

366 1652 608 1710 damnat
623 1648 687 1733 ¹).
753 1652 896 1727 Ejus
943 1671 1182 1727 quoque
1233 1655 1377 1710 sunt
1413 1653 1650 1711 Conclu-

365 1744 551 1799 siones
595 1741 948 1818 theoloqicae,
993 1750 1157 1803 1619
1192 1740 1256 1797 in
1291 1751 1361 1810 43
1408 1746 1468 1799 et
1499 1746 1651 1799 trac-

364 1833 527 1889 tatus
559 1830 735 1905 plane
769 1829 1041 1888 eruditus
1088 1849 1154 1887 ac
1198 1849 1370 1888 rarus
1417 1832 1484 1888 de
1513 1849 1649 1889 san-

359 1921 533 1995 quine
597 1915 900 2000 Chr-istst),
975 1918 1291 1976 Mediolani
1360 1928 1525 1982 1612
1592 1925 1652 1979 et

371 2018 534 2070 1617
573 2007 637 2065 in
671 2018 725 2069 4.
759 2042 845 2049 ——
880 2007 1192 2083 Singulare
1234 2027 1471 2082 quoque
1505 2027 1652 2084 opus

364 2096 436 2154 (16
499 2096 875 2164 eucharistia,
939 2097 1200 2154 fructum
1252 2096 1653 2156 meditationis

368 2195 446 2247 30
483 2203 772 2243 annorum
802 2185 1247 2259 multarumque
1298 2185 1651 2261 disputatio·

364 2292 525 2342 num,
577 2274 640 2332 in
689 2275 881 2332 lucem
914 2273 1209 2349 publicam
1253 2275 1452 2333 emisit
1482 2275 1651 2333 Jose·

364 2363 518 2439 phus
551 2363 760 2421 Balli
794 2357 918 2443 (vel
952 2358 1143 2444 Ballo)
1177 2363 1649 2435 PanormitanuS,

365 2451 675 2509 canonicus
707 2451 989 2520 barensiS,
1042 2451 1147 2526 qui
1197 2451 1311 2509 sibi
1345 2453 1407 2510 in
1440 2452 1651 2529 Hispa-

361 2541 460 2599 nia
522 2539 864 2600 doctoratus
927 2543 1338 2616 promeruerat
1390 2542 1650 2601 lauream

439 2720 476 2775 ¹)
506 2712 792 2766 Prolixam
837 2710 1126 2779 synopsim
1178 2710 1407 2765 exhibet
1456 2712 1652 2781 Dupin

362 2783 537 2848 XVII,
566 2788 668 2840 109
695 2801 780 2845 ss.,
810 2799 983 2849 quam
1004 2782 1087 2834 ita
1106 2782 1424 2836 concludit:
1457 2784 1654 2844 „Voila

362 2856 438 2908 les
466 2856 643 2924 sujets
671 2870 782 2922 que
821 2857 910 2906 cet
936 2854 1157 2906 Autem·
1196 2870 1228 2906 a
1274 2853 1481 2907 choisis
1507 2872 1654 2923 pour

361 2942 586 2981 exercer
612 2942 671 2978 sa
696 2925 892 2993 plume
920 2926 977 2977 et
1001 2940 1148 2992 pour
1177 2925 1316 2978 faire
1337 2928 1559 2979 montre
1583 2925 1651 2980 de

362 3016 462 3052 son
491 2996 806 3054 eruditiom
850 3012 944 3049 car
987 2998 1021 3048 a
1064 2998 1429 3063 proprement
1467 2996 1653 3067 parler

362 3086 461 3123 son
489 3070 748 3135 Ouvrage
776 3070 831 3118 n‘
850 3068 934 3119 est
962 3068 1149 3134 qu'un
1168 3068 1270 3133 Jeu
1299 3067 1567 3136 d'esprit,
1594 3072 1652 3121 et

362 3158 439 3192 un
468 3137 695 3194 Recfieil
734 3136 843 3190 fait
867 3153 998 3191 avec
1039 3140 1128 3190 art
1154 3139 1249 3191 des
1275 3139 1527 3206 panaces,
1554 3137 1652 3192 des

362 3211 798 3336 {33³3330‘1‘53s'3
818 3209 956 3348 ‘¹539
965 3209 1653 3349 2223332¹2⁶03¹32s212¹5193

363 3353 504 3408 Dieu
526 3356 560 3406 a
579 3353 677 3421 qui
701 3352 822 3405 seul
842 3350 1170 3421 appartient
1184 3351 1241 3405 la
1257 3352 1652 3406 connaissance

360 3427 418 3478 et
442 3427 495 3480 le
513 3425 817 3494 jugement
855 3422 933 3475 du
974 3424 1090 3475 sort
1129 3422 1337 3476 61611161
1378 3423 1473 3476 (168
1512 3439 1652 3477 mor-

362 3496 484 3549 1618.
541 3495 581 3547 ll
622 3512 660 3562 y
701 3512 734 3547 a
771 3493 1130 3546 neantmoins
1167 3493 1298 3547 bien
1334 3494 1428 3548 des
1457 3495 1651 3549 choses

361 3567 532 3621 utiles
574 3570 632 3619 et
669 3565 950 3618 curienses
993 3564 1135 3617 dans
1160 3564 1213 3618 le
1240 3564 1404 3618 Livre
1432 3566 1498 3618 de
1528 3564 1650 3619 Col-

361 3637 489 3691 lius.
522 3637 565 3689 11
592 3639 678 3691 681
704 3636 836 3690 bien
863 3634 1019 3699 ecrit,
1047 3636 1204 3705 plein
1232 3636 1298 3691 de
1325 3637 1649 3690 recherches

362 3712 418 3763 et
442 3710 512 3762 (16
540 3707 823 3767 citationes,
851 3708 901 3760 Il
926 3723 995 3759 ne
1023 3723 1080 3759 se
1101 3707 1337 3761 hasarde
1357 3724 1461 3775 pas
1490 3709 1651 3762 beau-

361 3797 525 3850 coup,
553 3782 612 3832 et
637 3778 725 3833 s’il
765 3794 977 3832 avance
1019 3778 1289 3846 quelques
1318 3778 1649 3843 Paradoxes‚

360 3850 400 3903 il
427 3867 498 3903 ne
525 3850 606 3905 les
634 3853 819 3903 donne
856 3865 966 3916 que
989 3865 1133 3918 pour
1161 3850 1257 3903 des
1284 3850 1650 3922 conjectureS‚

361 3926 418 3975 61
443 3924 683 3992 apporte
705 3921 962 3990 tofijours
979 3920 1222 3988 quelque
1239 3923 1650 3989 temperament

360 3995 392 4046 a
417 4010 501 4046 ses
529 3992 824 4047 decisions.
853 3992 925 4045 Ce
955 3992 1118 4044 Livre
1146 3994 1230 4045 est
1256 3993 1475 4046 devenu
1502 4010 1650 4058 rare,

361 4067 417 4117 et
445 4064 574 4118 bien
605 4064 701 4117 des
726 4080 864 4131 gens
896 4080 952 4116 se
974 4065 1104 4116 sont
1131 4062 1304 4116 servis
1339 4063 1407 4116 de
1428 4080 1531 4117 son
1552 4082 1649 4118 au·

360 4135 529 4188 torite
556 4152 684 4188 sans
710 4134 910 4188 l’avoir
934 4134 1045 4187 lust‘
1101 4132 1311 4187 Eodem
1341 4136 1454 4188 fere
1480 4135 1647 4189 modo
1703 4134 2089 4201 Mazzuchelli‚
2142 4134 2402 4189 Scrittori
2455 4134 2580 4190 ital.
2632 4141 2669 4191 t.
2724 4139 2831 4191 III:

359 4206 582 4273 judicat
605 4207 664 4260 et
687 4205 869 4259 Feller
896 4205 988 4271 111,
1016 4210 1101 4260 27.

432 4284 473 4340 ²)
507 4277 837 4346 „Pregevole
889 4292 1092 4330 ancora
1143 4276 1173 4328 6
1223 4276 1426 4330 l'altra
1477 4294 1648 4347 opera

361 4347 507 4401 dello
555 4351 727 4402 stesso
773 4350 971 4402 autore
1021 4352 1083 4401 de
1131 4353 1385 4415 sanquine
1432 4352 1648 4413 (Vn-isti,

1709 1386 1882 1445 modo
1914 1387 2238 1445 exsistendi
2272 1386 2489 1444 Christi
2523 1386 2588 1443 D.
2624 1387 2736 1444 sub
2770 1389 2996 1462 specie-

1710 1474 1822 1534 bus
1862 1475 2034 1550 panis
2079 1479 2140 1534 et
2172 1475 2297 1534 vini
2345 1475 2408 1533 in
2439 1494 2571 1551 aug.
2605 1476 2998 1537 eucharistiae

1709 1568 2095 1634 sacramento,
2159 1565 2231 1622 ad
2283 1564 2706 1638 aequissimum
2753 1584 3000 1626 examen

1708 1654 2078 1728 expenditur,
2115 1653 2501 1730 Monteregali
2530 1664 2695 1717 1643
2714 1654 2777 1711 in
2800 1664 2874 1724 4.,
2893 1657 2997 1731 qui

1708 1744 1902 1800 tamen
1916 1742 2060 1801 libe1
2084 1742 2421 1818 prohibitus
2438 1742 2555 1800 fuit
2570 1742 2724 1804 decr.
2749 1754 2771 1805 1
2790 1753 2843 1806 2.
2861 1745 2997 1820 Maj.

1717 1840 1788 1892 16
1804 1841 1901 1893 55.
1937 1831 2071 1889 Alia
2090 1831 2358 1906 ejusdem
2379 1850 2571 1906 ,opera
2592 1835 2763 1890 sunt:
2797 1834 2884 1890 De
2909 1836 2996 1907 fe-

1706 1921 1994 1978 cunditate
2027 1921 2137 1978 Dei
2169 1923 2327 1978 circa
2350 1921 2759 1995 productiones
2790 1924 2870 1981 ad
2900 1942 2996 1981 ex-

1708 2015 1821 2080 tra,
1874 2009 1950 2066 ib.
1994 2019 2156 2070 1635
2213 2010 2277 2066 16
2312 2019 2381 2079 4;
2434 2009 2876 2070 Demonstratio
2931 2014 3000 2070 de

1709 2105 1864 2155 motu
1897 2115 2205 2170 corporum
2236 2099 2511 2166 naturali,
2544 2099 2624 2157 ib.
2667 2109 2864 2169 1635;
2898 2120 2995 2159 as·

1707 2187 1981 2244 sertiones
2012 2188 2390 2263 apoloyeticae-
2434 2204 2569 2244 cum
2615 2187 2739 2245 suis
2784 2188 2997 2247 diluci-

1707 2274 2048 2334 dationibus
2070 2295 2175 2350 pro
2212 2275 2698 2334 scholasticorum
2718 2294 2996 2337 reveren-

1706 2365 1792 2422 tia
1834 2369 2119 2434 exaratae,
2168 2364 2246 2426 ib.
2289 2374 2444 2425 1641
2502 2364 2563 2421 in
2601 2375 2654 2425 4.
2689 2397 2774 2406 —
2807 2367 2997 2441 Spiri-

1707 2467 1883 2511 tuum
1913 2452 2223 2512 facultates
2254 2452 2403 2521 fuse,
2453 2453 2759 2513 subtiliter
2808 2461 2869 2513 et
2899 2475 2994 2515 ac·

1708 2545 1909 2602 curate
1943 2539 2247 2624 discutit2)
2283 2541 2617 2617 Stephanus
2650 2542 2804 2602 Bub
2824 2545 2996 2605 alus

1708 2633 1789 2690 de
1823 2632 2294 2691 Cancellariis
2328 2628 2450 2713 (del
2489 2632 2699 2690 Bufalo
2740 2634 2992 2693 de'Can-

1708 2717 1957 2801 cellieri)
1994 2721 2048 2779 S.
2070 2721 2125 2779 J.
2158 2722 2455 2779 Romanus
2490 2740 2665 2796 opere
2703 2722 2994 2783 Commen-

1708 2813 1990 2868 tationum
2023 2812 2411 2888 anyelicarum
2444 2811 2509 2868 in
2529 2810 2870 2871 universam
2892 2832 2998 2872 an-

1707 2900 1883 2976 gelici
1914 2898 2171 2958 doctoris
2203 2900 2623 2959 tractationem
2659 2901 2729 2959 de
2752 2903 2999 2978 angelis,

1706 2987 1986 3065 Lugduni
2026 2997 2189 3050 1622
2227 2993 2267 3045 1.
2310 2999 2361 3049 1.
2396 2989 2458 3046 16
2499 3001 2522 3050 1
2566 3009 2620 3064 p.
2653 3008 2708 3065 q.
2735 3001 2994 3053 50——54

1708 3078 1771 3135 in
1801 3077 1841 3136 f.
1873 3077 1996 3135 Alii
2018 3077 2136 3135 duo
2156 3077 2320 3147 tomi,
2356 3096 2502 3152 quos
2529 3079 2821 3153 cogitasse
2854 3081 2996 3138 dici-

1709 3169 1809 3225 tur
1842 3167 1996 3224 sicut
2028 3168 2087 3224 et
2107 3166 2223 3223 alia
2242 3166 2502 3240 ejusdem
2537 3169 2796 3225 auctoris
2820 3187 2998 3244 opera

1707 3274 1827 3313 non
1859 3255 2227 3330 prodierunt.
2290 3256 2382 3313 Ita
2429 3256 2498 3311 de
2532 3273 2599 3314 60
2632 3256 2840 3314 scribit
2871 3259 2996 3314 An-

1708 3345 1878 3402 dreas
1913 3344 2042 3402 Vic
2063 3347 2180 3402 tor
2199 3344 2371 3401 elli:
2410 3343 2745 3409 ¹,Romanae
2777 3345 2993 3403 nobili-

1705 3434 1849 3491 tatis
1884 3434 2316 3499 ornamentum,
2351 3432 2554 3506 magni
2585 3433 2844 3491 nominis
2868 3435 2996 3508 phi·

1707 3522 1990 3596 losophus
2040 3520 2471 3595 theologusque
2506 3521 2719 3578 Romae
2754 3523 2996 3596 juvenis

1707 3609 2139 3685 philosophiam
2191 3609 2403 3667 docens
2437 3609 2853 3682 adolescentes,
2888 3612 2994 3686 qui

1706 3698 1881 3757 modo
1932 3697 2170 3773 fulgent
2218 3697 2282 3754 in
2332 3716 2619 3773 purpura,
2672 3698 2995 3775 discipulos

1710 3787 1934 3845 habuit.
1998 3786 2226 3843 Patavii
2272 3786 2603 3861 Romaeque
2649 3788 2710 3846 in
2757 3806 2998 3848 romano

1785 4067 1822 4136 ¹)
1850 4064 1997 4118 Balli
2047 4066 2291 4132 systema
2336 4065 2532 4133 paucis
2581 4066 2664 4120 ita
2715 4068 2996 4135 expressit

1705 4209 1950 4274 systema
1976 4206 2068 4259 del
2094 4209 2284 4260 nostro
2305 4210 2529 4262 auctore
2565 4209 2594 4260 6
2630 4210 2731 4262 6116
2753 4210 2831 4277 gli
2855 4137 2994 4263 6613Ιί1-

1704 4277 1880 4343 (16611,
1907 4277 2102 4347 iquali
2117 4278 2457 4348 rimangono
2485 4279 2993 4346 nell'Eucharistia,

1704 4350 1858 4402 81660
1886 4348 2166 4404 accidenti
2194 4349 2284 4403 del
2306 4368 2348 4404 s.
2369 4367 2535 4419 corpo
2557 4350 2613 4403 di
2638 4349 2859 4403 Christo
2881 4367 2996 4403 mo-

360 4419 510 4472 nella
537 4421 721 4488 quale,
743 4419 892 4488 dopo
920 4436 1053 4473 aver
1074 4418 1366 4487 disputato
1390 4420 1535 4473 sulla
1555 4437 1649 4473 na·
1704 4420 1921 4473 dificati
1938 4422 1997 4473 in
2015 4422 2197 4490 guin,
2217 4421 2318 4474 che
2330 4421 2717 4489 representino
2738 4420 2790 4473 16
2808 4420 2994 4489 specie

359 4494 488 4543 tura
516 4493 573 4544 et
597 4491 744 4544 sulla
772 4490 1062 4559 propi-ieta
1087 4490 1177 4543 del
1198 4489 1423 4560 Sangue
1441 4491 1529 4544 del
1547 4491 1648 4545 Re·
1705 4492 1793 4544 (161
1820 4506 2014 4561 pane.“
2046 4492 2126 4545 De
2151 4492 2665 4547 concertationibus
2690 4491 2820 4544 hinc
2836 4494 2993 4546 obor-

362 4562 613 4625 dentore‚
641 4562 892 4616 esamina
918 4561 936 4613 i
965 4560 1098 4615 fatti
1133 4561 1520 4631 maravigliosi
1547 4562 1648 4616 che
1704 4564 1776 4616 tis
1803 4564 1873 4616 cf.
1900 4563 2151 4627 Werner,
2191 4564 2303 4617 Der
2321 4564 2377 4617 h.
2401 4563 2644 4617 Thomas
2665 4580 2775 4616 von
2798 4563 2991 4631 Aquin

360 4632 413 4684 di
456 4650 576 4687 esso
613 4632 984 4692 racontansi,“
1040 4633 1367 4688 Tiraboschi
1393 4638 1433 4688 t..
1461 4638 1532 4689 14
1555 4633 1591 4693 1,
1615 4639 1646 4689 2
1703 4633 1798 4696 ΙΙΙ,
1841 4638 1946 4691 558
1968 4653 2053 4698 ss„
2094 4635 2333 4688 michael
2362 4654 2393 4687 a
2421 4654 2464 4688 s.
2489 4635 2700 4703 Joseph
2727 4634 2822 4695 111,
2849 4638 2913 4690 51
2948 4652 2991 4689 8.

361 4719 406 4760 6.
436 4709 463 4760 1
493 4714 518 4770 5
547 4710 576 4761 7
605 4704 692 4760 6(1.
722 4708 875 4763 1824.
929 4704 1097 4758 Plura
1125 4704 1192 4757 de
1219 4721 1284 4758 6ο
1310 4706 1381 4759 cf.
1409 4721 1498 4773 ap.
1554 4710 1648 4760 Ar-

360 4776 574 4843 gellati‚
599 4775 743 4830 Bibl.
771 4776 863 4829 SS.
891 4775 1035 4829 med.
1064 4776 1103 4829 Ι.
1131 4781 1162 4831 2
1191 4794 1319 4846 pag.
1347 4780 1469 4832 442.

1777 4709 1820 4775 ²)
1852 4704 2245 4760 Weissenbach
2289 4706 2350 4760 in
2397 4706 2758 4759 transaction.
2799 4706 2992 4759 diabo-

1704 4776 1829 4829 licis
1853 4794 1909 4846 p.
1938 4783 1965 4832 1
1995 4778 2347 4831 transaction
2375 4782 2407 4833 ἴ)
2434 4786 2460 4844 §
2487 4782 2557 4833 10
2583 4776 2641 4829 in
2669 4779 2861 4831 annot.
