3625 5193
1298 233 1498 302 Ayala‚
1529 233 1581 287 N
1584 247 1814 302 oguera‚
1840 229 2087 287 Medina.
2919 247 2951 299 5
2963 246 2999 298 4

384 249 465 304 53

377 415 675 491 colloquio
707 415 985 476 interfuit
1013 436 1080 476 ac
1127 420 1221 476 ter
1269 420 1516 479 concilio
1548 420 1659 478 tri-
1716 436 1932 477 norum
1951 417 2239 493 copiam.‘
2277 415 2440 474 Idem
2470 415 2623 474 forte
2642 417 2734 473 est
2758 414 3000 473 Giberto

377 505 645 574 dentino,
678 522 878 563 secum
911 505 1134 565 ducens
1165 509 1346 566 tertia
1390 510 1518 567 vice
1549 509 1659 567 Be·
1715 508 1932 583 Nogu
1951 525 1982 565 e
2002 524 2098 575 ra,
2132 505 2239 580 qui
2281 502 2461 567 1566Δ
2491 503 2643 562 obiit
2686 502 3000 580 episcopus

374 594 683 653 nedictum
741 593 943 653 Ariam
992 596 1355 655 Montanum.
1418 598 1658 656 Electus
1715 596 1967 655 alifanus
2000 595 2063 653 in
2096 612 2278 671 regno
2311 592 2705 669 neopolitano,

375 690 470 743 est
504 703 556 745 a.
602 692 761 746 1548
798 702 832 740 a
875 683 1076 743 Carolo
1109 684 1177 743 V.
1221 685 1286 745 in
1330 687 1658 761 praesulem

373 773 675 831 accitanae
705 771 1003 843 ecclesiae,
1048 773 1186 832 inde
1225 776 1553 833 translatus
1585 775 1658 833 ad
1808 783 1908 835 26.
1972 772 2223 831 Michael
2286 771 2358 830 de
2418 765 2784 848 Medinat)
2833 768 2898 827 O.
2945 770 2998 827 S.

373 862 577 920 sedem
653 860 1206 938 archiepiscopalem
1291 865 1656 923 valentinam
1713 864 1919 922 Franc.
1950 866 2129 920 natus
2161 865 2255 921 est
2303 861 2366 919 in
2416 859 2634 935 oppido
2666 859 3001 917 Belalcazar

372 946 435 1031 (†
475 945 691 1032 1566).
738 950 903 1008 Inter
946 952 1076 1027 ejus
1121 948 1357 1033 operal)
1405 954 1655 1012 eminet:
1714 952 1996 1011 dioecesis
2029 948 2410 1009 cordubensis
2441 948 2504 1006 in
2537 947 2833 1007 Baeturia.
2866 947 2999 1006 Non

371 1039 462 1097 De
493 1041 726 1114 divinis,
767 1041 1094 1114 apostolicis
1124 1048 1293 1117 atque
1322 1044 1655 1101 ecclesiasti·
1713 1042 1904 1101 literis
1937 1041 2225 1099 duntaxat
2255 1038 2642 1105 secularibus,
2677 1036 2780 1095 sed
2810 1042 2872 1094 et
2904 1055 2999 1094 ex-

372 1130 459 1186 eis
489 1128 923 1203 traditionibus,
971 1128 1044 1187 de
1088 1131 1439 1189 auctoritate
1486 1149 1552 1190 ac
1597 1133 1656 1189 vi
1712 1131 1935 1206 quisita
1965 1129 2233 1188 doctrina
2262 1126 2596 1202 theologica
2628 1129 2689 1183 et
2735 1125 2996 1200 philoso-

372 1236 579 1275 earum
626 1220 997 1276 sacrosancta
1039 1218 1396 1279 assertiones
1442 1239 1548 1278 seu
1593 1220 1654 1283 11.
1712 1217 2388 1295 phica‚necnonlingua
2406 1233 2620 1291 graeca
2639 1219 2700 1271 et
2719 1213 3000 1273 hebraica

369 1306 439 1387 X,
477 1306 751 1365 Coloniae
794 1315 975 1377 1549,
1010 1307 1081 1365 de
1113 1326 1249 1383 que,
1285 1328 1461 1383 quem
1483 1310 1656 1367 modo
1712 1309 1949 1385 egregie
1999 1311 2129 1366 erat
2179 1306 2528 1373 instructus,
2581 1307 2651 1361 ut
2709 1303 2804 1361 sui
2869 1302 2997 1361 aevi

369 1394 1490 1464 nominabimuS,MichaelMedinaita
1510 1398 1654 1456 scri·
1711 1398 1947 1475 magnis
2009 1396 2305 1472 theologis
2356 1392 2650 1452 accenseri
2697 1392 2997 1450 meruerit.

367 1483 495 1541 bit:
533 1485 652 1550 „M.
685 1484 877 1560 Ayala
922 1486 1283 1562 segoviensis
1331 1486 1654 1562 episcopua,
1712 1487 1904 1545 Annis
1945 1496 1981 1547 4
2016 1484 2168 1543 rexit
2217 1482 2552 1542 cathedram
2585 1500 2627 1539 3.
2663 1481 2999 1557 Scripturae

367 1573 461 1631 vir
492 1577 731 1647 praeter
762 1573 1062 1651 integrum
1093 1574 1358 1633 animum
1391 1578 1453 1633 et
1470 1575 1655 1634 excel·
1712 1576 1776 1634 in
1797 1574 2094 1634 academia
2114 1571 2523 1648 complutensi.
2558 1572 2608 1627 A
2632 1569 2902 1645 Philippo
2924 1567 2997 1625 II.

368 1661 500 1719 lens
568 1661 894 1738 ingenium,
958 1665 1176 1721 veteris
1227 1664 1656 1722 ecclesiasticae
1713 1665 2128 1740 Hispaniarum
2162 1680 2299 1738 rege
2331 1660 2402 1718 ad
2436 1659 2750 1719 concilium
2772 1659 2997 1716 triden-

371 1750 654 1809 lectionis
687 1750 1200 1821 consultissimus3
1247 1754 1468 1827 quibus
1500 1753 1654 1812 doti·
1713 1754 1909 1812 tinum
1985 1752 2103 1810 fuit
2182 1752 2414 1809 missus,
2506 1749 2746 1806 Famam
2838 1747 2999 1805 hisce

372 1841 488 1897 bus
526 1840 615 1896 sic
660 1842 837 1915 urget
883 1840 1167 1900 hereticos
1213 1860 1387 1916 opere
1432 1842 1538 1900 illo
1585 1842 1656 1899 de
1713 1842 1880 1901 libris
1922 1842 2036 1899 sibi
2068 1838 2459 1914 comparavit:
2516 1836 2854 1895 Christiana
2883 1855 2992 1911 pa-

367 1928 789 1986 ecclesiasticis
821 1930 1248 1988 traditionibus
1280 1935 1367 2000 ut,
1389 1931 1506 1989 nisi
1528 1931 1656 1989 dia·
1713 1933 1970 1990 raenest's
2017 1930 2141 1988 sive
2175 1931 2245 1986 de
2278 1931 2438 1986 recta
2469 1927 2531 1984 in
2567 1926 2751 1983 Deum
2785 1925 2899 1982 fide
2933 1925 2995 1986 11.

367 2017 504 2075 bolo
540 2017 851 2075 obsidente
886 2019 1073 2076 oculis
1124 2019 1304 2077 animi
1357 2020 1510 2095 capti
1564 2037 1656 2078 es·
1714 2021 1842 2089 VII,
1878 2019 2178 2093 inquibus
2199 2017 2554 2076 orthodoxae
2574 2015 2708 2072 fidei
2730 2014 2994 2093 origines

368 2112 525 2176 sent,
570 2110 770 2180 aperte
806 2107 990 2164 visuri
1022 2108 1162 2177 sint,
1209 2112 1501 2183 quantum
1547 2110 1656 2166 im·
1714 2112 2148 2185 proponuntur,
2211 2104 2625 2182 propagandae
2677 2103 2826 2161 ratio
2870 2106 2994 2159 tra-

367 2196 507 2271 piae
562 2195 711 2252 istae
761 2195 1109 2254 novationes
1161 2217 1194 2254 a
1243 2198 1458 2256 veteris
1489 2197 1656 2255 illius
1714 2198 1878 2255 ditur
1927 2202 2108 2271 atque
2158 2194 2586 2253 haereticorum
2644 2195 2995 2267 argumenta

369 2284 674 2342 Ecclesiae
704 2284 971 2343 moribus
1004 2285 1288 2343 distent.‘
1322 2320 1409 2329 —
1441 2287 1656 2344 Eodem
1714 2288 2122 2362 proteruntur,
2159 2282 2423 2342 Venetiis
2464 2291 2629 2344 1564
2664 2281 2728 2336 in
2760 2279 2816 2347 f·‚
2839 2297 2994 2355 quae

368 2393 418 2430 a.
453 2373 775 2431 defunctus
807 2376 902 2431 est
930 2373 1186 2432 Didacus
1224 2372 1340 2453 (vel
1368 2374 1407 2432 J
1412 2371 1656 2454 acobus)
1714 2378 1805 2434 est
1837 2378 2074 2433 tantum
2108 2372 2300 2448 operis
2334 2371 2406 2428 ab
2439 2389 2506 2429 eo
2541 2369 2822 2427 destinati
2857 2386 2992 2442 pars

370 2462 440 2520 de
474 2462 530 2519 N
550 2480 745 2536 ogue
764 2480 864 2536 ra,
896 2462 1153 2521 decanus
1186 2463 1462 2522 ecclesiae
1494 2464 1657 2522 vien-
1713 2465 1892 2540 prior,
1927 2464 1990 2521 in
2020 2481 2140 2538 qua
2157 2460 2397 2519 disserit
2417 2459 2488 2516 de
2510 2458 2819 2533 principiis
2842 2457 2992 2523 fidei,

369 2551 578 2610 nensis
629 2551 717 2628 (in
767 2547 1054 2629 Austris),
1109 2551 1479 2613 Ferdinando
1533 2554 1574 2611 I.
1626 2573 1659 2610 a
1715 2553 1786 2612 de
1807 2552 2049 2611 motivis
2071 2548 2505 2616 credibilitatis,
2534 2547 2606 2607 de
2626 2546 2766 2605 fidei
2788 2564 2992 2621 super-

371 2640 868 2710 confessionibus,
891 2641 1115 2716 insigni
1135 2644 1516 2716 spectataque
1537 2642 1657 2699 vir·
1714 2643 2120 2711 naturalitate,
2184 2639 2553 2707 necessitate,
2607 2637 2678 2694 de
2740 2636 2996 2694 criteriis

369 2733 502 2787 tute
540 2735 603 2786 et
634 2729 904 2787 doctrina
952 2730 1275 2803 praeditae,
1314 2731 1419 2805 qui
1453 2731 1657 2806 dispu-
1714 2732 1985 2790 veritatis
2039 2734 2099 2788 et
2148 2730 2286 2787 hinc
2336 2729 2406 2786 de
2469 2746 2640 2785 verae
2704 2725 2996 2783 Ecclesiae

372 2820 529 2876 tavit
581 2819 650 2875 de
698 2815 953 2876 Ecclesia
1007 2819 1223 2877 Christi
1268 2840 1305 2878 a
1346 2821 1656 2878 haeretico·
1714 2821 1895 2890 notis,
1948 2820 2020 2878 de
2070 2818 2244 2877 libris
2295 2816 2604 2884 canonicis,
2652 2814 2724 2872 de
2790 2815 2998 2871 horum

370 2927 507 2965 rum
542 2907 936 2965 conciliabulis
966 2909 1363 2985 diynoscenda,
1390 2908 1656 2985 Dilingae
1714 2909 2079 2969 obscuritate
2145 2908 2336 2981 deque
2396 2905 2769 2970 necessitate,
2847 2922 3000 2978 quae

383 3006 549 3057 1560
588 2997 651 3053 in
680 2993 742 3065 f„
777 2997 848 3053 de
881 3015 997 3071 quo
1031 3015 1203 3072 opere
1243 2998 1451 3056 scribit
1495 2998 1656 3055 Lati-
1717 2999 1852 3056 hinc
1902 2997 2190 3067 oboritur,
2242 2994 2570 3054 authentici
2631 2993 2995 3066 interpretis.

372 3103 486 3142 nus
510 3081 929 3165 Latinius2)
951 3104 963 3141 :
987 3085 1379 3161 ,Propediem
1400 3094 1659 3160 quatuor
1718 3086 1927 3155 ,Nihil
1959 3086 2196 3144 omnino
2229 3082 2641 3159 praetermisit,
2683 3081 2893 3139 scribit
2927 3081 2997 3138 de

371 3175 442 3231 de
478 3174 739 3231 Ecclesia
771 3173 973 3243 libros,
1023 3193 1171 3248 quos
1218 3175 1434 3249 partim
1486 3175 1657 3233 abso·
1714 3176 1822 3234 hoc
1853 3193 2026 3251 opere
2057 3174 2457 3248 Hieronymus
2491 3166 2800 3250 Magius2),
2838 3168 2997 3244 quod

372 3262 536 3321 lutos
581 3263 710 3336 jam
759 3263 1093 3338 partimque
1158 3283 1399 3322 excusos
1461 3264 1656 3332 habet,
1716 3265 1790 3323 ad
1823 3263 2204 3322 orthodoxam
2240 3261 2413 3319 fidem
2447 3261 2802 3318 fulciendam
2836 3277 2995 3316 com-

371 3351 726 3425 publicabit,
761 3369 911 3426 quos
945 3353 1120 3410 etiam
1155 3371 1326 3427 spero
1357 3353 1657 3428 jucundos
1714 3353 2193 3429 probandamque
2238 3353 2299 3409 et
2331 3371 2364 3407 a
2397 3350 2725 3407 multorum
2772 3348 2993 3405 calum-

370 3440 652 3498 omnibus
683 3441 891 3514 reique
921 3442 1193 3516 publicae
1226 3441 1513 3516 inprimis
1535 3441 1657 3498 uti·
1713 3442 1831 3500 niis
1881 3441 2293 3499 vindicandam
2339 3457 2403 3497 ac
2448 3436 2764 3512 tegendam
2810 3435 2996 3493 facere

372 3528 455 3586 les
503 3529 644 3586 fore.
696 3527 786 3587 'I'u
829 3531 878 3586 si
924 3530 1158 3604 quando
1202 3531 1381 3606 lege8‚
1428 3529 1657 3588 videbis
1714 3530 1936 3606 possit:
1973 3529 2117 3588 adeo
2151 3532 2220 3586 ut
2251 3528 2357 3597 hie,
2376 3545 2527 3602 quae
2558 3525 2806 3600 sparsim
2829 3529 2998 3581 erant

371 3616 668 3675 hominem
707 3618 949 3677 minime
983 3622 1352 3691 stertentem,
1385 3637 1505 3677 non
1525 3622 1657 3676 tan-
1717 3619 1994 3678 mandata
2054 3618 2243 3676 literis
2294 3633 2564 3692 quaeque
2614 3614 2716 3671 ille
2765 3632 2834 3671 ex
2888 3631 2996 3671 suo

370 3707 501 3763 tum
534 3724 627 3763 res
661 3706 877 3764 arduas
910 3709 1171 3784 graviter
1202 3711 1263 3766 et
1282 3707 1531 3776 erudite,
1555 3707 1656 3765 sed
1716 3708 2072 3767 inexhausto
2105 3724 2322 3782 penore
2354 3703 2738 3779 deprompsit,
2772 3702 2834 3759 in
2856 3720 2994 3761 suas

371 3797 550 3852 etiam
583 3795 882 3870 eleganter
917 3815 982 3854 ac
1015 3797 1270 3872 quadam
1304 3796 1536 3854 dicendi
1570 3796 1656 3853 fa-

372 3884 602 3941 cilitate
650 3884 1010 3958 permirifica
1055 3888 1310 3944 tractare
1343 3930 1355 3942 .
1391 3930 1402 3941 .
1439 3930 1451 3942 .
1483 3931 1496 3943 .
1549 3885 1659 3942 Hic

374 3972 609 4040 scribet,
647 3973 708 4029 ni
742 3973 929 4042 fallor,
965 3974 1238 4050 plurima,
1279 3993 1350 4032 ea
1388 3977 1478 4031 est
1498 3974 1659 4032 enim

376 4061 634 4118 hominis
667 4061 729 4118 in
761 4061 1010 4121 dicendo
1044 4067 1104 4120 et
1140 4062 1448 4121 scribendo
1473 4063 1656 4120 facul-

373 4155 486 4219 tas,
522 4154 592 4207 ut
625 4150 822 4224 quivis
858 4151 1069 4210 merito
1093 4152 1295 4209 mirari
1316 4151 1505 4227 possit
1525 4155 1657 4209 tan-

374 4240 491 4295 tam
540 4238 604 4296 in
664 4240 883 4313 juvene
934 4239 1181 4315 hispano
1243 4240 1655 4310 eruditionem,

378 4330 720 4402 tantamque
765 4347 832 4386 ex
880 4331 1143 4404 tempore
1191 4329 1507 4387 verborum
1551 4329 1658 4386 bo-

449 4573 487 4639 1)
514 4571 597 4624 Cf.
627 4569 749 4626 Nic.
787 4571 1072 4626 Antonius
1116 4571 1260 4624 Bibl.
1291 4570 1358 4623 H.
1386 4588 1565 4625 novae
1593 4572 1645 4624 11

380 4645 489 4696 107.
544 4641 820 4710 Pleraque
860 4645 993 4696 sunt
1033 4643 1119 4696 vel
1144 4642 1537 4712 philosophica
1560 4642 1651 4696 vel

373 4712 726 4767 catechetica.

448 4789 485 4854 τ)
510 4783 690 4852 Epist.
719 4784 788 4837 aa
818 4785 881 4838 A.
910 4784 1147 4838 Masium
1186 4761 1242 4845 4'‚
1273 4783 1461 4837 Martii
1491 4788 1655 4842 1560.

1715 3796 1881 3855 sedes
1902 3814 2165 3872 congrua
2185 3794 2576 3869 dispositione
2597 3791 2847 3858 collatis,
2872 3809 2996 3848 om-

1715 3887 1886 3944 nium
1917 3885 2089 3943 nobis
2124 3888 2184 3942 et
2215 3882 2546 3959 posteritati
2600 3880 2890 3938 librorum
2937 3883 2998 3936 et

1717 3975 2142 4051 theologorum,
2191 3975 2485 4047 quantum
2518 3970 2589 4027 ad
2622 3969 2800 4043 hujus
2833 3968 2996 4026 modi

1795 4151 1830 4209 ¹)
1857 4145 1910 4195 M
1924 4161 1952 4197 e
1967 4143 2032 4196 di
2046 4161 2167 4195 nae
2184 4159 2388 4195 nomen
2405 4157 2702 4193 commune
2723 4142 2807 4192 est
2822 4138 2994 4207 pluri·

1714 4217 1820 4269 bus
1847 4213 2011 4268 claris
2042 4213 2347 4284 Hispaniae
2386 4211 2681 4279 theologis,
2733 4210 2812 4263 De
2839 4211 2882 4261 B
2901 4229 2932 4262 a
2950 4227 2996 4260 r·

1714 4290 1739 4339 t
1755 4287 1792 4339 h
1812 4285 1879 4341 ol
1898 4302 1929 4338 o
1945 4303 2000 4337 m
2019 4303 2052 4339 a
2067 4304 2095 4338 e
2112 4303 2144 4338 o
2207 4284 2280 4337 M.
2333 4283 2484 4336 infra
2534 4282 2861 4350 loquemur:
2928 4280 2995 4333 de

1715 4358 1745 4410 J
1765 4375 1797 4411 o
1816 4374 1901 4410 an
1921 4375 1956 4408 n
1975 4374 2004 4410 e
2044 4357 2118 4410 Μ.
2158 4359 2206 4426 (t
2235 4359 2391 4420 1546)
2438 4353 2660 4423 egimus
2702 4371 2872 4422 supra
2901 4352 2997 4413 112,

1715 4433 1873 4485 1559.
1904 4460 1967 4468 —
1995 4428 2157 4480 Alius
2184 4427 2214 4479 J
2233 4444 2264 4479 o
2281 4444 2367 4480 an
2383 4445 2419 4478 n
2437 4443 2502 4479 es
2531 4425 2596 4478 de
2620 4424 2693 4478 M.
2717 4424 2828 4477 fuit.
2849 4424 2994 4476 cirea

1713 4500 1965 4553 medium
2006 4516 2107 4552 sec.
2150 4498 2298 4553 XVI.
2337 4497 2511 4551 abbas
2546 4513 2586 4549 3.
2617 4495 2903 4549 vincentii
2932 4497 2992 4548 Ο.

1715 4569 1767 4624 S.
1793 4570 1923 4624 Ben.
1953 4569 2350 4632 salmanticae,
2378 4570 2475 4637 qui
2496 4569 2694 4622 auctor
2713 4570 2797 4619 est
2815 4565 2997 4620 libelli

1714 4642 1854 4695 editi
1898 4641 2069 4695 etiam
2116 4644 2285 4712 1757;
2348 4644 2487 4697 1766
2526 4638 2780 4706 inscripti
2828 4642 2902 4690 De
2940 4642 2991 4690 la

1718 4715 1962 4768 Care’dad
1988 4717 2235 4768 discreta.

1787 4788 1828 4855 ⁹)
1859 4784 1918 4836 [n
1945 4801 2032 4852 ep.
2062 4783 2134 4836 ad
2163 4782 2319 4838 Card.
2349 4783 2743 4836 Coutareuum.
