3625 5193
371 266 494 320 533
1255 248 1532 318 Wiggers,
1561 247 1818 317 Dayneff,
1845 247 2122 308 Cavellns.
2868 266 2993 318 (534

365 433 400 501 †
433 444 531 496 29.
567 433 767 492 Martii
805 431 999 512 1639)
1048 434 1253 492 doctor
1298 434 1653 492 lovaniensis
1707 434 1953 509 pietate,
1976 433 2254 491 doctrina
2293 433 2724 492 celeberrimus
2757 435 3001 494 Lovanii

368 518 613 603 (1607),
665 522 867 581 docuit
914 522 1276 599 theologiam
1309 523 1474 598 prius
1505 523 1650 581 Leo·
1707 524 1770 580 in
1803 522 2050 599 collegio
2097 541 2141 580 s.
2174 522 2421 581 Antonii
2466 521 2538 580 de
2579 523 2782 581 Padna
2826 525 2995 583 theo-

364 612 463 681 dii,
496 611 635 669 dein
671 620 749 674 26
804 612 976 669 annis
1025 612 1089 669 in
1137 611 1432 670 academia
1492 612 1650 670 lova·
1708 612 1928 687 logiam
1977 611 2248 686 plurimis
2294 611 2463 669 annis
2514 614 2607 669 est
2656 613 2993 687 professus3

364 701 558 759 niensi
612 696 840 782 (1611)
905 718 1039 759 cum
1092 719 1306 777 magno
1355 700 1650 758 universi·
1707 700 1846 758 inde
1878 705 2121 776 propter
2141 701 2509 776 singularem
2530 700 2594 758 in
2615 701 2793 760 rebus
2815 721 2995 778 agen-

363 790 508 848 tatis
542 789 861 848 commodo.
924 789 1056 847 Non
1107 789 1279 847 facile
1312 807 1374 847 se
1406 808 1513 847 nec
1545 807 1652 846 sua
1707 790 1798 847 dis
1849 789 2201 847 industriam
2253 789 2477 847 ordinis
2530 790 2820 864 seraphici
2853 791 2995 848 defi-

357 878 645 954 jactabat,
710 896 817 936 nec
881 879 1208 937 alienorum
1281 881 1653 952 contemptor
1707 879 1870 936 nitor
1919 878 2324 944 renunciatus,
2377 897 2511 936 cum
2562 879 2771 936 multis
2820 879 2995 938 annis

364 973 507 1037 erat,
543 968 808 1025 sincerus
857 971 919 1026 et
967 967 1091 1025 sine
1125 966 1274 1034 fuco,
1310 967 1373 1024 in
1407 985 1646 1025 conver·
1707 985 1812 1042 pro
1845 966 2047 1026 ordine
2097 967 2396 1026 laboribus
2446 985 2512 1024 ac
2561 967 2716 1025 curis
2764 985 2993 1025 summa

366 1057 589 1114 satione
651 1056 849 1132 gravis
909 1056 1272 1130 minimeque
1334 1056 1647 1130 superbus.
1706 1074 1842 1114 cum
1892 1055 2067 1114 laude
2118 1055 2468 1131 perfunctus
2519 1059 2692 1122 esset,
2760 1056 2995 1114 Romam

365 1145 612 1220 Scripsit
663 1145 850 1203 solide
900 1145 1142 1219 quidem
1195 1145 1297 1202 sed
1330 1145 1471 1203 stilo
1503 1163 1650 1220 neg·
1698 1146 1875 1220 jussu
1911 1145 2166 1222 Benigni
2197 1165 2228 1202 a
2261 1145 2466 1202 Genua
2499 1144 2727 1202 ordinis
2763 1145 2856 1202 sui
2890 1165 2992 1222 ge-

364 1234 510 1292 lecto
575 1235 994 1292 commentaria
1054 1234 1117 1290 in
1187 1244 1237 1295 l.
1290 1253 1346 1307 p.
1396 1234 1649 1291 Thomae

364 1324 431 1380 de
461 1323 584 1381 Deo
616 1341 731 1380 uno
763 1330 812 1379 et
844 1324 1031 1393 trin03
1065 1322 1138 1380 de
1171 1322 1401 1396 angelis
1434 1326 1493 1380 et
1512 1340 1648 1397 ope-

364 1411 530 1469 ribus
564 1427 670 1470 sex
701 1412 963 1481 dierum3
997 1411 1060 1468 in
1105 1423 1154 1479 l,
1193 1419 1259 1477 2;
1294 1411 1357 1469 in
1382 1419 1437 1480 2,
1477 1419 1530 1470 2.
1553 1429 1648 1486 qq.

373 1511 599 1563 1-46,
634 1502 704 1557 de
735 1500 1037 1558 virtutibus
1065 1501 1382 1576 theoloqicis
1398 1501 1530 1574 fide,
1551 1517 1651 1572 spe

365 1596 412 1646 et
441 1592 719 1662 raritate,-
765 1590 829 1646 in
883 1599 937 1651 2.
987 1597 1041 1648 2.
1092 1608 1145 1663 q.
1196 1598 1531 1665 47-1713
1581 1590 1650 1645 de

354 1680 487 1750 jure
549 1685 600 1735 et
649 1680 885 1751 justitia
937 1679 1266 1752 ceterisque
1320 1678 1648 1736 virtutibus

364 1767 762 1825 cardinalibus
796 1785 929 1824 cum
963 1766 1090 1825 suis
1114 1766 1393 1836 annexis3
1426 1766 1489 1825 in
1513 1776 1567 1828 3.
1593 1788 1648 1843 p.

365 1875 456 1929 qq.
501 1864 708 1916 1—-26
744 1857 812 1913 de
849 1855 1024 1912 Verbo
1057 1857 1396 1928 incarnato;
1426 1856 1490 1913 in
1514 1865 1568 1918 3.
1591 1876 1647 1931 p.

363 1946 430 2002 de
472 1947 868 2010 sacramentis,
926 1945 1207 2012 censuris,
1256 1944 1646 2020 indulgentiis

363 2037 421 2091 et
452 2034 819 2109 purgatoriO,
851 2032 1094 2091 Lovanii
1137 2041 1476 2094 1631—41
1522 2037 1562 2088 t.
1590 2043 1645 2100 33

372 2131 708 2184 1651—57
763 2141 820 2196 p.
873 2130 906 2182 6
956 2122 1020 2179 in
1074 2131 1108 2183 3
1162 2125 1204 2182 t.
1240 2119 1338 2201 (m.
1376 2118 1504 2201 60),
1542 2122 1644 2189 ,in

362 2211 578 2285 quibus
612 2210 1064 2279 commentariis,
1114 2210 1314 2285 inquit
1345 2212 1646 2268 Aubertus

362 2299 635 2367 Minime,
668 2298 822 2356 nihil
854 2299 970 2356 nisi
1002 2318 1229 2357 summe
1261 2299 1643 2368 elaboratum,

362 2388 731 2446 solidissimis
763 2388 1131 2464 argumentis
1157 2388 1494 2454 subnixum,
1529 2388 1644 2445 cla-

364 2477 595 2534 rissima
627 2480 688 2535 et
719 2477 885 2534 brevi
917 2479 1119 2534 tamen
1150 2475 1426 2535 methodo
1459 2475 1646 2534 tradi-

361 2564 467 2634 dit,
534 2565 828 2641 quidquid
888 2565 951 2623 in
1002 2565 1253 2625 aliorum
1318 2565 1646 2625 fusioribus

363 2655 597 2730 scriptis
628 2657 783 2712 scitu
813 2654 1060 2730 dignum
1094 2657 1186 2712 est
1206 2654 1386 2730 idque
1408 2655 1543 2713 stilo
1576 2658 1649 2712 ut

360 2744 519 2801 facili
552 2746 613 2815 et
644 2743 718 2800 ad
749 2742 1080 2802 docendum
1111 2747 1266 2819 apto,
1302 2744 1389 2801 ita
1409 2744 1646 2801 minime

363 2832 691 2890 affectato.‘
724 2866 810 2877 —-
836 2833 1121 2908 Georgius
1150 2833 1426 2890 Aurelius
1461 2833 1508 2889 D
1526 2851 1645 2906 ay-

1704 1234 1922 1292 neralis
1974 1237 2217 1293 vocatus
2267 1234 2712 1292 celeberrimam
2763 1235 2993 1292 theolo-

1704 1323 1840 1399 giae
1889 1323 2228 1381 cathedram
2277 1322 2339 1380 in
2387 1322 2667 1380 coenobio
2702 1342 2746 1385 e.
2782 1323 2998 1383 Maiiue

1705 1413 1778 1469 de
1810 1412 2079 1470 Aracoeli
2109 1411 2436 1486 occupavit,
2485 1428 2834 1487 summoque
2868 1431 2993 1470 om-

1704 1501 1875 1558 nium
1936 1500 2232 1575 applausu
2310 1500 2570 1557 docendo
2649 1500 2991 1559 illustravit.

1704 1589 1963 1647 Tandem
1997 1608 2152 1649 vero.
2189 1592 2424 1646 mortuo
2448 1585 2623 1648 Petro
2646 1590 2992 1658 [mabar-do,

1704 1678 1927 1735 Urbani
1960 1677 2114 1735 VIII.
2148 1678 2210 1735 P.
2244 1678 2316 1734 M.
2364 1678 2720 1736 auctorItate
2770 1680 2992 1737 archie-

1704 1768 1980 1843 piscopus
2013 1767 2402 1824 armachanus
2453 1770 2514 1824 et
2558 1767 2748 1825 totius
2782 1768 2993 1825 Hiber-

1703 1856 1836 1913 niae
1882 1855 2102 1931 primas
2151 1859 2245 1913 est
2277 1855 2626 1913 declaratus.
2682 1855 2918 1925 Verum,
2960 1875 2992 1915 o

1703 1945 1970 2003 invidum
2005 1944 2233 2019 magnis
2264 1943 2524 2019 ingeniis
2576 1945 2798 2002 fatum!
2849 1945 2990 2003 dum

1703 2034 1776 2091 ad
1811 2033 1926 2091 iter
1957 2032 2022 2089 in
2054 2032 2399 2091 Hiberniam
2434 2050 2564 2091 sese
2584 2033 2859 2109 accingit.
2881 2034 2991 2091 im-

1704 2122 1900 2197 posita
1932 2121 1968 2178 l.
2004 2121 2075 2178 de
2108 2127 2233 2178 arte
2266 2121 2415 2179 bene
2456 2121 2745 2178 moriendi
2780 2122 2993 2180 ultima

1703 2229 1884 2268 manu
1946 2209 2243 2283 insperato
2306 2215 2367 2267 et
2411 2211 2808 2284 inexspectato
2870 2211 2992 2268 fato

1702 2299 2001 2374 abripitur
2036 2307 2134 2357 22.
2170 2298 2326 2372 Sept.
2359 2316 2407 2354 a.
2452 2306 2613 2359 1626
2669 2293 2742 2378 (a.
2777 2299 2990 2357 aetatis

1707 2384 1836 2468 55).
1895 2387 2076 2443 Illum
2126 2390 2187 2444 et
2231 2385 2372 2444 ordo
2416 2386 2756 2460 seraphicus
2790 2390 2851 2444 et
2881 2387 2987 2445 Hi-

1704 2476 1909 2534 bernia
1972 2475 2163 2534 adhuc
2224 2474 2534 2550 deplorant
2546 2470 2654 2555 1).‘
2750 2475 2991 2535 Praeter

1702 2584 1879 2641 opera
1919 2559 2411 2645 philosophioa2)‚
2460 2564 2618 2623 inter
2664 2583 2812 2639 quae
2846 2568 2991 2623 sunt

1702 2675 1786 2731 qq.
1839 2657 1901 2711 in
1953 2654 2422 2729 Metaphysicam‚
2475 2653 2737 2712 Venetiis
2799 2664 2984 2723 1625,

1703 2744 1891 2802 edidit
1924 2743 2075 2801 Secti
2119 2744 2528 2800 commentaria
2578 2745 2641 2799 in
2677 2744 2714 2799 4
2760 2744 2814 2800 ll.
2861 2762 2987 2802 sen-

1703 2835 2016 2890 tentiarum
2046 2831 2365 2907 recognita,
2390 2832 2618 2890 mendis
2642 2836 2988 2907 expurgata.

363 2921 533 2979 neff
558 2921 620 2979 Ο.
656 2920 712 2981 S.
748 2922 900 2996 Aug.
953 2921 1016 2979 in
1049 2921 1283 2978 abbatia
1315 2938 1359 2977 s.
1393 2920 1647 2978 Huberti
1700 2920 2207 2989 annotationibus,
2259 2920 2555 2979 indicibus
2592 2940 2659 2979 ac
2690 2921 2991 2979 citationi-

365 3010 672 3067 cathedrae
716 3011 1078 3086 theologicae
1124 3007 1456 3067 moderator
1486 3008 1646 3084 typis
1701 3010 1816 3067 bus
1878 3009 2270 3068 celebriorum
2320 3009 2627 3069 doctorum
2679 3016 2989 3080 exornata3

364 3098 622 3173 publicis
655 3100 849 3157 emisit
880 3118 1058 3174 opus:
1093 3099 1179 3156 De
1198 3099 1414 3171 triplici
1436 3099 1646 3155 ›tt-tando

364 3187 580 3257 divino,
645 3188 911 3263 angelico
973 3191 1034 3244 et
1095 3187 1370 3255 humano,
1446 3186 1646 3244 Leodii

376 3286 534 3339 1639
572 3277 634 3333 in
667 3276 705 3333 f.

455 3463 597 3515 276.
630 3452 923 3511 Hibernas
954 3458 1047 3511 est
1067 3453 1241 3529 Hugo
1277 3453 1316 3510 C
1334 3472 1418 3511 av
1436 3452 1597 3510 ellu
1615 3470 1641 3509 s

364 3538 512 3623 (Mac
529 3539 907 3622 -caughwell)
962 3542 1097 3600 Ord.
1133 3544 1272 3600 Min.
1326 3541 1640 3599 strictioris

363 3632 786 3700 observantiae.
852 3631 1134 3690 dunensis
1202 3670 1227 3699 ‚
1241 3630 1334 3687 vir
1383 3630 1640 3705 ingeniO,

362 3819 408 3861 a,
436 3801 643 3855 aetatis
666 3805 737 3858 48
765 3801 1021 3870 impensa
1043 3800 1201 3869 prius
1244 3800 1448 3880 pingui
1489 3800 1642 3851 here-

360 3873 538 3927 ditate
564 3873 625 3926 in
647 3889 838 3926 causas
856 3873 995 3941 pias.
1023 3871 1152 3924 Mox
1175 3872 1247 3925 ab
1262 3871 1478 3925 emissis
1501 3869 1645 3923 votis

360 3944 652 4013 religiosae
680 3943 831 3997 vitae
858 3943 1142 4012 promovit
1166 3942 1642 4004 reformationem,

362 4032 532 4083 quam
556 4018 626 4069 ut
649 4014 990 4068 novitiorum
1037 4015 1306 4081 magister
1350 4014 1438 4066 vel
1484 4028 1644 4081 guar-

361 4086 566 4140 dianus
614 4086 702 4139 vel
749 4092 833 4138 ter
877 4084 1131 4137 minister
1174 4083 1538 4153 provincialis
1584 4083 1644 4134 in

361 4159 549 4211 omnia
559 4157 788 4210 induxit
806 4173 935 4209 suae
955 4155 1274 4224 provinciae
1286 4153 1642 4218 monasteria,

361 4244 598 4295 quorum
624 4245 922 4281 numerum
949 4227 1186 4280 maxime
1201 4226 1380 4284 auxit,
1410 4226 1517 4277 Pro
1537 4225 1642 4278 fide

360 4300 635 4353 catholica
684 4298 965 4367 intrepide
1017 4298 1193 4361 stetit,
1247 4312 1380 4348 suae
1425 4296 1644 4364 patriae

359 4388 470 4424 non
499 4374 585 4424 est
611 4369 840 4425 oblitus.
871 4370 1004 4421 Post
1028 4369 1287 4435 ingentes
1314 4366 1531 4419 labores
1558 4385 1644 4419 ex·

361 4441 594 4495 haustus
641 4441 876 4495 decessit
918 4446 1007 4496 25.
1030 4440 1195 4494 Mart.
1227 4442 1365 4494 1628
1390 4438 1448 4490 in
1476 4438 1644 4490 odore

1703 3098 2013 3173 praemisit
2030 3098 2181 3155 Scoti
2200 3100 2393 3165 vitam,
2426 3099 2639 3172 adjecit
2669 3100 2993 3175 apoloye'am

1701 3205 1806 3263 pro
1840 3186 2044 3245 eodem
2096 3187 2446 3244 vindicando
2495 3187 2569 3244 ab
2621 3187 2858 3261 injuriis
2890 3207 2993 3261 per

1702 3276 2107 3334 Abrahamum
2138 3277 2185 3333 B
2202 3296 2229 3332 z
2245 3294 2278 3333 o
2296 3294 2331 3331 v
2349 3275 2369 3332 i
2386 3295 2428 3332 u
2442 3270 2562 3355 m3)
2596 3275 2778 3333 illatis
2806 3279 2867 3331 et
2886 3296 2988 3350 ap·

1777 3452 1816 3499 ¹²»
1845 3447 1966 3499 Nic.
1997 3445 2346 3498 Vernulaeus
2374 3444 2533 3497 acad.
2561 3443 2671 3497 lov.
2700 3462 2754 3513 p.
2786 3450 2903 3501 174.

1777 3524 1816 3588 ⁸²)
1846 3516 1928 3572 Cf.
1958 3520 2044 3572 Jo.
2071 3532 2104 3568 a
2132 3534 2172 3569 s.
2200 3515 2449 3568 Antonio
2478 3515 2547 3576 ll,
2573 3518 2658 3574 85.

1775 3595 1814 3654 ³)
1846 3588 2115 3640 Nicolaus
2140 3586 2491 3653 Janssenboy
2520 3585 2799 3638 Zelandus
2828 3586 2990 3639 Ziric·

1700 3676 1824 3712 seae
1842 3658 2159 3728 (Zierikzee)
2176 3666 2344 3709 natus
2362 3656 2472 3709 ΟΡ.
2492 3660 2991 3712 Animadversicmes

1700 3736 1757 3782 et
1784 3730 1995 3783 scholia
2021 3729 2079 3781 in
2109 3729 2252 3781 hanc
2279 3727 2602 3797 apologiam
2638 3727 2867 3797 scripsit
2893 3731 2992 3782 Co-

1702 3802 1887 3855 loniae
1939 3804 2108 3871 1622;
2156 3816 2326 3867 quare
2367 3799 2631 3853 Cavellns
2675 3803 2992 3867 Apoloye'am

1700 3872 1996 3941 apologiae
2038 3871 2137 3924 snb
2175 3872 2404 3923 nomine
2446 3870 2592 3939 Hug.
2620 3871 2676 3922 M
2696 3888 2728 3923 a
2745 3890 2782 3941 g
2798 3888 2833 3922 n
2853 3888 2880 3924 e
2897 3892 2920 3923 s
2938 3871 2992 3924 ii

1700 3942 1965 4011 discipuli
1993 3942 2082 3996 sui
2108 3942 2309 4005 emisit,
2340 3941 2569 3994 Parisiis
2598 3946 2752 4004 1623,
2781 3943 2873 3995 cui
2895 3942 2991 3994 Ni-

1699 4017 1888 4069 colaus
1906 4018 2096 4066 noster
2106 4013 2400 4082 respondit
2417 4017 2744 4081 Apoloqetico
2757 4031 2858 4083 pro
2872 4014 2988 4066 suis

1700 4085 2298 4147 animadversionibuS‚
2316 4084 2415 4151 qni
2432 4086 2623 4137 tamen
2636 4100 2750 4138 non
2760 4084 2991 4154 prodiit.

1699 4158 1868 4210 Porro
1920 4156 2189 4209 Nicolaus
2240 4174 2366 4210 cum
2418 4158 2664 4222 quatuor
2709 4156 2990 4220 fratribuS,

1701 4227 1802 4295 qui
1829 4228 2040 4296 pariter
2064 4226 2301 4296 ingressi
2343 4230 2505 4279 erant
2533 4226 2788 4279 ordinem
2815 4246 2856 4282 s.
2885 4225 2989 4279 Do·

1699 4299 1912 4361 minici‚
1941 4300 2234 4351 strennum
2285 4297 2401 4365 egit
2452 4297 2865 4350 missionarinm
2892 4314 2992 4365 per

1699 4371 1955 4435 regiones
1998 4368 2501 4437 septemtrionales,
2548 4367 2789 4420 Daniam
2834 4382 2990 4434 prae·

1701 4440 1910 4505 sertim,
1939 4439 2257 4494 Holsatiam
2284 4442 2341 4492 et
2367 4439 2415 4492 N
2423 4439 2705 4505 orvegiam
2728 4454 2838 4490 non
2866 4437 2988 4490 sine

361 4513 677 4566 sanctitatis
713 4529 745 4563 a
795 4512 969 4580 gratis
1015 4510 1230 4564 civibus
1271 4512 1328 4562 et
1366 4510 1646 4561 sodalibus
1702 4512 1890 4563 fructu
1921 4520 1967 4579 (ἢ
1993 4511 2239 4566 21.Νον.
2269 4514 2444 4574 16341,
2464 4510 2562 4577 qui
2582 4512 2767 4562 tamen
2784 4508 2987 4562 deinde

362 4587 556 4652 „pater
593 4583 810 4653 patriae
850 4585 908 4635 et
946 4580 1206 4635 columna
1247 4580 1408 4632 fider*
1441 4580 1646 4633 saluta·
1701 4585 1773 4636 ob
1825 4583 2265 4650 protestantium
2317 4580 2737 4648 persecutiones
2780 4579 2989 4633 iterum

360 4657 468 4709 tus.
513 4654 592 4709 cf.
637 4653 1051 4708 Kleinschmidt
1087 4653 1196 4706 KL.
1233 4653 1349 4709 ΧΗ.
1391 4656 1545 4711 1571:
1584 4652 1644 4703 in
1700 4655 1887 4722 periit.
1933 4653 2167 4722 Scripsit
2210 4656 2498 4719 praeterea
2525 4656 2909 4719 Paneyyricum
2938 4654 2987 4705 d.

361 4726 552 4795 primis
599 4725 870 4794 hist.·pol.
900 4724 982 4778 Bl.
1014 4723 1288 4779 CXXXVI
1320 4727 1518 4793 (1905),
1544 4729 1645 4781 719
1708 4729 1936 4778 Thomae
1977 4729 2076 4793 Aq.
2122 4723 2353 4775 Lovanii
2383 4728 2513 4779 1621
2540 4743 2552 4793 ;
2614 4726 2781 4776 Vitam
2807 4743 2847 4778 s.
2876 4724 2986 4776 Do-

359 4802 528 4869 —33;
555 4800 819 4853 sos-15.

1671 4814 1679 4854 ι
1703 4800 1885 4849 minio!
1909 4812 1973 4848 ex
2000 4794 2168 4847 variis
2189 4793 2517 4847 auctoribus
2545 4794 2837 4847 collectam
2866 4797 2987 4856 etc..
