3625 5193
410 287 574 341 1029
789 274 999 340 Kreitz,
1023 275 1217 341 Faber,
1245 276 1613 342 Bratkowicz,
1639 277 1936 353 Pikieliqs,
1965 277 2194 332 Hieron.
2221 294 2255 331 a
2282 296 2323 333 s.
2356 279 2526 346 Hyac.
2554 282 2658 340 etc,
2858 299 3023 353 1030

400 463 613 520 lischen
659 461 711 518 d.
747 462 781 520 i.
815 462 989 520 Form
1036 463 1162 521 und
1195 463 1353 521 Weis
1404 464 1515 523 wie
1561 464 1686 523 sich
1743 465 1805 522 in
1843 474 1913 537 8;
1966 465 2069 524 sed
2115 464 2177 523 in
2223 465 2432 541 primis
2477 465 2743 525 innotuit
2786 470 3026 545 egregio

404 552 507 609 der
524 551 791 627 gemeine
811 552 1265 628 ungestudierte
1282 554 1479 622 Manu,
1510 573 1689 612 wann
1745 553 2091 613 Concionum
2123 573 2292 630 opere
2321 555 2619 627 tripartito
2670 573 2776 615 seu
2808 558 2872 615 in
2909 567 2942 620 3
2977 561 3022 617 t..

402 660 468 698 er
512 640 575 697 in
622 640 1138 700 Glaubenssachen
1168 687 1179 698 .
1212 687 1222 698 .
1256 687 1266 698 .
1299 642 1687 718 angefochten
1743 643 1804 701 in
1829 643 1866 700 f.
1901 643 2241 712 distributo,
2275 642 2356 702 ib.
2383 652 2748 715 1631—34,
2776 647 2870 704 cui
2891 652 3028 721 post

400 729 567 798 wird,
622 749 695 787 zu
743 731 1181 789 verantworten
1227 730 1377 789 habe
1428 731 1609 790 durch
1648 743 1682 795 6
1744 749 1919 790 suum
1971 732 2032 790 in
2085 732 2425 791 societatem
2488 731 2823 809 ingressum
2872 736 3026 794 Auc-

402 818 731 893 Gesprache
746 818 1149 889 besem-ichen,
1166 820 1500 896 Ingolstadi
1525 831 1681 884 1656
1741 822 2002 880 tum-ium
2020 821 2236 896 adjecit
2255 821 2483 879 Graecii
2512 831 2694 892 1646,
2729 841 2879 899 opus
2901 842 3026 882 sae-

401 907 464 965 in
501 916 567 975 83
601 907 972 982 wirceburgi
1012 917 1169 970 1851
1200 930 1213 978 ;
1245 909 1442 968 Leben
1474 910 1529 968 J.
1556 910 1684 968 Chr.
1742 909 1982 986 pissime
2002 910 2109 980 ed„
2143 909 2323 968 etiam
2341 913 2543 969 nostra
2564 914 2760 970 aetate
2779 913 3030 989 Neapoli

399 1014 506 1054 aus
540 994 654 1054 den
690 1006 724 1058 4
758 996 1182 1073 Evangelisten
1224 998 1334 1055 mit
1364 999 1684 1075 glaubens-
1749 1008 2095 1062 1859-66
2129 1001 2171 1057 t.
2210 1008 2278 1066 53
2311 1001 2620 1076 Augustae
2634 1001 3027 1060 Taurinorum

400 1084 524 1142 und
586 1084 1034 1154 lebenslehren‚
1110 1087 1404 1146 Mfinchen
1485 1097 1647 1150 1637
1668 1108 1683 1157 ;
1750 1097 1914 1150 1879
1951 1092 1992 1147 t.
2032 1099 2109 1150 10
2144 1088 2209 1146 in
2244 1097 2314 1158 8;
2355 1096 2519 1151 1884
2553 1089 2641 1148 ed.
2679 1098 2749 1160 23
2783 1090 3056 1159 Parisiis,

408 1183 606 1243 1730;
662 1174 965 1251 Dillingen
1036 1185 1235 1246 16583
1299 1175 1687 1253 Regensburg
1752 1184 1909 1239 1881
1951 1180 1992 1235 t.
2031 1187 2064 1239 6
2089 1180 2198 1235 etc.
2231 1178 2441 1236 Merito
2461 1180 2658 1236 autem
2686 1179 3026 1238 collaudan-

408 1272 570 1326 1856
608 1266 649 1320 t.
689 1271 722 1323 2
756 1263 820 1321 in
857 1271 912 1324 8.
945 1283 1067 1322 cur.
1103 1264 1157 1322 J.
1191 1265 1267 1322 M.
1301 1267 1445 1327 Diix.
1741 1267 1843 1323 tur
1872 1266 1981 1324 hae
2012 1265 2333 1338 conciones,
2368 1284 2502 1325 cum
2531 1284 2594 1325 se
2615 1268 3026 1327 commendent

1742 1354 2060 1424 soliditate,
2109 1355 2275 1429 copia
2307 1355 2574 1413 idearum
2613 1358 2675 1414 et
2707 1375 3024 1433 argumen-

490 1450 635 1503 436.
670 1441 914 1499 Carolus
949 1442 1092 1500 Kre
1112 1442 1217 1499 itz
1261 1439 1402 1525 (von
1432 1444 1682 1502 Kreit·
1740 1448 1940 1502 torum
1971 1444 2277 1514 varietate,
2310 1446 2490 1519 atque
2521 1443 2839 1503 sobrietate
2855 1440 2923 1526 ¹).

398 1527 553 1606 zen)
588 1531 642 1592 S.
674 1530 728 1588 J.
763 1529 1119 1600 Misniensis,
1163 1535 1447 1591 strenuus
1480 1531 1539 1590 in
1572 1533 1683 1591 Po·

397 1618 562 1677 lonia
591 1617 758 1677 verbi
790 1619 896 1676 Dei
929 1637 1139 1694 praeco
1175 1616 1258 1700 (n.
1291 1631 1477 1691 1607,
1510 1619 1546 1688 'l'
1582 1631 1682 1684 30.
1832 1631 1978 1684 437.
2027 1621 2363 1680 Succedunt
2405 1621 2637 1696 aliquot
2678 1624 2903 1698 poloni,
2957 1626 3026 1681 ut

396 1707 555 1783 Sept.
588 1702 798 1788 1660),
833 1708 1007 1783 plura
1020 1704 1068 1788 ¹)
1103 1708 1292 1768 edidit
1322 1710 1527 1788 lingua
1551 1730 1681 1787 ger·
1738 1710 2079 1769 Hadrianus
2111 1709 2565 1769 Bratkowicz
2598 1710 2662 1770 O.
2689 1712 2827 1769 Min.
2851 1712 3023 1774 ConV.

398 1815 591 1858 mana.
656 1797 776 1855 Von
826 1798 950 1854 dem
1001 1798 1398 1874 einqebildeten
1448 1800 1680 1858 Abend·
1739 1819 1881 1858 suae
1926 1799 2265 1875 provinciae
2309 1799 2584 1858 minister
2626 1796 2687 1881 (†
2727 1810 2820 1862 13.
2855 1801 3025 1859 Mart.

399 1885 555 1942 mahl
586 1886 689 1943 der
720 1885 1065 1944 Caluini-‘steri
1098 1889 1219 1945 und
1255 1887 1382 1947 dem
1414 1886 1679 1947 Kacholi-
1748 1884 1962 1969 1639),
1999 1889 2100 1963 qui
2134 1888 2304 1946 libris
2336 1888 2603 1963 polonice
2636 1888 2872 1964 scriptis
2904 1889 3023 1947 Lu-

395 1975 564 2032 3011οη
585 1966 1038 2052 Allerheiliqsten
1060 1976 1433 2035 Sam-amente
1462 1979 1560 2036 des
1574 1979 1681 2035 Al·
1737 1978 2020 2036 thei-anos
2069 1977 2448 2052 impugnavit
2506 1981 2685 2053 atque
2745 1996 3023 2035 commen-

397 2071 537 2132 tar-3,
575 2064 986 2139 Brunsbergae
1015 2075 1177 2128 1646
1215 2067 1279 2123 111
1315 2074 1382 2136 8;
1417 2069 1478 2124 et
1509 2066 1680 2124 Petra
1737 2069 1921 2124 tarios
1963 2065 2215 2140 reliquit
2260 2064 2321 2123 in
2363 2075 2434 2126 12
2484 2065 2542 2122 ll.
2588 2066 3024 2142 metaphysicos

398 2154 878 2231 inexpuynabili3‚
929 2155 1088 2227 quod
1122 2155 1249 2213 sola
1299 2174 1540 2213 romana
1570 2155 1678 2214 Ec·
1739 2154 1810 2213 ad
1841 2158 2100 2213 mentem
2136 2154 2313 2223 Scoti,
2359 2153 2669 2213 cracoviae
2716 2165 2903 2217 1640.
2936 2190 3025 2198 —-

398 2240 570 2300 clesia
602 2241 682 2300 sit
729 2261 863 2300 una.
913 2246 1135 2312 sancta,
1189 2244 1493 2310 catholica,
1542 2263 1680 2320 apo·
1739 2243 2126 2302 Sebastianus
2178 2242 2574 2301 Pikielius
2626 2243 2680 2300 S.
2729 2243 2802 2311 J.,
2855 2245 3024 2318 cujus

398 2329 620 2394 stolica
653 2330 1066 2408 Brunsbergae
1106 2341 1270 2394 1653
1307 2336 1414 2391 etc.
1448 2365 1533 2375 --
1565 2333 1680 2391 Ne·
1737 2335 1960 2391 exstat·
2021 2332 2247 2389 Veritas
2285 2332 2582 2405 catholica,
2628 2351 2745 2406 qua
2775 2336 2900 2390 tres
2933 2332 3022 2389 di-

396 2438 511 2494 que
573 2419 1091 2495 praetermittendi
1154 2426 1326 2480 sunt:
1400 2422 1680 2479 Matthias
1736 2422 1908 2480 vinae
1954 2438 2237 2497 personae
2268 2421 2461 2490 Pater,
2513 2421 2699 2478 Filius
2745 2422 2805 2478 et
2837 2420 3023 2496 Spiri-

396 2508 635 2567 Faber
665 2510 998 2568 Bavarusn
1003 2519 1150 2570 .24.
1174 2511 1337 2573 Febr.
1379 2519 1542 2575 1587
1577 2511 1680 2568 ΑΙ·
1736 2514 1839 2569 tus
1874 2529 1917 2568 s.
1945 2510 2009 2567 in
2040 2529 2160 2568 una
2179 2509 2437 2567 essentia
2468 2512 2672 2568 contra
2691 2510 3024 2568 obstinatos

395 2600 825 2669 tomonasterii‚
846 2618 951 2674 qui
965 2600 1238 2659 absoluto
1256 2601 1527 2677 Dilingae
1546 2600 1679 2677 phi·
1737 2599 2032 2670 Judaeos,
2085 2598 2336 2658 Arianos
2387 2616 2453 2656 ac
2501 2596 2903 2673 anabaptistas
2954 2618 3023 2657 ex

398 2688 701 2762 losophiae
722 2689 1019 2747 curriculo
1041 2692 1102 2747 et
1121 2689 1334 2765 adepta
1354 2689 1680 2765 magisterii
1737 2690 1988 2748 hebraeo
2019 2691 2193 2747 textu
2214 2686 2278 2748 V.
2301 2687 2362 2745 T.
2396 2687 2791 2757 declarantur,
2813 2687 3022 2746 Vilnae

397 2772 869 2858 laurea(1607),
902 2776 1142 2835 Romam
1165 2778 1463 2852 profectus
1496 2782 1589 2836 est
1620 2779 1682 2836 in
1751 2788 1909 2840 1642
1960 2778 2023 2836 in
2072 2787 2127 2840 4.
2183 2810 2259 2819 —-
2317 2776 2652 2835 Matthaeus
2696 2777 3020 2835 Bembus

396 2865 711 2940 collegium
758 2867 1192 2941 germanicum,
1235 2871 1305 2925 ut
1350 2867 1681 2943 theologiae
1738 2866 1792 2924 S.
1809 2867 1864 2925 J.
1882 2865 2317 2935 Posnaniensi3‚
2332 2865 2736 2941 philosophiae
2750 2866 3018 2941 primum,

397 2971 634 3029 operam
667 2954 847 3012 daret.
882 2956 1208 3013 Parochum
1243 2956 1369 3031 egit
1383 2956 1679 3013 Wemdin-
1738 2954 1876 3014 dein
1892 2955 2163 3014 octennio
2181 2954 2512 3030 theologiae
2527 2954 2825 3029 professor
2839 2950 2902 3035 (†
2921 2964 3018 3018 30.

397 3061 506 3119 gae
537 3046 599 3100 et
626 3043 689 3101 in
708 3044 1040 3103 Neumarkt
1071 3045 1251 3102 simul
1271 3062 1515 3103 munere
1545 3044 1681 3102 fun·
1738 3044 1887 3103 Julii
1927 3040 2142 3123 1645),
2190 3044 2474 3118 eloquens
2504 3045 2680 3117 plane
2712 3045 3019 3103 conciona-

398 3149 546 3208 gens
578 3132 904 3191 visitatoris
945 3133 1311 3209 palatinatus
1359 3133 1681 3209 superioris
1738 3139 1849 3194 tor.
1884 3166 1968 3176 -
2000 3131 2399 3208 Hieronymus
2438 3152 2472 3189 a
2503 3150 2546 3190 3.
2580 3132 3020 3208 Hyacintho

396 3240 503 3297 per
580 3221 894 3280 dioecesim
954 3221 1432 3284 eichstadianam.
1509 3224 1681 3280 Anno
1740 3223 1803 3282 Ο.
1856 3222 2040 3281 Carm.
2060 3266 2074 3291 ‚
2138 3221 2201 3278 in
2252 3220 2449 3279 seculo
2498 3220 2694 3278 dictus
2754 3219 3021 3279 Andreas

409 3319 574 3372 1633
608 3312 930 3386 parochum
964 3312 1089 3387 egit
1145 3311 1219 3369 ad
1253 3329 1297 3371 s.
1331 3310 1681 3369 Mauritium
1738 3312 1998 3388 Cyrus,
2043 3309 2351 3368 Cracoviae
2381 3308 2766 3367 nobilissimis
2812 3328 3017 3384 paren-

396 3398 743 3473 Ingolstadii
775 3404 954 3475 atque
987 3401 1326 3459 cathedram
1356 3400 1525 3468 rexit,
1580 3398 1682 3457 sed
1739 3400 1902 3458 tibus
1952 3407 2257 3465 11.1603,
2320 3397 2655 3473 theologiae
2705 3397 3018 3472 professor,

395 3487 563 3545 brevi
581 3492 860 3563 tempore.
895 3489 1027 3547 Jam
1048 3489 1292 3566 grandis
1308 3491 1454 3548 natu
1476 3484 1550 3571 (a.
1572 3483 1679 3569 50)
1736 3488 1978 3547 Thornii
2010 3487 2251 3564 publice
2297 3504 2430 3544 cum
2461 3486 2774 3544 haereticis
2813 3486 2900 3543 dis
2878 3504 3020 3561 pu-

396 3578 457 3634 et
502 3575 655 3634 fama
701 3577 875 3654 longe
922 3578 1158 3678 lateque
1205 3582 1380 3636 notus
1420 3578 1681 3636 Viennae
1737 3578 1894 3636 tavit
1946 3585 2111 3640 1645
2168 3572 2229 3657 (†
2265 3584 2363 3637 27.
2410 3574 2545 3633 Jan.
2585 3570 2797 3656 1647),
2849 3576 3021 3649 cujus

396 3665 737 3723 societatem
770 3666 918 3724 Jesu
962 3670 1056 3724 est
1096 3667 1401 3742 ingressus
1435 3662 1679 3746 (1637).
1737 3666 2019 3766 colloquii
2054 3667 2245 3723 ideam
2290 3664 2451 3740 typis
2495 3662 2684 3721 edidit
2713 3663 3021 3721 cracoviae

397 3750 852 3820 Quatuordecim
875 3754 1066 3822 8111113,
1102 3754 1365 3829 quibus
1350 3775 1414 3813 111
1445 3775 1512 3814 ea
1530 3754 1680 3813 vixit
1743 3765 1908 3817 1646
1945 3755 2007 3813 111
2044 3763 2099 3814 4.
2132 3771 2266 3812 011111
2309 3751 2972 3811 animadversionibus
2957 3771 3021 3809 111

394 3845 533 3915 post
563 3841 906 3899 tirocinium
942 3861 1156 3918 magno
1189 3843 1435 3914 fervore,
1484 3843 1680 3919 gratia
1734 3843 1828 3904 J0.
1849 3844 2166 3902 Hiilsem
2185 3861 2407 3900 anum
2446 3844 2507 3898 et
2527 3860 2660 3898 cum
2682 3840 3021 3901 defensione

394 3932 459 3987 et
489 3930 830 3989 auditorum
861 3931 1062 3988 fructu
1094 3931 1165 3989 de
1196 3950 1356 3990 sacro
1389 3936 1679 4009 suggestu
1734 3931 2162 3991 satisfactionis
2214 3931 2287 3989 ab
2332 3929 2431 3989 illo
2481 3929 2820 4004 requisitae,
2869 3948 3020 4005 opus

394 4018 574 4077 dixit:
628 4019 727 4078 sed
764 4019 958 4078 verbis
1005 4020 1234 4095 pondus
1282 4020 1510 4079 addidit
1538 4022 1677 4079 reli·
1734 4022 1904 4082 valde
1937 4040 2155 4081 rarum.
2189 4054 2273 4062 —
2309 4020 2661 4078 Franciscus
2693 4040 2726 4075 a
2746 4020 3020 4078 Rodra-

395 4108 559 4184 giosa
578 4110 705 4184 ejus
727 4109 868 4177 vita,
903 4127 1102 4166 rerum
1130 4109 1520 4167 humanarum
1542 4127 1677 4167 con-
1734 4129 1864 4168 sen
1912 4110 1975 4167 O.
2019 4109 2151 4185 Cap.
2215 4108 2278 4166 in
2323 4107 2610 4165 Bohemia
2670 4108 3021 4183 plerumque

395 4199 678 4273 temptuS,
713 4197 804 4256 sui
837 4197 1136 4272 depressio
1157 4199 1218 4255 et
1247 4197 1403 4271 quod
1437 4198 1499 4254 in
1520 4197 1678 4254 omni
1734 4201 2133 4257 commoratus
2167 4197 2331 4255 dedit
2361 4198 2754 4271 responsiones
2782 4197 2852 4252 ad
2888 4214 3021 4270 sep-

394 4285 524 4360 ejus
570 4286 799 4344 actione
844 4286 1132 4353 elucebat,
1181 4284 1415 4343 divinae
1460 4286 1679 4362 gloriae
1733 4287 2012 4363 tuaginta
2042 4286 2406 4361 objectiones
2438 4286 2512 4343 ab
2533 4284 2845 4342 haereticis
2879 4301 3017 4341 con-

396 4374 829 4448 promovendae
879 4374 1238 4434 desiderium
1288 4372 1348 4453 (†
1393 4384 1491 4437 26.
1537 4376 1676 4450 Apr.
1734 4375 1917 4444 fictas,
1952 4375 2312 4434 Raudniciae
2353 4383 2514 4436 1627
2553 4374 2617 4431 in
2653 4383 2705 4432 4.

407 4458 615 4542 1653).
649 4463 914 4538 Reliquit
934 4464 1164 4538 aliquot
1193 4464 1377 4522 libros
1397 4464 1679 4522 adversus

395 4553 814 4626 protestantes,
853 4557 925 4611 ut
948 4553 1079 4611 Fels
1108 4555 1212 4611 der
1229 4552 1677 4622 kath.Kirchen,

396 4640 555 4698 Lehr
600 4642 720 4698 und
766 4641 1055 4711 Glauhm,
1102 4642 1456 4719 Ingolstadii
1512 4649 1675 4704 1636
1735 4692 1858 4745 266
1885 4690 2008 4744 231
2029 4690 2164 4745 233
2194 4686 2416 4739 Streber
2433 4684 2720 4740 Kueheul
2745 4683 2839 4745 [ν
2862 4687 3023 4743 1175;

396 4764 527 4771 '—
1736 4756 2160 4827 Sommervogel
2209 4757 2614 4823 111‚5oo—7;
2679 4754 3023 4855 Steinhuber

472 4834 510 4900 ¹)
544 4829 624 4883 Cf.
654 4829 1071 4901 Sommervogel
1097 4832 1193 4896 IV,
1229 4835 1369 4889 1234
1388 4849 1428 4886 s.
1737 4830 1934 4889 Gesch,
1961 4829 2057 4882 des
2086 4827 2200 4883 Col.
2225 4843 2401 4897 germ.
2429 4832 2478 4891 1,
2503 4830 2610 4883 417
2632 4844 2672 4880 s.

2596 4918 2698 4973 33·

1815 4623 1850 4682 ¹)
1880 4615 2275 4670 Hundhausen
2315 4614 2378 4667 in
2404 4614 2489 4668 lit.
2529 4613 2763 4668 HandW.
2801 4614 2940 4668 1880
2966 4630 3018 4666 n.
