3625 5193
458 270 612 325 1081

1492 256 1664 309 Lucas
1691 254 2035 312 Holstenius.

2908 273 3073 326 1082

436 438 775 515 principum
800 440 1333 499 constitutionibus
1367 442 1427 497 et
1459 440 1598 499 aliis
1630 459 1720 500 ec·
1778 444 1930 507 tant,
1984 459 2100 515 qua
2146 440 2209 498 in
2241 441 2430 498 Deum
2475 440 2708 498 animus
2754 441 3068 503 excitatur.

437 527 652 587 clesiae
666 528 996 605 gallicanae
1018 529 1422 588 monumentis
1440 528 1724 607 (plurima
1779 530 1980 603 Atque
2012 529 2097 587 ita
2128 529 2355 588 factum
2376 531 2483 599 est,
2518 535 2589 587 ut
2613 547 2685 586 66.
2708 533 2946 604 patrum
2979 530 3069 587 di-

434 616 692 691 primum
727 613 929 698 edita),
964 617 1041 675 ib.
1070 628 1233 682 1629
1270 637 1321 676 V.
1355 627 1390 679 3
1425 618 1490 676 in
1521 618 1558 675 f.
1593 618 1721 676 Col-

434 706 608 765 lectio
640 706 889 765 eruditis
923 706 1237 766 admodum
1286 707 1551 781 probata.
1601 707 1720 765 No-

433 800 545 863 taS,
590 814 742 870 quae
787 795 990 871 magni
1034 796 1206 865 fiunt,
1256 796 1481 872 recepit
1525 796 1721 855 Labbe

433 884 497 941 in
520 902 685 942 suam
706 885 1091 943 conciliorum
1110 885 1515 943 collectionem
1533 906 1546 951 ;
1581 904 1720 960 sup-

432 971 798 1047 plementum
835 973 1049 1048 adjecit
1069 973 1281 1031 Petrus
1302 973 1375 1031 de
1406 974 1465 1031 la
1487 973 1673 1032 Laud
1689 992 1720 1031 e

435 1058 756 1141 (Sirmondi
776 1080 847 1119 ex
868 1080 1066 1122 sorore
1082 1060 1290 1144 nepos)
1310 1062 1387 1120 ib.
1413 1072 1577 1126 1666
1601 1062 1664 1119 in
1681 1062 1717 1119 f.

435 1150 685 1224 Operam
731 1168 965 1226 quoque
1012 1169 1181 1209 suam
1222 1151 1480 1210 contulit
1523 1151 1598 1209 ad
1629 1151 1717 1209 ed.

434 1238 819 1297 conciliorum
857 1258 1160 1298 romanam
1203 1248 1543 1303 1608—12
1589 1259 1643 1298 V.
1680 1250 1715 1301 4

431 1327 496 1385 in
526 1327 584 1391 f..
631 1327 729 1385 cui
775 1328 1200 1403 praefationem
1248 1329 1563 1388 admodum
1599 1329 1716 1387 uti·

431 1415 550 1473 lem
595 1417 914 1490 praemisit.
957 1418 1028 1481 B,
1072 1417 1582 1477 Theodoreti
1626 1436 1717 1492 ep.

430 1504 561 1579 Cyri
615 1522 794 1577 opera
856 1508 1049 1565 omnia
1064 1550 1084 1579 ,
1147 1525 1401 1581 quorum
1457 1506 1718 1582 plurima

431 1611 654 1668 graece,
688 1594 974 1668 quaedam
995 1595 1172 1653 etiam
1203 1596 1384 1654 latine
1402 1613 1563 1653 nunc
1597 1596 1716 1671 pri-

428 1700 596 1740 mum
642 1683 969 1757 prodeunt,
1023 1684 1101 1741 ib.
1159 1693 1320 1745 1642
1371 1704 1424 1742 v.
1460 1693 1499 1746 4
1551 1684 1612 1742 in
1645 1684 1714 1754 f.;

431 1770 831 1830 Hinomari
864 1773 1191 1831 rhemensis
1234 1773 1484 1848 archiep.
1517 1790 1713 1846 opera,

431 1858 508 1916 ib.
555 1870 716 1923 1645
756 1880 807 1922 v,
845 1871 876 1921 2
914 1861 977 1919 in
1010 1862 1072 1930 f.;
1116 1880 1158 1919 s.
1194 1862 1526 1939 Gregorii
1561 1862 1712 1920 Neo-

430 1948 819 2008 caesariensis
866 1953 930 2007 in
984 1949 1282 2026 OrIyenem
1339 1953 1527 2009 oratio
1566 1968 1713 2023 pro-

425 2037 740 2113 phonetica,
763 2038 1158 2115 graecolatine
1182 2035 1271 2121 (in
1291 2036 1427 2098 edit.
1456 2040 1502 2096 V
1519 2059 1552 2098 o
1568 2058 1594 2097 s
1614 2038 1715 2096 sii

429 2124 497 2182 cf.
534 2144 585 2199 p.
623 2121 810 2208 515);
859 2128 1133 2201 opuscula
1179 2131 1379 2202 varia,
1425 2128 1505 2186 ib.
1549 2137 1708 2190 1675

427 2233 480 2271 v.
518 2224 553 2276 3
589 2214 652 2272 in
687 2224 753 2284 83
797 2218 859 2273 et
889 2217 1179 2291 quaedam
1211 2219 1376 2287 vitae,
1427 2236 1577 2292 quae
1609 2217 1713 2274 ha-

425 2303 648 2361 bentur
677 2304 739 2362 in
771 2305 915 2363 actis
939 2306 1303 2368 Sanctorum.
1339 2306 1602 2365 Plurima
1621 2324 1712 2363 re-

428 2391 608 2466 liquit
637 2392 877 2451 inedita.

518 2489 664 2541 462.
697 2481 871 2540 Hunc
901 2483 1165 2559 proxime
1192 2486 1558 2558 sequuntur:
1592 2483 1709 2541 Lu-

426 2586 523 2628 cas
556 2570 611 2628 H
631 2589 665 2629 o
687 2570 706 2628 l
728 2590 755 2629 s
777 2577 804 2630 t
824 2590 856 2630 6
876 2573 1018 2632 niu
1037 2590 1064 2631 s
1111 2567 1369 2655 (Holste)
1416 2571 1710 2631 Hambur·

426 2659 628 2733 gensis
660 2680 715 2723 n.
751 2670 929 2731 1596,
963 2662 1069 2737 qui
1090 2663 1308 2721 studiis
1333 2663 1585 2721 feliciter
1606 2663 1709 2721 ab·

428 2748 642 2807 solutis
676 2767 737 2807 se
775 2751 1032 2810 contulit
1063 2751 1423 2828 Lugdunum
1455 2753 1707 2810 Batavo-

424 2856 576 2904 rum,
628 2838 733 2896 ubi
762 2840 1109 2914 praesertim
1142 2840 1548 2916 philosophiae
1580 2841 1707 2914 pla-

426 2925 660 2984 tonicae
691 2929 753 2985 et
783 2928 1107 2987 medicinae
1133 2948 1372 3004 operam
1404 2929 1583 2998 dedit,
1617 2935 1706 2987 at-

426 3031 540 3088 que
573 3014 879 3075 doctorum
898 3019 1162 3076 virorum
1194 3020 1265 3075 ut
1294 3017 1503 3085 Grotii‚
1537 3017 1707 3075 Gerh.

425 3102 463 3160 J
466 3104 672 3162 oannis
687 3104 900 3176 Vossii,
923 3106 1183 3165 Danielis
1199 3106 1429 3165 Heinsii
1462 3108 1524 3163 et
1536 3105 1574 3163 J
1578 3124 1706 3164 oan.

425 3191 669 3250 Meursii
716 3194 1150 3253 consuetudine
1183 3195 1507 3253 fruebatur.
1561 3194 1704 3252 Cum

425 3280 641 3339 celebri
669 3284 1005 3360 geographo
1022 3284 1295 3359 Philippo
1312 3283 1583 3343 Cluverio
1602 3302 1703 3358 pe-

424 3369 525 3426 des
556 3370 792 3429 Italiam
808 3372 1188 3447 Siciliamque
1222 3377 1408 3433 totam
1425 3392 1705 3448 peragra-

424 3458 543 3528 vit3
579 3459 855 3519 Oxoniam
880 3466 940 3519 et
957 3461 1291 3520 Londinum
1314 3462 1537 3530 invisit,
1573 3460 1704 3519 ubi-

423 3565 538 3620 que
558 3549 915 3624 cognitionis
933 3551 1403 3626 suppellectilem
1421 3550 1707 3625 ampliare

421 3635 702 3695 intentus.
751 3639 1015 3697 Muneris
1058 3640 1120 3697 in
1167 3640 1309 3699 ludo
1357 3639 1554 3715 patrio
1599 3638 1704 3696 Jo-

423 3724 653 3785 hanneo
682 3727 1015 3786 scholastici
1034 3730 1335 3804 repulsam
1354 3747 1567 3805 passus
1587 3728 1703 3785 Lu-

422 3813 598 3872 161166
630 3817 870 3875 66666611
907 3813 1152 3897 (1624),
1186 3817 1366 3892 inque
1398 3817 1704 3875 doctorum

363 3963 367 3967 Α
422 3901 699 3973 virorum,
736 3905 893 3964 inter
925 3923 1073 3980 quos
1106 3911 1279 3965 erant
1310 3909 1564 3980 uterque
1588 3905 1701 3962 Pu-

422 3994 650 4061 teanus,
686 3994 1033 4053 Sirmondus
1064 3997 1192 4065 etc„
1239 3995 1557 4052 amicitiam
1588 3993 1705 4052 fuit

420 4078 715 4139 admissus
748 4082 950 4158 ibique
979 4083 1328 4159 religionem
1360 4082 1701 4140 catholicam

420 4170 509 4224 est
538 4170 841 4245 amplexus
877 4169 1075 4250 (1624
1113 4173 1204 4229 vel
1236 4171 1441 4246 1625).
1476 4171 1556 4228 Ι)6
1593 4171 1702 4228 hu-

416 4255 516 4329 jus
549 4259 899 4317 mutationis
932 4279 1112 4318 causa
1143 4260 1229 4318 ita
1260 4259 1466 4317 scribit
1498 4259 1572 4316 ad
1593 4259 1701 4316 Fa·

420 4343 510 4402 bri
572 4346 643 4404 de
691 4347 948 4406 Peiresc:
1016 4349 1201 4416 ,Cum
1253 4368 1285 4406 a
1335 4348 1700 4414 Bessarione,

422 4432 676 4494 Steucho
707 4436 959 4511 aliisque
983 4437 1244 4495 Platonis
1278 4437 1605 4496 doctrinam
1631 4455 1700 4498 66.

417 4525 654 4595 patrum
674 4524 914 4600 scriptis
947 4525 1274 4584 confirmari
1299 4526 1577 4593 viderem,
1612 4527 1702 4583 to·

418 4611 547 4668 tum
579 4632 674 4671 me
706 4613 908 4672 latinis
929 4614 1274 4690 graecisque
1298 4615 1577 4691 operibus
1611 4613 1701 4670 le-

417 4699 629 4773 gendis
674 4701 837 4770 dedi,
887 4703 1107 4776 quibus
1155 4703 1245 4760 illi
1290 4702 1700 4777 contemplati-

420 4804 551 4844 vam
583 4794 643 4848 61
690 4791 999 4867 mysticam
1040 4792 1396 4869 theologiam
1443 4795 1699 4868 pertrac-

1779 618 1978 677 vinam
2043 636 2108 676 ac
2159 617 2406 677 solidam
2469 617 2923 693 philosophandi
2975 638 3068 676 ra·

1779 707 2002 765 tionem
2034 710 2161 764 toto
2210 707 2407 765 animo
2454 707 2794 775 admirarer,
2844 710 2903 765 61
2936 726 3068 765 mox

1778 794 2005 854 inscius
2056 795 2236 854 ferme
2287 795 2351 854 in
2401 796 2725 854 catholicae
2776 795 3070 854 Ecclesiae

1777 885 2006 958 gremio
2040 903 2133 943 me
2153 885 2544 943 constitutum
2567 903 2880 955 cernerem,
2904 885 3068 958 quod

1779 973 1897 1030 sibi
1929 991 2169 1049 quoque
2194 991 2311 1031 usu
2344 973 2574 1031 venisse
2606 972 2661 1031 d.
2684 966 3067 1049 Augustinus

1778 1063 1840 1119 in
1892 1062 2373 1122 confessionibus
2407 1057 2571 1143 (VII,
2628 1058 2736 1141 20)
2788 1065 3065 1120 testatur.

1776 1152 1973 1210 Meum
2006 1169 2145 1208 sane
2181 1152 2441 1209 animum
2479 1151 2711 1209 divinae
2759 1151 2896 1208 illae
2929 1170 3067 1209 con-

1775 1240 2196 1315 templationes
2245 1241 2388 1297 adeo
2428 1238 2501 1296 ad
2546 1239 2815 1298 veritatis
2862 1239 3064 1316 cogni-

1773 1329 1999 1387 tionem
2043 1332 2355 1387 erexerunt
2400 1330 2468 1386 61
2504 1327 2945 1401 confirmarunt,
2996 1331 3067 1386 111

1774 1436 2151 1492 nequaquam
2197 1419 2350 1475 circa
2394 1416 2575 1476 tricas
2619 1419 2679 1475 et
2721 1417 3062 1491 quaestiun-

1774 1507 1957 1575 culas,
1992 1505 2196 1580 quales
2217 1506 2288 1564 de
2321 1505 2458 1564 fidei
2483 1506 2725 1583 negotio
2745 1511 3064 1564 novatores

1773 1613 2009 1653 movere
2030 1595 2243 1663 solent,
2276 1594 2654 1670 postmodum
2687 1594 3057 1669 langueret‘

1772 1685 1947 1742 Anno
1988 1692 2150 1747 1627
2189 1684 2432 1742 Romam
2477 1683 2780 1758 profectus
2827 1685 2935 1747 est,
2990 1682 3058 1740 li-

1773 1774 1922 1831 teris
1970 1772 2288 1831 cardinalis
2336 1772 2536 1830 Franc.
2585 1772 2924 1841 Barberini,
2975 1772 3060 1829 le-

1771 1862 1897 1937 gati
1932 1864 2074 1919 tunc
2120 1861 2430 1937 apostolici
2461 1860 2535 1919 ad
2566 1861 2764 1919 aulam
2815 1861 3062 1937 regiam,

1770 1950 2075 2026 praecipui
2123 1950 2249 2025 ejus
2298 1950 2562 2025 patroni,
2630 1949 2860 2007 Urbano
2908 1948 3060 2007 VIII.

1771 2039 2227 2097 commendatus.
2275 2039 2384 2096 Hic
2427 2038 2716 2097 indefessa
2761 2057 2937 2113 opera
2969 2038 3062 2095 bi-

1770 2127 2099 2187 bliothecas
2142 2127 2442 2195 lustravit,
2493 2127 2555 2185 in
2585 2126 2792 2202 primis
2838 2127 3060 2184 vatica-

1771 2236 1924 2274 nam.
1995 2216 2350 2274 Warsaviam
2400 2215 2753 2283 (1661166166,
2808 2218 2877 2273 111
2928 2234 3057 2272 car-

1769 2306 1954 2363 dinali
2006 2306 2249 2363 Sanctae
2301 2305 2502 2363 Crucis
2562 2304 2852 2379 pileolum
2915 2304 3061 2361 rub-'

1768 2413 1901 2452 rum
1962 2393 2345 2462 transferret,
2409 2410 2610 2451 omnes
2670 2392 3060 2451 bibliothecas

1768 2482 1833 2541 in
1863 2483 1960 2541 via
1992 2482 2345 2541 constitutas
2367 2481 2571 2540 sedulo
2603 2481 2825 2539 invisit.
2860 2483 2912 2539 A
2932 2499 3055 2540 car-

1767 2571 1954 2630 dinali
1989 2571 2299 2630 Barberini
2344 2570 2664 2630 institutus
2696 2573 2785 2629 est
2831 2569 3053 2629 ditissi-

1767 2680 1896 2720 mae
1913 2680 2053 2720 suae
2071 2661 2457 2720 bibliothecae
2472 2660 2803 2736 praefectus
2820 2657 2841 2739 (
2856 2671 2871 2720 1
2886 2669 2919 2721 6
2932 2669 2965 2720 3
2977 2657 3058 2732 6),

1769 2769 1901 2809 mox
1935 2750 2009 2809 ab
2042 2750 2280 2809 Urbano
2313 2749 2468 2810 VIII.
2511 2749 2860 2808 canonicatu
2906 2749 3055 2806 vati-

1767 2857 1947 2898 canae
1980 2839 2256 2898 basilicae
2301 2843 2513 2897 auctus
2551 2841 2613 2897 61
2657 2839 2730 2897 ab
2763 2839 3056 2896 Innocen-

1764 2928 1851 2986 tio
1884 2928 1950 2987 X.
1984 2933 2186 2988 custos
2232 2928 2620 2986 renunciatus
2669 2926 3058 2985 bibliothecae

1765 3018 2100 3086 vaticanam
2171 3017 2245 3075 ab
2298 3017 2630 3075 Alexandro
2681 3015 2805 3077 VII.
2856 3014 3056 3091 magni

1763 3105 1974 3180 factus,
2023 3106 2140 3164 imo
2173 3109 2234 3163 et
2265 3106 2337 3163 ad
2381 3124 2646 3163 mensam
2689 3123 2860 3179 saepe
2891 3103 3055 3161 adhi-

1763 3194 1929 3253 bitus
1952 3199 2046 3252 est
2065 3197 2125 3252 et
2157 3194 2353 3253 dictus
2384 3194 2626 3252 auditor
2647 3196 2824 3250 rotae.
2860 3191 3055 3248 Etiam

1765 3283 1831 3340 in
1880 3282 2137 3360 negotiis
2189 3282 2602 3341 ecclesiasticis
2656 3280 2812 3338 haud
2875 3299 3054 3354 parva

1763 3377 1892 3431 erat
1924 3373 2054 3447 ejus
2102 3371 2438 3430 auctoritas,
2486 3370 2639 3428 Hinc
2682 3370 2808 3444 ipse
2840 3387 2873 3425 a
2904 3386 3052 3442 pon-

1762 3461 1919 3519 tifice
1966 3461 2355 3535 Oenipontem
2405 3458 2716 3534 ablegatus
2764 3460 2883 3525 est,
2951 3456 3055 3530 qui

1765 3550 2119 3608 christinam
2159 3549 2398 3607 Sueciae
2441 3547 2709 3622 reginam
2755 3546 2819 3604 in
2849 3545 3051 3603 Eccle-

1762 3639 1909 3696 siam
1958 3638 2248 3712 reciperet
2278 3632 2536 3714 (1655);
2584 3641 2643 3693 et
2692 3635 2755 3693 in
2801 3634 3052 3692 aliorum

1761 3726 2101 3803 principum
2152 3725 2529 3784 conversione
2592 3723 2750 3782 haud
2805 3722 3055 3781 ultimas

1762 3816 1975 3874 habuit
2018 3817 2238 3891 partes.
2288 3814 2539 3871 Demum
2589 3822 2643 3873 2.
2678 3812 2845 3874 Febr.
2885 3820 3042 3872 1661

1762 3924 1829 3963 ex
1863 3905 1971 3962 hac
2003 3904 2126 3961 vita
2157 3903 2438 3978 migravit
2454 3898 2500 3984 ¹)
2534 3921 2688 3960 anno
2721 3900 2930 3960 aetatis
2951 3910 3048 3960 65.

1838 4096 1877 4156 ¹)
1908 4090 2078 4144 Plura
2119 4090 2188 4144 de
2229 4090 2352 4160 ejus
2394 4090 2514 4143 vita
2554 4093 2624 4149 cf,
2666 4107 2755 4158 ap.
2794 4087 3055 4140 Wilkens

1761 4161 1947 4215 Leben
1995 4161 2090 4215 des
2137 4162 2429 4230 gelehrten
2475 4160 2534 4214 L.
2582 4161 2682 4222 H..
2738 4157 3051 4224 Hamburgi

1763 4236 1933 4292 17232
1974 4233 2160 4296 Raess,
2208 4233 2299 4285 die
2328 4232 2697 4287 Convertiten
2728 4231 2789 4291 V,
2820 4233 2921 4285 186
2948 4245 3047 4284 ss.:

1761 4304 1930 4358 Leon.
1946 4303 2219 4357 Allatium
2240 4305 2389 4373 Apes
2410 4305 2659 4356 urbanae
2676 4319 2729 4370 p.
2748 4303 2876 4358 ⁶256:
2901 4298 3051 4353 Bois-

1760 4375 1968 4428 sonade
2008 4375 2067 4427 in
2110 4374 2285 4444 biogr.
2328 4373 2480 4427 univ.
2511 4374 2628 4438 XX,
2668 4375 2774 4426 484
2810 4386 2877 4422 ss.
2907 4371 2965 4422 et
2990 4369 3048 4421 L.

1761 4446 2044 4499 Holstenii
2084 4463 2171 4513 ep.
2200 4446 2271 4499 ad
2298 4445 2564 4506 diversos,
2606 4459 2748 4510 quas
2775 4458 2839 4494 ex
2882 4440 3049 4492 editis

1759 4521 1817 4570 et
1841 4516 2070 4569 ineditis
2099 4517 2255 4570 codd.
2283 4516 2433 4569 idem
2459 4513 2691 4582 collegit
2716 4515 2773 4564 61
2797 4510 2857 4563 ill
2868 4515 3047 4563 nstra-

1759 4587 1861 4650 vit,
1906 4587 2133 4640 Parisiis
2175 4591 2310 4643 1817
2354 4586 2413 4638 in
2440 4591 2503 4642 ὃς
2547 4584 2741 4654 Dupin
2770 4581 2968 4643 XVIII,
2998 4586 3048 4644 1,

1759 4659 1861 4725 qui
1888 4658 2008 4727 ejus
2034 4658 2424 4714 eruditionem.
2463 4655 2746 4725 judicium
2789 4668 2963 4721 sagax
2990 4654 3043 4705 61

1758 4728 2016 4783 criticum
2067 4728 2296 4796 stilique
2356 4727 2594 4781 nitorem
2659 4722 3047 4802 commendat3

1757 4799 2077 4854 Fabricium
2104 4805 2155 4865 2,
2181 4805 2304 4862 410,
2345 4804 2401 4852 61
2442 4797 2622 4853 Feller
2662 4797 2754 4860 IV,
2781 4799 2902 4859 472,
2947 4811 3048 4861 qui
