3625 5193
916 210 1246 281 Sangrinus,
1275 208 1504 275 Vielmi,
1531 209 1720 275 Gerbi,
1748 210 2064 276 Buonricci,
2090 210 2326 280 Capalla
2353 215 2455 266 etc.

375 229 508 282 ⁴265
2877 228 3004 283 266

377 397 445 456 ·in
462 396 614 455 omni
630 396 899 455 bonitate
919 399 981 454 et
1000 396 1314 454 sanctitate
1335 395 1666 461 redimitus,
1726 395 1851 453 schi
1865 393 1927 470 ¹).
1948 428 2033 439 —
2048 395 2353 454 Lectiones
2368 396 2437 454 de
2455 398 2716 454 terrestri
2720 395 3008 471 paradiso

387 485 674 562 religione
705 487 766 543 et
797 485 924 544 vita
954 486 1258 561 probatus,
1292 484 1475 542 abbas
1498 487 1559 543 et
1578 503 1670 543 re·
1725 484 1889 560 typis
1931 483 2097 542 dedit
2116 485 2513 560 Hieronymus
2555 484 2900 552 Quainus
2933 485 3005 544 de

387 578 683 633 staur-ator
722 572 990 632 coenobii
1038 573 1355 632 casinensis
1405 569 1466 654 (†
1506 582 1669 635 1593
1728 574 1972 631 Patavio
2005 572 2069 635 Ο.
2104 573 2158 630 S.
2191 572 2246 631 b.
2282 574 2353 630 M.
2389 573 2453 631 V.
2494 574 2873 633 concionator
2916 575 3006 633 in-

373 684 440 722 .a.
471 663 680 722 aetatis
716 659 843 742 93).
879 666 1056 737 poeta
1076 662 1327 738 insignis
1343 666 1403 720 et
1419 661 1672 720 admira·
1728 662 1940 738 signiS,
1994 681 2036 719 a.
2090 662 2428 737 Scripturas
2482 662 2547 720 in
2596 664 2788 738 patrio
2837 683 3007 740 gym-

384 752 524 810 bilis
556 755 791 827 praeter
837 750 1275 826 quamplurima
1323 751 1570 809 ascetica
1611 755 1672 808 et
1727 751 1895 809 nasio
1942 751 2237 825 professor
2269 747 2332 832 (†
2368 760 2466 814 31.
2500 752 2631 809 Jan.
2676 749 2885 830 1582).
2919 784 3008 794 -

389 841 613 918 poetica
625 836 676 919 1)
710 839 971 899 Psalmos
983 840 1133 898 mira
1148 840 1522 915 paraphrasis
1544 843 1672 898 arte
1729 840 2108 898 Marcellinus
2126 840 2510 916 Evangelista
2530 840 2577 898 G
2593 860 2624 899 e
2639 860 2670 897 r
2684 840 2760 898 bi
2780 840 2845 899 Ο.
2868 841 3005 899 Min.

385 929 687 1006 colligavit
706 928 836 987 imit
845 929 1045 988 atione
1064 929 1486 998 Hebraeorum,
1523 947 1673 1003 quae
1726 930 2014 987 Etruscus
2045 928 2409 987 ecclesiastes
2428 929 2551 988 zelo
2571 929 2781 988 ardens
2800 934 2860 987 et
2880 930 3006 988 val-

386 1018 760 1095 paraphrasis
790 1021 984 1076 exstat
1012 1017 1272 1076 Venetiis
1296 1027 1480 1088 15403
1506 1016 1672 1076 Basi-
1727 1017 1799 1076 de
1832 1016 2145 1092 proficuus,
2168 1036 2342 1093 quem
2364 1018 2608 1076 Romani
2629 1018 2884 1076 libenter
2903 1037 3007 1094 per

387 1109 511 1166 leae
535 1111 652 1171 155
670 1117 690 1168 1
706 1128 719 1177 ;
737 1106 960 1165 Romae
976 1117 1000 1167 1
1019 1115 1138 1169 587
1160 1106 1224 1164 in
1243 1116 1298 1168 4.
1315 1098 1401 1149 —4
1419 1107 1511 1165 Ita
1529 1106 1672 1164 Bar·
1731 1114 1812 1167 24
1836 1125 2125 1164 annorum
2145 1125 2384 1164 cursum
2404 1107 2723 1167 audierunt
2739 1102 2801 1188 (†
2824 1117 3003 1179 1593,

373 1196 753 1255 vtholomaeus
769 1196 816 1253 Β
834 1214 867 1253 o
883 1200 909 1252 t
926 1198 953 1252 t
970 1213 1019 1262 a,
1040 1196 1409 1270 praepositus
1430 1195 1671 1270 papien·
1728 1194 2050 1253 secundum
2086 1196 2164 1252 Le
2196 1195 2360 1271 Long
2385 1206 2406 1257 l
2428 1191 2597 1274 597),
2616 1199 2849 1270 praeter
2867 1213 3006 1254 con-

385 1285 468 1343 sis
510 1281 592 1366 (fl.
649 1278 843 1366 1581)
893 1287 1098 1343 auctor
1142 1288 1231 1343 est
1262 1303 1352 1359 op.
1402 1283 1672 1359 inscripti
1728 1284 1924 1342 ciones
1970 1287 2078 1344 etc.
2124 1283 2373 1359 reliquit
2418 1283 2657 1342 Lezioni
2690 1302 2867 1358 sopra
2898 1286 3005 1342 ill.

393 1374 679 1431 Decidius
698 1392 802 1431 seu
821 1372 1036 1447 psalmi
1046 1373 1287 1432 Davidis
1303 1372 1558 1431 carmine
1570 1374 1672 1430 he·
1727 1375 1820 1431 dei
1844 1373 2097 1442 Giudici,
2122 1372 2389 1431 Venetiis
2412 1384 2436 1435 1
2457 1382 2577 1436 598
2596 1395 2608 1442 ;
2630 1391 2810 1446 sopra
2830 1374 3006 1448 Ruth,

375 1467 649 1521 :ametro
693 1465 753 1520 et
788 1464 1154 1536 pentametro
1185 1482 1315 1520 cum
1354 1461 1671 1520 uberrimis
1726 1462 2056 1520 Florentiae
2094 1472 2293 1530 15843
2327 1465 2721 1520 Annotazioni
2750 1481 2928 1537 sopra
2948 1465 3004 1520 la

391 1551 841 1619 commentariis,
892 1550 1079 1609 Ticini
1135 1562 1160 1612 1
1179 1559 1336 1620 5803
1410 1551 1672 1610 Venetiis
1727 1551 1923 1609 Storia
1964 1552 2025 1608 di
2075 1551 2297 1626 Giudit,
2351 1551 2566 1609 Romae
2622 1561 2818 1622 16223
2871 1553 3006 1610 Ser-

404 1649 581 1704 1561.
660 1672 748 1683 —-
825 1639 1219 1716 Hieronymus
1294 1639 1672 1698 Vielmius
1724 1640 1887 1698 moni
1928 1649 2001 1702 15
2036 1657 2215 1714 sopra
2249 1641 2292 1697 il
2322 1640 2519 1698 Salmo
2557 1643 2681 1699 109
2714 1641 2857 1699 fatti
2886 1641 3004 1717 agli

377 1729 454 1790 —0.
487 1728 689 1787 Praed.
723 1727 1007 1796 VenetuS,
1044 1728 1137 1787 vir
1169 1748 1276 1787 sua
1309 1732 1504 1787 aetate
1550 1729 1668 1787 sin-
1725 1729 1928 1787 hebrei
1960 1728 2018 1786 di
2047 1730 2245 1798 Roma,
2279 1728 2614 1787 Florentiae
2658 1740 2854 1798 15833
2903 1730 3007 1788 Le·

388 1818 579 1894 gulari
629 1816 985 1875 eruditionis
1043 1818 1219 1875 laude
1271 1819 1387 1875 suit
1436 1818 1668 1893 conspi-
1724 1818 1879 1876 zioni
1900 1835 2077 1891 sopra
2111 1820 2169 1876 la
2201 1813 2520 1896 Cantica2),
2554 1818 2631 1876 ib.
2675 1828 2868 1888 1599;
2914 1837 3004 1876 so-

389 1924 551 1965 cuus.
584 1907 738 1964 Eum
770 1925 819 1964 a.
860 1915 1027 1968 1554
1060 1909 1303 1965 senatus
1323 1909 1572 1965 venetus
1595 1907 1669 1965 ob
1718 1927 1839 1981 pra
1900 1908 2151 1981 Abacuc,
2200 1906 2277 1967 ib.
2333 1915 2532 1976 1585;
2583 1925 2759 1981 sopra
2816 1908 3005 1965 Gioua

389 1996 720 2072 praeclaras
764 1995 930 2052 dotes
977 1994 1050 2053 ad
1101 1996 1389 2054 lecturam
1441 1996 1668 2054 theolo-
1725 1995 2470 2070 Profeta,Bononiae1579
2490 1996 3001 2066 ;Camerini1581;

389 2085 515 2160 giae
566 2084 878 2160 promovit.
931 2083 1288 2142 Sexennium
1333 2084 1668 2143 cathedram
1721 2103 1899 2160 sopra
1952 2085 2207 2160 Daniele,
2257 2083 2523 2142 Venetiis
2578 2095 2778 2154 1588;
2827 2103 3005 2160 sopra

385 2173 588 2230 tenuit
616 2175 786 2230 tanta
816 2171 910 2230 sui
941 2173 1200 2231 nominis
1232 2172 1405 2242 fama,
1428 2175 1498 2231 ut
1524 2173 1669 2231 Pius
1724 2171 1762 2230 l’
1779 2175 2127 2248 Apocalissi‚
2171 2173 2234 2230 ib
2266 2172 2329 2230 in
2366 2181 2418 2234 8.
2452 2175 2559 2230 etc.
2593 2207 2681 2217 --
2713 2174 3003 2249 Hierony-

391 2260 486 2319 IV.
519 2262 592 2319 de
635 2261 1030 2329 instauranda
1076 2261 1380 2337 Sapientia
1426 2281 1668 2320 romana
1726 2280 1858 2319 mus
1911 2262 1983 2319 de
2031 2262 2388 2320 Pertoles
2439 2261 2675 2336 scripsit
2724 2281 3001 2320 commen·

390 2350 676 2414 solicitus,
725 2368 861 2407 eum
909 2350 973 2408 in
1014 2350 1227 2408 Urbem
1276 2351 1667 2421 accersiverit,

392 2440 493 2514 qui
526 2456 723 2497 sacras
757 2438 977 2497 ibidem
1010 2437 1213 2498 literas
1248 2440 1666 2514 interpretare-

388 2531 488 2585 tur
520 2523 596 2609 (a.
639 2525 850 2607 1560).
892 2528 1120 2586 Patavii
1166 2528 1520 2604 discipulum
1568 2528 1668 2587 ha-

389 2618 523 2675 buit
556 2635 600 2675 s.
634 2617 911 2676 Carolum
941 2618 1382 2688 Borromaeum‚
1404 2618 1508 2693 qui
1529 2619 1668 2676 Hie-

388 2725 704 2782 ronymum
752 2706 966 2764 affectu
1012 2707 1306 2783 singulari
1351 2725 1671 2782 proseque-

386 2795 568 2853 batur
598 2798 662 2854 et
693 2795 850 2870 apud
881 2795 1215 2871 pontificem
1247 2797 1389 2873 egit,
1413 2800 1483 2854 ut
1501 2815 1668 2873 argo-

389 2884 625 2942 licensis
657 2884 719 2941 in
751 2884 1112 2958 Peloponeso
1130 2888 1428 2943 crearetur
1447 2885 1671 2960 episco-

387 2991 499 3047 pus
551 2967 801 3052 (1563).
864 2973 1151 3032 Interfuit
1205 2974 1397 3032 adhuc
1446 2973 1670 3050 synodo

379 3060 764 3131 tridentinae,
813 3061 1003 3120 factus
1053 3061 1264 3121 deinde
1309 3066 1400 3121 est
1442 3062 1670 3138 patavi-

387 3168 497 3208 nae
530 3149 691 3209 sedis
724 3152 785 3209 et
815 3151 1103 3209 antistitis
1146 3152 1211 3209 in
1257 3152 1671 3226 spiritualibus

384 3240 642 3298 vicarius
691 3240 982 3316 generalis
1032 3244 1093 3299 et
1143 3240 1459 3309 auxiliaris,
1511 3243 1672 3297 tum-

383 3347 503 3403 que
534 3328 759 3386 iterum
788 3347 822 3385 a
854 3331 1067 3387 senatu
1098 3334 1309 3386 veneto
1330 3330 1401 3387 ad
1424 3329 1670 3387 docendi

387 3436 610 3475 munus
643 3419 1062 3475 resumendum
1095 3418 1400 3487 invitat-us,
1437 3437 1481 3479 s.
1516 3418 1670 3476 Scri-

386 3510 601 3581 pturae
634 3504 973 3564 cathedram
1007 3505 1122 3564 sibi
1156 3505 1416 3565 oblatam
1448 3507 1674 3581 accepit

377 3588 620 3676 (1565)
673 3612 865 3669 usque
912 3594 1055 3653 dum
1113 3595 1439 3653 translatus
1495 3596 1674 3654 fuerit

388 3679 619 3763 (1570)
667 3682 740 3741 ad
786 3682 1087 3742 ecclesiam
1134 3684 1565 3742 aemoniensem
1611 3682 1672 3765 (†

393 3782 450 3833 7.
483 3770 685 3830 Martii
725 3767 937 3852 1582).
972 3772 1177 3830 Edidit
1210 3772 1367 3831 inter
1398 3773 1544 3832 alia:
1583 3774 1673 3831 De

388 3879 489 3918 sex
517 3860 717 3919 diebus
746 3863 960 3919 conditi
989 3862 1161 3936 orbiS,
1196 3861 1456 3920 Venetiis
1487 3870 1670 3931 1575,

379 3949 791 4024 complectens
848 3958 926 4011 30
980 3950 1264 4008 lectiones
1313 3950 1374 4007 in
1427 3952 1564 4009 Gen.
1620 3962 1670 4021 1,

1725 2354 1884 2409 taria
1934 2351 1996 2407 in
2055 2360 2132 2412 ‘26
2180 2350 2371 2424 capita
2419 2350 2616 2424 priora
2664 2350 3002 2420 Ezechielis,

1725 2440 1941 2498 Romae
1982 2450 2166 2501 1596.
2200 2473 2285 2481 -·-
2316 2438 2640 2514 Angelicus
2686 2439 3004 2497 Buonri-

1725 2528 1892 2586 cius
1938 2528 2198 2586 Venetus
2244 2545 2366 2585 can.
2414 2546 2533 2604 reg.
2568 2546 2609 2584 s.
2645 2527 2796 2588 Salv.
2830 2547 3003 2604 supe-

1723 2619 1845 2677 rior
1875 2617 2165 2695 generalis
2184 2620 2418 2692 praeter
2434 2618 2877 2676 Dichiarazione
2908 2616 3003 2675 dei

1726 2707 1876 2765 sacri
1910 2707 2107 2777 Salmi,
2140 2706 2405 2766 Venetiis
2445 2715 2609 2769 1584
2643 2707 2707 2764 in
2747 2717 2821 2776 4.,
2869 2706 3004 2764 reli-

1724 2796 1859 2871 quit
1878 2797 1962 2854 Le
1980 2798 2252 2854 cristiano
2266 2814 2293 2853 e
2306 2795 2492 2853 devote
2501 2796 2821 2869 parafrasi
2834 2814 3006 2871 sopra

1725 2888 1887 2944 tutte
1933 2885 1967 2941 l‘
1987 2884 2229 2960 epistole
2276 2884 2333 2941 di
2368 2903 2410 2943 S.
2444 2884 2622 2943 Paolo
2668 2902 2699 2942 e
2747 2885 2803 2941 le
2834 2903 3003 2943 cano·

1725 2974 1917 3043 niche,
1967 2974 2045 3031 ib.
2087 2983 2285 3040 1565;
2333 2990 2513 3046 sopra
2541 2973 2619 3050 91²
2639 2973 2913 3048 Evanyeli
2944 2973 3003 3030 di

1728 3082 1769 3120 s.
1788 3063 2008 3121 Matteo
2040 3081 2071 3120 e
2102 3080 2144 3123 s,
2163 3061 2423 3125 Giovani,
2454 3062 2517 3119 in
2536 3061 2860 3120 Ghirlanda
2885 3061 3004 3137 spi-

1725 3151 1941 3209 rituale
1993 3151 2105 3209 sub
2152 3150 2331 3209 titulo
2363 3150 2516 3209 Fiori
2546 3149 2674 3218 XII,
2709 3151 2788 3209 ib.
2839 3159 3002 3213 1569

1726 3241 1789 3299 in
1827 3250 1880 3301 4.
1913 3273 2000 3284 —
2034 3238 2403 3298 Hilarion
2434 3238 2497 3301 O.
2534 3238 2588 3300 S.
2620 3239 2762 3296 Ben.
2809 3257 3003 3314 congr.

1727 3328 2061 3398 casinensiS‚
2109 3328 2431 3386 Genuensis
2465 3323 2526 3406 (†
2577 3324 2769 3406 1585)
2817 3326 3007 3384 edidit

1728 3417 2146 3477 commentaria
2207 3435 2312 3474 seu
2361 3415 2894 3474 animadversiones
2944 3417 3006 3471 in

1726 3513 2095 3565 sacrosancta
2147 3505 2475 3580 Evanyelia,
2522 3503 2752 3561 Brixiae
2807 3511 2966 3565 1567
2992 3525 3006 3572 ;

1736 3605 1900 3658 1578
1934 3596 1976 3651 t.
2015 3604 2048 3656 2
2084 3594 2149 3651 in
2183 3603 2237 3653 4.
2272 3625 2357 3635 —
2390 3592 2817 3651 commentaria
2841 3592 3005 3650 locu-

1727 3682 2057 3759 pletissima
2086 3685 2149 3739 in
2180 3688 2573 3740 testamentum
2607 3688 2656 3739 et
2676 3681 3003 3756 passionem

1730 3773 1802 3836 D.
1837 3773 1911 3832 N.
1945 3771 2004 3829 J.
2039 3770 2262 3829 Christi
2295 3816 2307 3828 .
2342 3814 2355 3827 .
2389 3814 2402 3827 .
2435 3769 2595 3845 quod
2630 3769 2776 3827 alias
2817 3786 3007 3827 sermo

1729 3861 2059 3921 dominicus
2091 3862 2151 3917 et
2174 3860 2443 3918 coelestis
2467 3859 2784 3917 thesaurus
2806 3858 3007 3933 appel-

1727 3951 1901 4021 latur,
1934 3948 2179 4023 reliquit
2197 3948 2236 4006 J
2239 3967 2454 4007 oannes
2474 3948 2661 4006 Maria
2692 3947 2731 4005 C
2749 3966 2783 4005 a
2796 3966 2835 4022 p
2852 3946 2920 4003 al
2938 3947 3011 4004 la

389 4056 537 4112 quas
551 4038 766 4096 habuit
786 4038 1006 4097 Patavii
1027 4040 1468 4113 scripturarum
1486 4040 1672 4097 inter·
1727 4039 1790 4098 Ο.
1827 4038 2030 4097 Praed.
2064 4038 2316 4096 Insuber
2347 4034 2408 4120 (†
2449 4035 2655 4114 1596),
2687 4036 2865 4094 etiam
2897 4035 3009 4093 sub

385 4145 555 4201 pres3
589 4128 660 4185 de
692 4128 989 4202 episcopis,
1010 4145 1158 4201 quos
1191 4128 1452 4185 tica-lares
1469 4129 1670 4203 appel·
1726 4127 1904 4186 titulo
1954 4128 2117 4186 Arca
2163 4128 2371 4185 salucia
2401 4127 2704 4200 humanae,
2742 4123 3007 4183 Venetiis

390 4215 532 4285 lant,
567 4215 960 4284 elucubratio,
995 4215 1073 4273 ib.
1120 4225 1316 4287 158ος
1349 4218 1490 4275 ded.
1524 4216 1667 4275 Tko-

387 4321 516 4361 mae
546 4306 865 4381 Aquinatis
895 4306 1159 4362 doctrina
1191 4314 1239 4362 el
1270 4307 1502 4380 scriptis
1533 4306 1587 4363 ll.
1614 4315 1668 4375 2,

1808 4341 1841 4399 1)
1872 4333 2055 4386 Storia
2097 4332 2247 4386 della
2285 4335 2403 4389 lett.
2449 4333 2511 4385 it.
2553 4332 2613 4384 P.
2655 4336 2703 4387 7.
2744 4330 2779 4383 l.
2810 4335 2858 4387 1.
2886 4347 2930 4384 c.
2958 4334 3007 4385 2.

392 4392 620 4451 Patavii
662 4403 863 4464 15643
896 4392 1276 4452 vindobonae
1303 4403 1490 4463 1763,
1514 4394 1670 4469 quod
1727 4423 1783 4457 n.
1810 4408 1912 4464 282
1958 4403 2179 4457 Echard
2220 4403 2287 4468 ΙΙ,
2328 4408 2434 4461 264
2459 4421 2533 4462 s.;
2578 4402 2645 4455 cf.
2692 4417 2841 4455 nova
2879 4402 3009 4454 acta

391 4497 540 4556 opus
605 4481 927 4540 admodum
992 4482 1363 4541 commendat
1433 4483 1672 4541 Tirabo-
1729 4475 1881 4536 erud.
1909 4475 2035 4544 lips.
2067 4479 2206 4531 1755
2235 4492 2289 4543 p.
2315 4478 2579 4533 417—24.

1804 4553 1843 4612 2)
1870 4546 2107 4614 Prosper
2130 4545 2177 4597 R
2193 4563 2225 4600 o
2242 4564 2267 4599 s
2282 4564 2309 4598 s
2323 4562 2352 4599 e
2367 4548 2393 4597 t
2409 4563 2446 4598 u
2462 4562 2488 4598 s
2526 4561 2626 4599 seu
2652 4543 2919 4597 Rossinus
2947 4541 3008 4597 Ο.

469 4624 505 4682 ¹)
532 4617 615 4671 cf.
645 4615 910 4671 Placidus
933 4616 992 4669 in
1019 4617 1207 4687 suppl.
1224 4618 1297 4671 ad
1312 4633 1505 4686 opusc.
1524 4617 1676 4671 Petri
1731 4617 1885 4671 Serv.
1913 4618 1965 4671 b.
1991 4618 2064 4671 M.
2086 4617 2151 4669 V.
2180 4616 2504 4670 florentinus
2544 4614 2755 4684 pariter
2790 4613 3012 4683 scripsit

391 4686 541 4743 Diac.
569 4688 641 4742 de
667 4687 808 4742 viris
831 4687 915 4744 ill.
939 4688 1108 4741 casin.
1137 4704 1182 4741 c.
1199 4689 1308 4745 Sin
1326 4688 1410 4742 ed.
1439 4689 1676 4743 Fabricii
1732 4688 2136 4742 commentaria
2160 4693 2215 4741 in
2242 4691 2445 4743 cantica
2466 4690 2810 4750 canticorum,
2838 4686 3011 4739 Vene-

383 4757 534 4815 Bibl.
560 4759 690 4814 eccl.
717 4759 1033 4829 Hamburgi
1059 4762 1214 4816 1718.

1732 4760 1827 4812 tiis
1856 4763 1995 4817 1594
2019 4759 2078 4812 in
2105 4764 2155 4814 4.
