3625 5193
617 210 741 264 419

977 196 1343 248 1601—1620.
1371 190 1561 245 Theol.
1591 192 1702 261 pol.
1729 194 1789 244 in
1817 192 2028 262 Belgio.
2056 190 2374 254 Βο011011110,
2400 190 2636 255 Simone,
2666 189 2873 256 Cuyck‚

3105 207 3232 261 420

615 380 766 453 Cup„
799 377 1205 452 philosophiae
1238 382 1297 434 et
1328 377 1656 453 theologiae
1690 379 1892 448 lector,
1951 377 2252 437 sacrificiis
2284 376 2643 452 generatim;
2693 376 2844 433 alter
2885 373 2956 433 de
2989 375 3234 433 catholi-

613 467 752 525 dein
786 470 1067 525 strenuus
1087 466 1511 535 missionariuS‚
1532 467 1732 541 plures
1766 468 1894 526 Cal·
1951 486 2156 526 corum
2176 466 2352 524 unico
2379 465 2659 524 sacrificio
2682 464 2797 522 late
2818 468 3055 532 tractat,
3081 464 3235 522 Gan-

612 556 879 613 vinianos
925 555 996 613 ad
1044 574 1242 613 veram
1288 555 1464 613 fidem
1508 556 1758 625 reduxit,
1793 575 1893 614 ve·
1951 556 2086 613 davi
2128 564 2288 618 1556
2339 554 2402 613 in
2456 562 2523 621 83
2570 554 2970 630 Apooneticus
2989 571 3108 627 pro
3139 555 3236 610 de-

610 662 765 702 neno
798 644 912 719 ipsi
944 648 1259 719 propterea
1291 644 1489 702 oblato
1524 644 1598 702 ad
1629 644 1896 718 praemia
1945 646 2161 716 functis
2194 643 2246 700 h.
2268 661 2317 701 e.
2338 662 2444 717 pro
2477 643 2587 710 hie,
2619 642 2725 717 qui
2756 643 3054 700 communi
3078 660 3234 700 mor-

614 734 872 792 evolavit
891 753 939 791 a.
972 744 1156 802 1616,
1178 732 1405 791 relictis
1427 733 1656 808 aliquot
1675 734 1894 792 libellis
1949 733 2163 792 talium
2195 732 2340 790 sorti
2373 731 2563 806 erepti
2582 731 2697 790 sibi
2719 731 2865 806 ipsis
2885 736 3092 789 contra
3112 751 3232 790 ma·

614 823 896 881 adversus
918 822 1259 883 haereticos,
1281 855 1348 865 -
1371 821 1709 881 Bernardus
1732 823 1893 881 Ver-

611 930 746 987 ger
793 911 859 974 O.
893 912 1031 969 Min.
1069 911 1279 970 Recoll.
1322 911 1561 986 scripsit
1612 910 1892 969 adversus

614 1001 908 1059 Rivetum.
956 1033 1042 1043 -—
1087 999 1387 1057 Adversus
1435 1000 1675 1058 Petrum
1722 1000 1892 1058 Moli-

615 1108 832 1149 naeum
888 1088 1156 1162 aliosque
1209 1088 1516 1147 ministros
1569 1088 1893 1147 haereticos

613 1178 956 1236 Franciscus
987 1177 1299 1236 Pradiel
1333 1177 1395 1235 Ο.
1430 1177 1568 1235 Min.
1598 1177 1894 1237 Ludovico

611 1266 766 1324 x111.
800 1270 860 1325 et
891 1266 1038 1324 XIV.
1071 1286 1105 1325 a
1137 1266 1517 1325 concionibus
1558 1263 1639 1346 (fl.
1685 1271 1892 1341 1620).

712 1508 848 1559 180.
883 1498 929 1555 Ε
963 1499 1170 1574 Belyis,
1205 1499 1309 1572 qui
1341 1517 1483 1574 prae
1530 1500 1741 1557 ceteris
1789 1500 1895 1557 fio-

614 1587 861 1653 ruerint‚
884 1586 1166 1644 videntur
1184 1605 1311 1645 esse
1325 1584 1400 1663 ¹):
1436 1588 1646 1646 Petrus
1680 1588 1749 1646 de
1770 1589 1818 1645 B
1835 1608 1894 1646 a·

612 1694 643 1732 c
658 1675 697 1732 k
714 1694 744 1733 e
762 1694 791 1731 r
807 1694 837 1732 e
872 1675 937 1738 Ο.
973 1675 1170 1732 Praed.
1195 1672 1554 1755 (Baokerius‚
1577 1677 1896 1735 Bucherius

613 1762 649 1831 †
691 1774 843 1826 1601
889 1782 1072 1822 annos
1105 1784 1161 1826 n.
1201 1766 1307 1843 84)
1345 1764 1764 1835 GandavensiS,
1792 1765 1896 1841 qui

615 1870 797 1910 annos
833 1863 910 1915 60
947 1852 1127 1910 variis
1174 1853 1235 1909 in
1284 1853 1627 1912 civitatibus
1666 1855 1894 1912 theolo-

613 1942 773 2017 giam
820 1941 1038 2008 docuit,
1086 1946 1286 2000 orator
1334 1943 1546 2000 ardens
1592 1942 1896 2020 ingentem

615 2030 952 2089 auditorum
1000 2046 1273 2089 coronam
1320 2031 1512 2107 coegit
1563 2050 1896 2108 magnaque

615 2119 1017 2177 sollicitudine
1049 2138 1186 2178 oves
1219 2120 1291 2177 ab
1326 2119 1587 2178 Ecclesia
1617 2121 1893 2179 aberran-

612 2212 704 2265 tes
721 2210 997 2267 reducere
1009 2208 1070 2265 in
1085 2209 1299 2267 Christi
1314 2204 1715 2290 sategittovile9
1739 2209 1896 2268 unde

617 2298 796 2355 etiam
830 2298 1038 2356 Gensis
1070 2297 1306 2356 invisus
1357 2298 1488 2355 fuit.
1539 2297 1713 2356 Plura
1758 2299 1897 2356 reli-

614 2387 749 2460 quit
795 2405 986 2462 opera,
1030 2389 1189 2445 inter
1233 2405 1411 2461 quae:
1456 2386 1529 2445 In
1578 2386 1896 2445 Misolitur-

610 2494 711 2552 yos
744 2475 799 2532 h.
832 2494 878 2533 e.
913 2477 1127 2533 missae
1159 2493 1355 2533 osores
1388 2474 1570 2533 libelli
1592 2475 1727 2543 du0‚
1751 2494 1896 2549 quo-

614 2583 747 2622 rum
810 2575 857 2625 1.
893 2565 962 2621 de
1003 2564 1362 2622 Judaeorum
1411 2582 1898 2638 paganorumque

697 2825 731 2888 ιᾗ)
760 2818 1276 2872 Praetermittimus
1321 2821 1402 2872 Ae
1448 2818 1629 2872 ’dium
1675 2837 1786 2873 van
1832 2822 1901 2874 de

616 2890 685 2941 W
705 2889 808 2943 all
825 2908 854 2944 e
892 2890 1255 2958 Brugensem‚
1283 2891 1415 2944 theo
1441 2890 1603 2958 ogiae
1628 2892 1901 2961 professo-

615 2979 730 3015 rem
744 2962 805 3014 in
816 2961 1181 3015 universitate
1192 2961 1430 3015 Lovanii
1443 2972 1489 3030 (†
1501 2964 1709 3018 28001..
1723 2968 1900 3029 1603),

615 3033 778 3101 cujus
797 3035 980 3086 exstat
1007 3038 1317 3101 paramwsis
1347 3038 1680 3103 antiquitatis
1712 3046 1901 3090 contra

616 3121 893 3157 novorum
936 3104 1267 3173 dogmatum
1305 3109 1623 3170 sectatores,
1664 3107 1901 3160 Lovanii

618 3180 757 3231 1595
783 3208 848 3215 -
880 3175 1229 3228 Guilelmum
1269 3176 1313 3228 Τ
1328 3176 1438 3230 001
1460 3177 1493 3231 b
1509 3193 1540 3229 0
1559 3193 1589 3229 o
1608 3196 1662 3230 m
1687 3179 1903 3246 pariter

616 3247 959 3316 Brugensem
989 3265 1043 3302 n.
1070 3247 1216 3300 circa
1253 3264 1301 3300 a.
1332 3251 1487 3311 1540,
1529 3248 1629 3315 qui
1668 3252 1903 3320 propter

616 3318 815 3382 zelum,
845 3337 1012 3387 quem
1040 3319 1310 3373 adversus
1339 3318 1699 3373 calvinianos
1717 3321 1902 3375 verbis

615 3391 1901 3531 3221?‘isiflssfiif’tffiitidiliffljssiissffffifffieiss'

615 3534 783 3586 cessit
799 3534 1103 3588 canonicus
1119 3537 1176 3587 et
1201 3532 1629 3586 archidiaconus
1645 3539 1729 3589 21.
1746 3536 1899 3604 Sept.

620 3609 756 3660 1608
771 3638 833 3644 —
852 3604 1149 3657 Olorinum
1167 3605 1205 3656 C
1218 3621 1254 3671 y
1267 3621 1435 3672 gnae
1448 3623 1482 3656 11
1495 3623 1550 3656 m
1563 3606 1898 3674 (Arnoldum

616 3679 881 3744 §vv-aens),
928 3676 1087 3743 cujus
1127 3675 1396 3743 opuscula
1435 3679 1685 3729 recenset
1711 3677 1900 3730 Boter-

618 3745 799 3798 mund
821 3748 880 3810 V,
902 3751 1037 3802 1692
1056 3779 1119 3785 —-
1141 3746 1464 3800 Cornelium
1484 3746 1899 3800 Columbanum

618 3816 661 3868 Γ
682 3834 707 3866 1·
723 3835 754 3867 ’.ι
775 3833 809 3868 u
832 3833 910 3869 ex
957 3815 1017 3869 O.
1049 3817 1099 3868 S.
1132 3816 1279 3878 Ben„
1309 3818 1376 3869 de
1406 3835 1517 3885 quo
1544 3819 1613 3872 cf.
1640 3818 1901 3888 Foppens

622 3887 655 3946 l,
706 3892 837 3948 1952
884 3886 1029 3940 Bibl.
1075 3887 1219 3955 belg.
1268 3888 1397 3941 fasc.
1446 3889 1642 3941 CXXV
1688 3906 1786 3942 seu
1839 3889 1898 3953 V,

616 3961 917 4013 261-313.
936 3991 1000 3998 —
1020 3958 1055 4011 S
1073 3975 1101 4010 0
1119 3978 1156 4027 g
1172 3975 1201 4012 e
1216 3976 1358 4012 rum
1379 3960 1683 4029 (Zegerum)
1698 3959 1899 4013 Pauli

615 4029 915 4099 (Pauwels)
946 4027 1005 4082 O.
1035 4031 1233 4093 Carm„
1280 4031 1442 4099 eujus
1468 4031 1691 4085 libellos
1718 4032 1776 4085 in
1805 4049 1902 4102 po·

616 4099 743 4168 puli
789 4099 1100 4154 utilitatem
1146 4106 1392 4155 recenset
1437 4102 1625 4169 Biogr.
1670 4106 1785 4157 nat.
1834 4103 1900 4156 de

618 4169 769 4239 Helg.
824 4171 967 4235 XVI,
1022 4177 1140 4228 713.
1187 4206 1249 4212 —
1281 4173 1595 4227 oliverium
1649 4174 1900 4226 Hatte-

615 4242 701 4293 mi
724 4259 758 4293 u
778 4261 831 4294 m
863 4243 1317 4312 Ultrajectinum
1345 4247 1441 4311 qui
1471 4249 1602 4313 post
1628 4250 1695 4301 14
1723 4263 1771 4300 a.
1801 4245 1901 4296 rni-

618 4313 830 4366 uisterii
885 4314 1056 4368 rediit
1098 4315 1169 4368 ad
1216 4315 1521 4368 Ecclesiam
1562 4317 1898 4370 catholicam

613 4401 741 4438 cum
770 4403 937 4440 uxore
954 4393 1011 4440 et
1026 4404 1227 4440 novem
1256 4387 1442 4441 liberis
1469 4398 1515 4456 11
1533 4393 1709 4458 16161),
1737 4388 1901 4456 cujus

616 4458 992 4510 conversionis
1034 4458 1277 4511 reddidit
1321 4459 1600 4512 rationem
1628 4459 1687 4511 in
1714 4463 1900 4524 justifi-

616 4532 815 4579 catione
835 4529 1010 4581 solida
1031 4529 1251 4598 [lingua
1270 4549 1335 4598 pa
1348 4529 1453 4582 tria
1477 4530 1706 4598 scripta)
1737 4547 1838 4581 cur
1869 4547 1901 4581 a

617 4597 942 4652 calvinistis
971 4600 1238 4653 defecerit
1278 4603 1463 4666 deque
1492 4601 1638 4654 notis⁴
1666 4601 1901 4653 catholi-

615 4684 807 4748 corum
838 4687 901 4723 ac
930 4687 1201 4724 novorum
1229 4671 1699 4739 evangelicorum,
1729 4673 1900 4725 Lova-

619 4740 697 4790 nii
728 4746 881 4797 1610.

1951 822 2144 897 lignos
2175 820 2603 879 obtrectatores
2636 819 2991 894 patrocinari
3010 839 3235 895 neque·

1951 913 2079 981 unt,
2113 910 2492 985 Antwerpiae
2530 917 2713 975 1587,
2749 908 2782 966 l.
2817 927 3001 968 rarus.
3024 942 3104 952 —-
3131 908 3234 967 Ja-

1951 999 2130 1058 cobus
2165 999 2204 1057 Z
2222 999 2240 1056 i
2258 1003 2286 1057 t
2302 998 2476 1057 tard
2492 1017 2534 1056 u
2550 1017 2577 1056 s
2595 992 2637 1078 ¹)
2660 999 2789 1073 ejus
2812 996 3027 1056 sodalis
3052 997 3235 1071 scrip-

1951 1088 2031 1148 sit
2050 1106 2196 1162 01103
2205 1088 2546 1161 polemicum
2565 1106 2670 1146 seu
2697 1087 3234 1146 controversiarum

1951 1177 2023 1235 de
2055 1176 2330 1236 omnibus
2374 1176 2645 1234 articulis
2696 1174 2845 1245 fidei,
2889 1176 3236 1252 Moguntiae

1959 1275 2141 1328 1602.
2182 1266 2510 1324 -Petrus
2557 1265 2854 1324 Simons
2902 1262 2962 1345 (†
3017 1260 3233 1344 1605),

1950 1353 2244 1415 secundus
2278 1355 2585 1429 episcopus
2618 1352 2900 1429 Iprensis,
2937 1354 3095 1412 huno
3126 1353 3233 1411 ho·

1951 1462 2154 1502 norem
2188 1443 2518 1518 promeruit
2549 1442 2771 1518 insigni
2809 1461 2952 1500 suae
2985 1442 3239 1500 scientia

1953 1537 2013 1590 et
2062 1532 2318 1590 virtute:
2386 1531 2552 1590 illius
2602 1534 2788 1590 testes
2842 1536 2984 1589 sunt
3037 1550 3234 1607 opera,

1951 1638 2102 1695 quae
2150 1619 2431 1679 adversus
2479 1620 2851 1679 calvinianos
2902 1619 3238 1695 composuit

1952 1714 2013 1767 et
2034 1710 2280 1769 collecta
2302 1709 2651 1785 prodierunt
2673 1729 2816 1768 cura
2835 1708 2873 1766 J
2875 1708 3083 1767 oannis
3109 1710 3157 1767 D
3175 1728 3236 1765 a·

1952 1798 2080 1857 vid
2113 1798 2166 1856 S.
2217 1797 2270 1856 J.
2320 1794 2417 1879 (de
2463 1817 2582 1873 quo
2627 1793 2807 1877 mox),
2860 1797 3237 1872 Antwerpiae

1962 1897 2125 1950 1609
2150 1887 2214 1945 in
2233 1882 2355 1967 f.2),
2388 1887 2546 1946 inter
2565 1905 2714 1961 quae
2734 1886 3123 1962 praecipuum
3144 1890 3237 1945 est

1952 1978 2021 2034 de
2054 1978 2282 2034 veritate
2314 1976 2374 2033 ll.
2412 1987 2466 2038 6.
2502 1977 2953 2035 Monumentum
3006 1974 3235 2052 magni-

1954 2064 2130 2123 ficum
2192 2064 2304 2140 ipsi
2350 2065 2414 2123 in
2463 2064 2848 2143 gratitudinis
2900 2064 3237 2138 amorisque

1955 2154 2171 2230 pignus
2215 2173 2248 2210 a
2292 2172 2472 2231 grege
2519 2172 2626 2211 suo
2672 2152 2792 2211 fuit
2836 2167 3114 2211 erectum.
3149 2186 3234 2195 —-

1959 2242 2248 2301 Hernicus
2303 2243 2343 2300 C
2363 2262 2404 2301 u
2422 2261 2462 2318 y
2482 2261 2512 2300 c
2532 2242 2572 2299 k
2623 2241 3124 2317 Culenpurgensis
3176 2238 3237 2321 (†

1967 2326 2155 2410 1609)
2175 2331 2582 2407 philosophiae
2600 2336 2660 2388 et
2678 2331 3013 2406 theologiae
3031 2330 3238 2389 doctor

1954 2421 2014 2477 et
2044 2419 2340 2493 professor
2371 2419 2435 2478 in
2453 2420 2748 2478 academia
2767 2420 3110 2488 lovaniensi,
3133 2419 3237 2477 ubi

1965 2517 2037 2570 18
2075 2526 2258 2566 annos
2291 2509 2504 2583 partim
2540 2509 2813 2578 ethicam,
2834 2508 3048 2584 partim
3069 2509 3236 2566 theo-

1956 2596 2171 2674 logiam
2205 2593 2433 2677 (1585)
2467 2599 2686 2668 docuit,
2728 2599 2962 2656 demum
3010 2598 3237 2674 episco-

1957 2704 2067 2760 pus
2099 2687 2585 2756 1·uremondanu8‚
2608 2691 2842 2762 praeter
2861 2687 3024 2744 varia
3045 2706 3235 2762 opera,

1957 2774 2248 2833 orationes
2294 2778 2355 2833 et
2398 2776 2675 2850 epistolas
2710 2777 2780 2835 de
2811 2775 3237 2834 controversiis

1958 2866 2019 2922 et
2034 2863 2107 2922 de
2118 2864 2386 2922 moribus
2399 2859 2467 2945 ³),
2482 2865 2669 2923 edidit
2680 2866 2740 2928 S.
2759 2865 3029 2923 Cassiani
3042 2883 3237 2937 opera,

1957 2953 2336 3027 Antwerpiae
2392 2962 2551 3016 1578
2601 2954 2662 3011 in
2699 2963 2753 3016 8.
2790 2953 3033 3029 adjectis
3082 2954 3240 3011 notis

1959 3042 2174 3117 partim
2213 3042 2623 3117 castigatorii5‚
2673 3044 2890 3117 partim
2938 3043 3237 3110 censoriis,

1960 3149 2107 3206 quas
2156 3131 2340 3188 veluti
2373 3132 2640 3190 antidota
2671 3135 2732 3189 et
2762 3132 3023 3190 amuleta
3060 3149 3238 3206 quae·

1960 3220 2096 3278 dam
2141 3222 2345 3278 contra
2389 3219 2729 3279 obscuriora
2766 3220 2993 3295 aliquot
3023 3221 3149 3282 loca
3181 3223 3242 3278 et

2038 3465 2072 3532 ¹)
2111 3460 2270 3513 Alius
2321 3462 2393 3513 ab
2442 3477 2508 3514 eo
2556 3465 2640 3514 est
2692 3460 3124 3513 MatthiasZ.
3177 3460 3242 3513 O.

1962 3532 2175 3596 Praed„
2217 3532 2285 3584 de
2327 3548 2435 3598 quo
2476 3550 2646 3601 supra
2673 3533 2889 3601 egimus
2917 3548 3042 3600 pag.
3071 3536 3156 3597 26,
3185 3536 3243 3585 et

1958 3605 2117 3670 cujus
2156 3605 2449 3671 praeterea
2475 3607 2589 3658 est:
2631 3607 2930 3672 Aualeyunq
2967 3606 3062 3656 der
3089 3610 3136 3656 1.
3164 3623 3241 3670 ep.

1956 3697 1997 3729 s.
2024 3677 2311 3736 Johannis,
2352 3674 2616 3727 Coloniae
2658 3680 2791 3732 1571
2834 3675 2894 3728 in
2937 3674 2973 3726 f.
3013 3691 3110 3727 seu
3136 3690 3243 3726 ser-

1958 3761 2150 3800 mones
2178 3745 2343 3801 27111
2386 3761 2507 3800 eam
2549 3762 2635 3816 ep.
2675 3779 2736 3786 —-
2782 3745 2862 3799 De
2902 3745 3242 3798 Conrado

1957 3817 2009 3870 Z.
2039 3817 2189 3870 infra
2215 3833 2463 3886 agemus.

2032 3898 2070 3953 ἱ1)
2100 3889 2182 3941 Cf.
2227 3887 2409 3941 Feller
2453 3888 2599 3952 VIII,
2625 3893 2711 3953 40,
2758 3888 2861 3956 qui
2910 3886 3142 3941 alterius
3187 3889 3242 3939 S.

1957 3959 2291 4029 cognomine
2312 3959 2352 4011 F
2368 3977 2397 4013 r
2411 3976 2444 4012 a
2457 3978 2493 4012 n
2510 3961 2574 4012 ci
2596 3977 2620 4011 s
2637 3960 2696 4012 ci
2724 3959 3065 4013 mentionem
3084 3957 3242 4029 facit,

1958 4032 2121 4098 cujus
2149 4030 2252 4084 sitz
2282 4034 2342 4083 de
2356 4033 2644 4098 fraudibus
2661 4035 3044 4085 haereticorum
3065 4028 3134 4081 ad
3157 4045 3240 4082 or-

1959 4102 2236 4155 thodoxos
2266 4102 2545 4166 tractatio,
2583 4102 2912 4172 Moguntiae
2940 4104 3076 4158 1678
3103 4099 3162 4152 in
3188 4104 3240 4156 8.

1958 4172 2196 4226 Ν1001011
2225 4176 2417 4226 tamen
2442 4190 2645 4227 nomen
2669 4174 2774 4226 hoc
2802 4190 2917 4227 esse
2944 4172 3242 4226 confictum

1958 4249 2162 4297 censet.

2032 4325 2072 4380 ⁸)
2103 4315 2284 4369 Feller
2315 4316 2401 4378 111,
2432 4319 2567 4372 158:
2623 4315 2757 4378 „Les
2803 4315 2933 4384 plus
2959 4315 3243 4367 curieuses

1959 4391 2083 4440 sont
2113 4387 2276 4440 celles
2305 4388 2404 4455 qui
2433 4387 2737 4456 regardent
2778 4386 2835 4439 la
2881 4389 3111 4438 tonsure
3137 4383 3242 4436 cle·

1958 4458 2128 4511 ricale
2155 4461 2236 4518 (de
2263 4462 2563 4512 renovando
2604 4477 2705 4512 usu
2725 4461 2987 4525 pristinae
3013 4474 3240 4509 rasurae

1959 4534 2232 4598 clericalis,
2261 4529 2525 4582 Coloniae
2558 4535 2731 4596 1601),
2772 4527 2853 4581 les
2893 4527 3113 4580 devoirs
3140 4523 3238 4578 des

1959 4601 2268 4655 ohanoines
2295 4604 2431 4654 ctc.“
2489 4600 2661 4654 Plura
2701 4600 2769 4654 de
2797 4616 2860 4653 eo
2889 4599 2955 4652 cf.
2984 4614 3074 4665 ap.
3101 4599 3238 4652 Arn.

1961 4672 2308 4725 Havensiuni
2344 4672 2410 4724 de
2439 4674 2604 4726 erect.
2633 4688 2902 4725 novorum
2945 4669 3002 4722 in
3044 4667 3238 4739 Belgio

1960 4745 2263 4812 episcopat.
2297 4743 2330 4796 l.
2360 4748 2408 4798 3.
2437 4761 2482 4796 c.
2511 4748 2537 4799 1
2570 4761 2670 4810 ss,;
2701 4742 2964 4813 Foppeus
2992 4759 3044 4812 p.
3072 4746 3169 4796 441
3200 4761 3239 4792 s.
