3625 5193
606 244 728 299 303

603 417 702 472 tus
749 410 1094 470 retractavit
1140 429 1292 486 quae
1331 410 1570 483 ,iuvenis
1616 410 1887 468 licentio-

602 503 728 561 sius
775 501 1104 577 scripserat.
1149 498 1567 558 Delectabatur
1612 502 1886 557 astrono-

603 592 736 659 mia,
788 608 963 665 opera
1014 588 1304 663 quaedam
1355 587 1698 647 Aristotelis
1740 585 1883 645 illu-

604 679 850 738 stravit:
890 676 1278 753 praecipuum
1312 679 1510 734 tamen
1556 677 1686 751 ejus
1733 693 1885 751 opus

601 772 695 826 est
726 766 1246 827 Dell’Instituzionc
1277 766 1500 823 Moralc
1530 765 1590 823 ll.
1611 765 1737 833 XII,
1773 764 1887 823 Ve-

603 857 779 916 netiis
820 865 1004 925 1560,
1040 854 1130 915 ed.
1165 856 1497 915 retractata.

700 1042 841 1097 132.
874 1032 1199 1091 Historiam
1252 1032 1437 1107 ipsam
1485 1031 1819 1107 attigerunt
1836 1027 1881 1112 ¹)

603 1122 848 1181 Carolus
868 1122 904 1179 S
921 1122 939 1179 i
956 1140 1039 1198 go
1053 1121 1220 1180 nius
1241 1120 1600 1179 mutinensis
1617 1139 1673 1177 n.
1698 1130 1770 1183 15
1784 1128 1884 1188 24,

685 1371 696 1401 ¹
746 1363 1064 1431 Attingunt
1102 1361 1334 1428 quidem
1373 1360 1521 1414 hanc
1561 1362 1619 1413 et
1653 1359 1757 1424 illi,
1785 1359 1885 1427 qui

604 1366 896 1488 hisioriam
913 1433 1210 1503 profanam
1225 1431 1692 1499 conscripserunt,
1713 1448 1741 1483 e
1763 1430 1885 1497 qui·

603 1506 708 1559 bus
723 1504 1010 1559 mentione
1026 1506 1163 1557 sunt
1177 1503 1334 1572 digni
1351 1501 1691 1556 :Alexander
1707 1502 1742 1556 S
1755 1519 1784 1554 c
1798 1517 1833 1553 u
1845 1502 1885 1553 l·

604 1587 629 1628 t
645 1594 674 1630 e
693 1578 720 1629 t
735 1593 771 1629 u
789 1594 814 1629 s
845 1576 1127 1628 Prutenus
1143 1576 1202 1629 et
1215 1574 1347 1628 olim
1365 1574 1666 1627 canonicus
1684 1571 1886 1627 varmi-

604 1647 771 1712 ensis,
817 1646 915 1713 qui
955 1648 1438 1713 chronoyraphiam
1489 1644 1607 1697 sive
1651 1644 1886 1697 annales

604 1718 861 1772 omnium
891 1718 1006 1772 fere
1031 1733 1247 1786 regum,
1311 1716 1593 1784 rincipum
1615 1718 1674 1769 et
1693 1716 1886 1784 poten-

602 1791 833 1844 tatuum
872 1790 945 1842 ab
984 1788 1114 1842 orbe
1154 1804 1259 1840 con
1306 1787 1382 1840 'to
1421 1803 1601 1854 usque
1641 1785 1714 1840 ad
1742 1803 1789 1839 a.
1820 1784 1885 1841 D.

603 1865 741 1917 1541
757 1859 1000 1914 confecit
1009 1858 1332 1926 Romaeque
1342 1858 1521 1911 edidit
1534 1860 1689 1919 1596,
1708 1873 1886 1926 „quae

603 1931 854 2003 quidem,
898 1929 1091 1999 judice
1141 1929 1441 1984 Possevino
1491 1929 1554 1982 in
1603 1928 1736 1982 bibl.
1789 1929 1885 1981 sel.

603 2002 639 2056 1.
669 2009 718 2060 2.
745 2019 788 2056 0.
817 2005 903 2064 26,
944 2017 1068 2055 acre
1105 2000 1213 2054 viri
1239 2000 1523 2070 judicium
1563 2004 1736 2067 atque
1762 1999 1887 2052 dili·

602 2073 856 2143 gentiam
868 2072 1131 2137 ostendit,
1144 2089 1329 2139 neque
1342 2071 1401 2125 in
1415 2070 1674 2126 secundis
1686 2070 1885 2124 haben-

603 2145 677 2198 da
727 2147 860 2198 est.“
915 2177 982 2183 —
1034 2142 1232 2196 Petrus
1295 2142 1603 2212 Opmeer
1654 2147 1880 2206 (1526-

604 2220 763 2297 1594)
781 2214 1335 2279 Amstelodamensis,
1355 2214 1530 2269 laicus
1547 2214 1775 2281 quidem
1790 2213 1886 2267 sed

604 2287 863 2340 eruditus
887 2285 1212 2350 admodum,
1240 2285 1341 2353 qui
1369 2286 1489 2339 sine
1507 2285 1776 2355 magistro
1788 2302 1887 2353 per

602 2375 660 2412 se
685 2357 1047 2427 theologiam,
1066 2357 1213 2426 juris
1240 2357 1604 2427 prudentiam
1631 2358 1690 2409 et
1713 2355 1884 2410 medi-

602 2429 790 2483 cinam
818 2428 1034 2482 didicit.
1063 2428 1281 2481 Ardens
1320 2430 1442 2482 erat
1481 2427 1611 2480 fidei
1651 2426 1886 2480 catholi-

601 2517 699 2554 cae
723 2498 904 2570 pugil,
934 2498 1032 2566 qui
1071 2499 1385 2568 composuit
1424 2497 1696 2568 opuscula
1737 2497 1885 2567 pole·

601 2572 762 2638 mica,
788 2571 847 2625 in
916 2570 1075 2624 rimis
1097 2586 1225 2624 vero
1251 2574 1534 2625 chronicon
1559 2570 1632 2625 ab
1657 2567 1885 2622 exordio

601 2643 801 2696 mundi
926 2659 1139 2694 annum
1167 2642 1371 2694 Christi
1401 2645 1556 2705 1569,
1593 2640 1884 2694 continua-

603 2716 724 2767 tum
771 2731 805 2766 a
853 2712 1158 2765 Laurentio
1208 2711 1662 2779 Beyerlinck
1712 2711 1784 2764 ad
1835 2727 1883 2764 a.

602 2778 762 2847 1611,
789 2783 1148 2851 Antwerpiae
1169 2786 1304 2839 1611
1328 2801 1378 2835 v.
1402 2788 1433 2837 2
1453 2782 1515 2834 in
1535 2782 1593 2846 f„
1620 2780 1884 2835 Coloniae

1221 229 1591 283 1581—1600.
1619 224 1869 279 Historia
1895 222 2287 279 ecclesiastica.
2314 222 2599 293 Sigonius,

3094 240 3220 294 304

1943 409 2171 467 celeber
2202 412 2262 466 et
2294 407 2503 468 doctus
2526 408 2875 485 philologus,
2890 407 3046 481 juris
3064 408 3224 484 peri-

1942 504 2043 556 tus
2077 502 2137 555 et
2184 497 2519 569 historicae,
2566 497 2745 556 variis
2796 497 2861 554 in
2910 497 3225 556 academiis

1943 586 2250 645 literarum
2283 586 2697 644 humaniorum
2720 585 3019 661 professor
3040 582 3101 668 (†
3128 595 3223 649 12.

1942 677 2096 752 Aug.
2155 670 2366 755 1584),
2415 677 2584 750 cujus
2624 675 2884 752 plurima
2897 671 2944 758 ¹)
2990 678 3227 734 exstant

1942 782 2136 839 opera,
2173 782 2325 839 quae
2372 764 2720 840 prodierunt
2762 782 2905 822 cura
2947 764 3053 822 Ph.
3100 765 3223 822 Ar-

1942 851 2193 929 gelati
2244 871 2378 911 cum
2424 852 2550 911 vita
2599 852 2864 928 ejusdem
2907 872 2942 911 a
2982 854 3223 912 Mura-

1944 948 1970 998 t
1989 960 2022 999 o
2039 941 2105 998 ri
2138 937 2547 1022 conscriptass),
2580 942 2896 1001 Mediolani
2935 953 2960 1005 1
2978 951 3219 1005 732·3’7

1942 1048 1995 1088 v.
2032 1040 2067 1092 6
2101 1031 2165 1088 in
2196 1031 2254 1100 f.‚
2288 1050 2319 1089 e
2354 1030 2570 1105 quibus
2601 1030 2664 1090 in
2694 1030 2902 1106 primis
2922 1031 3037 1089 huc
3057 1049 3223 1105 spec-

1943 1120 2104 1177 tant:
2156 1119 2452 1178 Historiae
2500 1121 2904 1178 ecclesiasticae
2953 1120 3017 1178 ll.
3073 1120 3220 1189 XIV,

1942 1207 2263 1267 Mediolani
2304 1217 2466 1271 1732
2503 1211 2546 1267 t.
2582 1218 2637 1271 4.
2670 1227 2918 1285 operum
2938 1208 3220 1281 ejusdem,

1942 1316 2090 1372 quos
2129 1298 2404 1357 hortante
2421 1297 2703 1374 Gregorio
2735 1297 2892 1357 XIII.
2925 1297 3222 1374 conscrip-

1944 1386 2041 1455 sit,
2063 1405 2214 1462 opus
2235 1386 2554 1445 admodum
2572 1386 2891 1445 eruditum.
2921 1386 3222 1444 Mentione

1943 1478 2249 1550 praeterea
2265 1478 2409 1534 sunt
2429 1476 2640 1551 digna:
2674 1475 2764 1532 De
2782 1475 3079 1548 republica
3103 1473 3219 1533 Hc-

1942 1564 2248 1622 braeornm
2280 1564 2342 1622 ll.
2369 1574 2422 1633 7,
2445 1563 2819 1623 Francofurti
2851 1572 3037 1638 1608,
3065 1564 3223 1639 Lug-

1943 1651 2090 1710 duni
2123 1654 2481 1711 Batavorum
2507 1665 2532 1715 1
2551 1661 2666 1714 701
2711 1656 2772 1711 et
2792 1653 2938 1710 alibi
2960 1653 3219 1727 saepius.

1943 1741 2208 1800 Historia
2239 1743 2308 1800 dc
2343 1741 2658 1801 Occidentis
2700 1741 2968 1817 impcrio;
3012 1743 3081 1800 de
3126 1742 3215 1799 hi-

1942 1831 2125 1888 storia
2175 1830 2503 1889 bononiensi
2558 1831 2618 1889 11.
2668 1831 2778 1901 VI;
2828 1832 2897 1889 de
2944 1832 3225 1905 episcopis

1944 1918 2379 1977 bononiensibus
2397 1920 2460 1977 ll.
2478 1918 2545 1990 V,
2569 1920 2976 1979 annotationes
2996 1921 3060 1978 in
3081 1919 3225 1979 Sul·

1942 2027 1981 2082 p
1999 2008 2017 2066 i
2035 2008 2134 2066 cii
2157 2008 2353 2067 Severi
2376 2008 2695 2067 chronicon.
2724 2008 3001 2067 Omnium
3022 2012 3226 2067 tamen

1942 2098 1996 2173 ej
2006 2116 2071 2154 us
2102 2116 2347 2172 operum
2369 2098 2815 2156 celeberrimum
2836 2101 2925 2156 est
2949 2094 3019 2155 de
3049 2116 3224 2175 rayno

1943 2185 2149 2244 Italiae
2168 2185 2227 2244 11.
2253 2195 2331 2249 20
2356 2181 2827 2268 (679—1286),
2846 2186 2918 2245 de
2938 2205 3057 2262 quo
3078 2187 3223 2245 Mu-

1942 2275 2193 2333 ratori
2225 2275 2470 2334 idoneus
2502 2293 2642 2333 sane
2664 2294 2872 2333 censor
2892 2275 2979 2333 ita
2998 2276 3060 2333 in
3083 2294 3222 2333 auc-

1944 2364 2088 2422 toris
2119 2364 2244 2422 vita
2274 2384 2328 2439 p.
2362 2364 2441 2421 IX
2474 2364 2684 2422 scribit
2696 2360 2746 2444 3)
2783 2364 3067 2440 ,Insigne
3087 2382 3222 2439 pro-

1941 2573 2085 2639 loyce,
2112 2571 2420 2624 contenant
2447 2568 2503 2623 la
2519 2568 2667 2652 suite
2683 2577 2779 2623 des
2796 2568 3024 2622 81101088
3045 2584 3219 2637 peres,

1942 2641 2602 2771 {iffifff‘isssaeahffsseiuiss‘
2621 2640 3226 2781 p¹1¹1¹12²⁸3532233022i23

1941 2782 2141 2853 depuis
2167 2783 2226 2836 la
2252 2782 2504 2836 creation
2526 2782 2603 2835 du
2627 2782 2844 2847 monde,
2868 2784 3224 2835 notamment

603 2860 743 2911 1625
769 2871 893 2907 cum
911 2854 1164 2922 ejusdem
1181 2852 1417 2906 historia
1435 2856 1749 2920 martyrum
1764 2870 1884 2922 gor·
1940 2872 2011 2908 en
2040 2854 2248 2908 France
2269 2855 2505 2924 jusqu'a
2531 2856 2701 2910 1598:
2744 2854 2872 2922 plus
2910 2853 2968 2906 la
3007 2853 3227 2907 chroni-

603 2925 906 2979 comiensiu
917 2944 985 2977 m.
1005 2924 1105 2977 Cet
1115 2940 1376 2994 ouvrage,
1391 2924 1587 2991 inquit
1599 2923 1778 2978 Feller
1791 2924 1882 2990 VI,

1941 2943 2051 2994 que
2096 2925 2519 2992 ecclesiastique
2558 2941 2691 2978 avec
2716 2924 2919 2977 l'ordre
2959 2925 3021 2978 et
3062 2940 3227 2993 argu-

603 3000 723 3060 324,
752 2997 838 3050 est
863 3013 942 3048 un
969 2995 1064 3047 dcs
1093 2995 1376 3048 meilleuis
1404 2997 1503 3062 qu'
1520 3011 1590 3047 on
1619 2996 1702 3049 ait
1727 3011 1796 3048 en
1824 3013 1883 3049 ce
1939 2999 2122 3050 ments
2174 2997 2268 3050 des
2330 2995 2666 3065 principaux
2728 2994 3227 3067 historiographes‚

602 3083 804 3135 genre:
844 3066 896 3119 le
935 3065 1079 3134 style
1124 3082 1192 3119 en
1220 3069 1304 3119 est
1331 3070 1428 3119 net
1454 3069 1510 3120 et
1537 3066 1648 3119 fort
1673 3064 1882 3119 intelli·
1940 3068 2165 3121 Parisiis
2210 3072 2349 3124 1599
2373 3068 2435 3119 18
2464 3071 2549 3124 16.
2576 3101 2643 3108 —-
2673 3065 2988 3121 Guilelmus
3017 3066 3223 3120 Para·

647 3137 770 3191 'ble.
824 3136 992 3206 Opm
1011 3139 1128 3191 001·
1166 3136 1275 3191 ale
1302 3138 1432 3207 plus
1458 3140 1695 3190 souvent
1719 3137 1883 3206 puise
1939 3139 2063 3193 din
2104 3142 2151 3209 (†
2201 3143 2359 3210 1590)
2400 3138 2636 3208 scriptor
2691 3138 2934 3264 dilgfiens
2973 3137 3225 3207 plurium

603 3155 746 3262 gimo
769 3208 850 3262 les
876 3225 1124 3267 sources;
1163 3210 1292 3262 tous
1332 3225 1417 3262 ses
1455 3225 1730 3276 ouvrages
1756 3212 1884 3261 sont
1940 3226 2175 3289 operum
2239 3210 2310 3263 ad
2371 3209 2663 3263 historiam
2710 3208 2756 3263 G
2844 3210 2927 3263 'ae
2973 3212 3226 3277 spectan-

608 3279 773 3333 ecrits
799 3297 868 3333 08
895 3279 1057 3334 latin.
1111 3282 1356 3348 Officium
1387 3285 1579 3334 missac
1604 3280 1761 3348 apud
1786 3279 1882 3333 Ec·
1939 3283 2100 3334 tium.
2154 3278 2234 3334 cf.
2283 3279 2460 3334 Feller
2504 3280 2595 3345 VI,
2636 3283 2757 3338 395.
2800 3314 2867 3321 —
2898 3279 3226 3334 Franciscus

605 3350 831 3404 clesiam
859 3352 1109 3420 tempore
1136 3350 1215 3404 lv
1255 3351 1570 3421 primorum
1615 3367 1764 3405 conc.
1792 3367 1883 3420 ge·
1938 3352 2021 3406 Be
2039 3352 2332 3405 aucaire
2359 3352 2651 3420 episcopus
2668 3351 2933 3405 metensis
2950 3353 3224 3421 (1555-6&

603 3421 879 3475 neralium
905 3423 962 3475 in
993 3440 1100 3476 usu
1128 3422 1303 3475 fuisse
1339 3422 1606 3475 historica
1633 3421 1883 3485 assertio,
1940 3432 1967 3484 †
1995 3427 2077 3479 14.
2106 3423 2261 3475 Febr.
2292 3426 2450 3488 1691)
2496 3421 2860 3476 concinnavit
2887 3423 3062 3476 bonos
3090 3441 3221 3476 com-

604 3493 949 3563 Antverpiae
971 3498 1125 3551 1570.
1156 3527 1220 3534 -
1249 3496 1494 3549 ,1088808
1517 3494 1585 3547 de
1609 3493 1833 3546 Pined
1852 3510 1885 3546 a
1940 3498 2222 3548 »nentarios
2248 3513 2429 3547 rerum
2466 3497 2787 3561 gallicarum
2827 3493 2898 3547 ab
2935 3509 2984 3546 a.
3014 3496 3221 3549 1462-

603 3567 666 3618 0.
693 3565 827 3618 Min.
857 3565 1161 3634 Hispanus,
1203 3564 1462 3618 Medinae
1489 3564 1687 3633 Campi
1714 3568 1884 3617 natus
1941 3569 2098 3630 1567,
2140 3580 2280 3646 opus
2336 3564 2708 3634 posthumum
2747 3564 2834 3620 ed.
2872 3580 2909 3616 a
2933 3564 2991 3617 P.
3021 3563 3225 3617 Dineto

605 3643 649 3702 (†
679 3641 851 3701 1590),
894 3637 994 3704 qui
1033 3652 1250 3699 „sacrae
1291 3636 1677 3704 profanaeque
1703 3636 1884 3689 erudi·
1940 3635 2209 3705 Lugduni
2235 3640 2376 3693 1625
2401 3635 2461 3688 18
2488 3636 2550 3696 f.;
2594 3634 2681 3688 Tr.
2709 3638 2797 3689 des
2823 3639 3035 3704 enfants
3061 3643 3225 3689 mort-s

604 3706 775 3759 tionis
800 3708 1023 3760 laudem
1051 3706 1414 3775 singularem,
1436 3706 1885 3760 laboriosissimis
1942 3707 2082 3760 dans
2109 3707 2161 3759 le
2189 3707 2310 3761 sein
2337 3707 2406 3761 de
2435 3708 2555 3761 leur
2581 3723 2728 3760 mere
2757 3711 2913 3766 1567.

603 3777 773 3830 editis
817 3777 874 3828 in
922 3776 1214 3846 publicum
1260 3776 1603 3830 christianae
1640 3776 1884 3847 philoso·
2018 3783 2055 3844 ¹)
2084 3778 2166 3830 Cf.
2194 3779 2398 3832 horum
2427 3777 2725 3831 elenchum
2754 3794 2845 3847 ap.
2873 3777 3070 3832 Zedler
3088 3775 3221 3830 Uni-

605 3847 775 3916 phiae
803 3850 976 3915 atque
1017 3847 1353 3901 universalis
1399 3847 1665 3902 historiae
1690 3864 1886 3903 810811-
1941 3849 2342 3904 versallexicon
2366 3852 2454 3914 37,
2482 3853 2621 3905 1226
2649 3865 2690 3902 8.

605 3919 825 3984 mentis,
852 3919 1099 3988 collegit.
1127 3918 1491 3971 Desideratur
1515 3919 1574 3971 in
1600 3936 1665 3972 eo
1694 3922 1886 3973 tamen

2016 3925 2055 3988 2)
2083 3920 2165 3974 Cf.
2192 3922 2319 3973 acta
2344 3919 2502 3974 erud.
2527 3920 2652 3988 lips.
2681 3923 2820 3976 1732
2860 3937 2915 3989 p·
2941 3923 3219 3988 433—40;

604 4007 638 4042 a
665 3989 1006 4042 doctioribus
1045 4007 1174 4043 cum
1216 3989 1333 4041 stili
1373 3990 1674 4058 elegantia,
1711 4008 1885 4058 quam
1945 3995 2084 4048 1734
2108 4009 2161 4060 p.
2189 3994 2467 4050 441—54:
2510 3994 2650 4047 1738
2675 4009 2729 4060 p.
2758 3995 2857 4046 241
2877 3995 3037 4049 -54;
3084 3994 3218 4046 1741

607 4060 875 4114 adhibere
926 4059 1108 4113 minus
1161 4060 1380 4113 curavit
1443 4061 1607 4115 rebus
1657 4061 1886 4114 omnino

1942 4081 1995 4131 p.
2024 4066 2301 4122 625—29;
2329 4061 2569 4115 Journal
2593 4060 2690 4115 des
2711 4061 2925 4116 Savans
2951 4066 3071 4124 109,
3102 4065 3224 4117 147·

603 4130 876 4195 intentus,
919 4135 1042 4182 tum
1079 4131 1473 4184 historicorum
1502 4135 1758 4186 veterum
1783 4132 1886 4186 Be·
1943 4138 2043 4192 62:
2072 4137 2333 4190 514-23.

605 4201 831 4269 rosique
858 4204 918 4256 et
941 4202 1199 4266 aliorum,
1245 4203 1318 4256 ab
1345 4204 1530 4256 Annio
1560 4203 1886 4257 viterbiensi

2017 4209 2057 4274 ⁸)
2086 4204 2526 4284 Tiraboschi
2553 4207 2593 4264 t,
2624 4204 2741 4258 VII.
2772 4221 2827 4273 p.
2854 4202 2972 4259 2.1.
3001 4207 3222 4259 3.n.12.

603 4273 665 4326 in
691 4274 872 4327 lucem
919 4273 1212 4338 editorum,
1259 4290 1400 4341 quos
1446 4273 1655 4328 eruditi
1695 4291 1887 4328 omnes
1943 4274 2237 4345 Sigonium
2265 4274 2531 4328 Panvimi
2550 4278 2715 4329 vocat
2734 4275 3020 4328 aemulum
3042 4273 3227 4342 deque

603 4348 897 4414 respuunt,
983 4345 1262 4398 maturius
1359 4362 1604 4398 examen.
1693 4344 1889 4398 Edidit
1942 4363 2006 4401 eo
2033 4346 2116 4399 ita
2140 4346 2342 4400 habet:
2388 4346 2429 4399 Il
2458 4345 2691 4427 Sigonio
2719 4387 2731 4400 .
2761 4388 2773 4401 .
2804 4387 2816 4398 .
2858 4345 3056 4400 dotato
3084 4345 3226 4400 d'in·

604 4433 836 4486 nempe:
867 4419 950 4470 La
985 4419 1302 4485 Moriar-quia
1348 4420 1706 4484 ecclesiastica,
1735 4438 1763 4470 o
1789 4421 1883 4470 Hi·
1941 4434 2126 4488 gegno
2155 4418 2297 4472 forse
2315 4435 2479 4472 meno
2495 4433 2705 4483 vivace,
2721 4433 2815 4470 ma
2871 4416 2934 4469 ih
2990 4415 3225 4469 rosondo

600 4493 768 4542 storia
793 4491 1062 4541 universal
1085 4490 1167 4541 del
1192 4490 1387 4541 Mmado
1412 4492 1482 4543 30
1507 4487 1564 4539 ll.
1593 4492 1650 4540 et
1675 4493 1709 4543 4
1735 4507 1783 4540 v.
1808 4488 1887 4541 di·
1944 4489 2063 4554 (che
2091 4488 2385 4561 Panvinio)
2428 4504 2699 4556 ovunque
2734 4503 2825 4542 me
2858 4490 2911 4542 te
2980 4504 3014 4541 a
3038 4503 3224 4551 18880,

604 4558 1357 4628 visa1n‚Salmanticae1588;
1373 4557 1883 4614 Barcinone1594.··
1943 4577 2056 4612 non
2082 4559 2139 4613 la
2168 4560 2346 4624 ritira,
2374 4576 2432 4614 se
2459 4577 2573 4612 808
2614 4560 2762 4629 dopo
2803 4575 2935 4613 aver
2960 4559 3225 4613 condotto

604 4629 692 4682 Ita
721 4628 990 4683 Biblioth.
1019 4629 1164 4697 hisp.
1207 4646 1353 4682 nova
1381 4629 1421 4693 I,
1449 4633 1567 4685 760.
1597 4661 1652 4669 —
1693 4629 1887 4682 Petrus
1941 4630 1986 4684 il
2011 4631 2205 4686 lavoro
2233 4647 2266 4684 8
2293 4649 2395 4685 8118
2438 4631 2773 4700 perfezione,
2820 4647 2849 4684 e
2896 4647 2953 4684 se
2996 4647 3142 4699 pone
3183 4629 3228 4682 11

603 4698 819 4754 Drouet
845 4701 913 4753 de
954 4699 1000 4753 G
1017 4699 1300 4754 aillard
1342 4699 1666 4769 parisiensis
1709 4701 1886 4770 parla-
1945 4701 2111 4772 piede
2135 4703 2195 4755 in
2222 4717 2390 4772 paese
2417 4719 2531 4756 non
2559 4719 2725 4756 ancor
2750 4701 3092 4767 conosciutO,
3115 4717 3228 4754 non

603 4771 783 4824 menti
798 4771 1104 4825 advocatus
1120 4771 1452 4841 compilavit
1467 4775 1652 4826 Briere
1666 4776 1888 4828 chrono-
1946 4773 2000 4826 vi
2029 4774 2104 4826 ha
2147 4773 2311 4842 quasi
2356 4774 2578 4843 aug010,
2624 4774 2725 4827 che
2766 4772 3228 4842 diligentemente
