3625 5193
571 234 694 286 635

979 221 1348 273 1621—1640.
1376 215 1680 286 Theologia
1707 217 1879 272 schol.
1907 217 2184 284 Cevenna,
2213 216 2470 282 Contine,
2501 215 2779 285 Pelecyus.

3060 235 3181 288 636

567 401 870 478 pendicem
903 402 1176 460 diffusam
1209 401 1283 459 ad
1315 420 1367 476 q.
1410 413 1460 464 1.
1482 401 1621 462 dist.
1646 403 1763 465 3.1.
1784 411 1841 464 3.
1901 402 2046 459 stini
2090 402 2371 477 operibus
2416 401 2777 461 evolvendis.
2844 402 3189 461 Universam

565 491 815 566 positam
863 491 927 548 in
974 491 1127 548 calce
1158 490 1426 564 ejusdem
1458 489 1494 546 1.
1544 509 1652 566 pro
1683 508 1844 549 asse·
1900 490 2189 549 libroruin
2209 491 2423 548 molem
2456 491 2677 567 septies
2709 491 3037 567 perlegisse
3070 492 3187 549 fer-

564 579 746 637 renda
775 581 1153 655 conceptione
1184 579 1252 637 V.
1284 579 1521 648 Mariae,
1571 597 1680 654 pro
1729 598 1847 653 qua
1901 583 2004 636 tur
2036 585 2096 637 et
2129 580 2307 638 vicies
2340 579 2634 655 quidquid
2678 579 2751 637 ad
2794 581 3018 656 gratiae
3048 599 3189 639 con-

565 668 807 727 adducit
836 669 1180 727 testimonia
1212 677 1281 729 16
1318 667 1672 735 seculorum,
1694 671 1843 725 Ant·

563 757 815 833 werpiae
855 766 1017 820 1620
1053 777 1106 815 v.
1144 766 1177 820 8
1212 757 1276 814 in
1297 757 1351 822 f.‚
1386 757 1613 831 optima
1643 757 1845 816 editio.

562 847 840 923 Ejusdem
873 864 1110 921 quoque
1158 845 1574 903 commentaria
1619 864 1726 904 seu
1754 865 1845 902 re-

554 943 796 1010 portata
837 937 1197 1010 parisien-sia
1247 933 1607 1002 illustravit3
1670 953 1845 1010 quae-

563 1028 772 1084 stiones
786 1025 1202 1100 quodtibetales,
1225 1042 1376 1096 quae
1396 1027 1528 1097 post
1541 1024 1591 1097 ej
1600 1041 1670 1082 us
1688 1041 1845 1080 mor-

563 1118 683 1172 tem
717 1113 1079 1188 prodierunt.
1112 1144 1199 1155 —-
1219 1111 1264 1169 E
1296 1111 1527 1170 Polom's
1559 1112 1675 1170 duo
1711 1113 1844 1170 Sco—

562 1206 690 1261 tum
706 1203 927 1278 pariter
946 1201 1615 1270 illustrarunt,Andreas
1629 1201 1676 1258 R
1686 1220 1720 1259 o
1733 1219 1762 1258 c
1776 1202 1845 1258 h-

562 1292 910 1350 marinus
946 1291 1010 1349 O.
1045 1290 1099 1348 S.
1120 1290 1322 1349 Franc.
1356 1308 1476 1366 reg.
1509 1290 1651 1359 obs„
1674 1291 1845 1365 cujus

561 1385 683 1439 est:
730 1382 899 1438 Dans
944 1379 1094 1438 Secti
1143 1383 1199 1436 1.
1232 1380 1267 1436 l.
1314 1380 1725 1437 sententiarum
1771 1379 1847 1436 ad

562 1473 825 1544 optatam
871 1469 1212 1526 facilitatem
1245 1467 1519 1525 redactus
1553 1472 1613 1524 et
1646 1466 1841 1525 vindi·

562 1563 732 1617 catus
764 1561 825 1615 et
856 1556 1315 1615 enodationibus
1349 1556 1705 1616 illustratus.
1739 1575 1845 1630 per

561 1647 711 1705 Flor.
743 1646 1069 1704 Holecki
1109 1645 1373 1719 ejusdem
1405 1645 1528 1703 ord.
1560 1645 1843 1703 diffinito-

562 1755 685 1794 rem
734 1735 1091 1810 recognitae,
1144 1733 1408 1792 Venetiis
1463 1743 1621 1797 1627
1673 1734 1738 1791 in
1783 1733 1841 1795 f..

560 1826 809 1900 ejusque
871 1824 1093 1882 sodalis
1145 1824 1424 1880 Petrus
1473 1823 1839 1881 Poenani-

559 1914 766 1972 ensis
801 1913 937 1988 pius
953 1916 1014 1970 et
1030 1912 1237 1970 doctus
1257 1907 1320 1990 ¹),
1348 1912 1520 1986 cujus
1536 1916 1676 1970 sunt
1692 1928 1842 1969 com-

561 2004 845 2060 mentaria
877 2004 940 2059 in
971 2003 1006 2062 l.
1046 2005 1098 2058 1.
1131 2002 1539 2058 sentemiarum
1572 2000 1743 2068 Scoti,
1778 2000 1846 2058 in

561 2091 780 2164 quibus
794 2090 1053 2148 doctoris
1083 2093 1281 2147 textus
1309 2089 1644 2148 elucidatur
1662 2092 1723 2146 et
1741 2090 1842 2146 ad·

560 2180 958 2239 versariorum
980 2179 1312 2238 sententiae
1332 2178 1704 2248 refelluntur,
1727 2177 1840 2235 Ve-

559 2269 740 2327 netiis
769 2279 969 2338 1626;
1003 2272 1065 2327 in
1088 2270 1144 2326 3.
1166 2269 1199 2325 l.
1237 2263 1395 2346 (dist.
1430 2262 1684 2348 1—40),
1707 2268 1843 2324 Cra-

561 2359 758 2417 coviae
801 2368 961 2420 1655
999 2377 1095 2433 pp.
1133 2366 1166 2416 2
1205 2357 1266 2414 in
1311 2367 1329 2417 1
1372 2374 1445 2424 v„
1481 2374 1630 2432 opus
1663 2356 1842 2413 raris-

560 2447 792 2505 simum.
826 2447 970 2522 Ejus
1009 2449 1314 2522 praeterea
1365 2449 1536 2502 sunt:
1585 2445 1841 2502 Dec-isio-

1902 668 2222 726 troversias
2263 686 2398 726 cum
2432 668 2669 744 Pelagio
2700 668 2952 744 aliisque
2984 670 3188 727 haere·

1904 757 2037 814 ticis
2055 756 2361 832 spectabat
2379 754 2440 836 (†
2466 765 2650 824 1629,
2678 757 2948 818 sec.alios
2973 755 3186 838 1631).

1904 844 2149 920 Scripsit
2202 844 2705 925 quamplurimal)
2758 851 2827 905 ut
2876 848 2944 904 de
2989 851 3188 924 qratia

1907 935 2141 1008 Christi,
2191 934 2437 993 Parisiis
2491 943 2689 1004 16463
2735 936 2804 992 de
2847 944 3002 994 statu
3038 956 3187 1011 par-

1902 1023 2165 1081 vulorum
2208 1026 2332 1081 sine
2377 1024 2656 1098 baptismo
2700 1024 3085 1083 decedentium
3117 1045 3187 1084 ex

1902 1111 2010 1170 hac
2057 1113 2182 1170 vita
2238 1114 2415 1186 juxta
2476 1129 2713 1170 sensum
2767 1112 2927 1171 beati
2974 1115 3187 1190 Augu·

1902 1200 2064 1270 atini,
2088 1201 2558 1269 Lovanii16243
2600 1210 2799 1268 16353
2835 1202 3186 1279 Rothomagi

1909 1300 2090 1358 1643,
2145 1290 2207 1347 in
2257 1309 2373 1363 quo
2426 1289 2719 1347 fusissime
2769 1309 2836 1348 ex
2871 1309 2945 1349 ss.
2997 1292 3188 1349 literis

1900 1384 1960 1435 et
1991 1379 2327 1454 Augustino
2361 1378 2671 1437 sensibiles
2691 1379 3012 1438 infantium
3047 1400 3188 1455 poe-

1886 1484 2006 1524 nas
2039 1467 2478 1525 demonstravit.
2512 1467 2771 1543 Dignum
2805 1468 2960 1526 hunc
2981 1469 3018 1529 l.
3049 1486 3185 1527 cen-

1901 1561 2151 1613 suerunt
2198 1555 2561 1623 Janseniani,
2617 1575 2793 1629 quem
2842 1557 3185 1632 appendicis

1901 1645 2088 1702 instar
2120 1643 2406 1703 adderent
2436 1644 2704 1703 Jansenii
2723 1647 2885 1720 operi
2906 1647 3184 1722 Auyusti·

1900 1751 2027 1796 vaus,
2076 1732 2427 1808 Pei-eqrinus
2475 1732 2984 1816 Je1·ichontinus²)‚
3033 1735 3087 1792 h.
3137 1755 3186 1793 e.

1899 1821 1971 1878 de
2021 1827 2241 1879 natura
2285 1822 2544 1879 humana
2593 1822 2846 1880 feliciter
2888 1824 3185 1894 instituta,

1901 1909 2214 1968 infeliciter
2225 1911 2407 1984 lapsa,
2423 1911 2842 1970 miserabiliter
2856 1913 3186 1982 vulnerata,

1898 1999 2359 2057 misericorditer
2369 2003 2720 2066 restaurata,
2736 2000 2979 2059 Parisiis
2998 2013 3019 2062 1
3038 2011 3072 2063 6
3084 2011 3156 2064 41
3171 2047 3185 2072 ,

1899 2105 2040 2145 cura
2071 2088 2337 2157 Arnaldi,
2372 2089 2541 2162 cujus
2572 2087 2724 2146 forte
2745 2090 2927 2147 etiam
2946 2095 3037 2148 est
3054 2109 3184 2148 ver-

1899 2176 1985 2234 sio
2030 2177 2240 2252 gallica
2285 2187 2477 2238 1645:
2531 2195 2650 2250 quo
2701 2178 2763 2235 in
2814 2197 2905 2253 op.
2939 2180 3187 2255 respicit

1897 2265 2237 2339 parabolam
2286 2266 2467 2330 illius,
2522 2266 2627 2340 qui
2676 2265 3059 2325 descenderat
3109 2268 3184 2326 ab

1898 2354 2230 2412 Jerusalem
2279 2355 2342 2411 in
2391 2355 2629 2412 «Iericho
2679 2357 2740 2412 et
2785 2355 3077 2415 inciderat
3122 2358 3187 2415 in

1899 2442 2173 2510 latroneS‚
2226 2443 2331 2517 qui
2377 2442 2847 2516 dispoliaverunt
2889 2463 3024 2503 eum
3058 2445 3187 2520 pla·

558 2555 698 2593 num
760 2537 932 2593 totius
993 2535 1301 2609 theoloqiae
1351 2534 1731 2606 speculativae
1792 2541 1843 2591 et
1897 2549 2120 2608 gasque
2141 2531 2194 2589 ei
2215 2532 2629 2609 imposuerunt
2662 2531 2821 2612 (Luc.
2857 2528 2977 2614 10);
3016 2535 3184 2592 Com-

559 2627 799 2683 moralis
828 2625 887 2681 ll.
924 2634 958 2685 6
1012 2624 1084 2681 ad
1135 2627 1393 2681 mentem
1428 2623 1602 2692 Scoti,
1652 2623 1841 2680 Vene·
1894 2618 2173 2693 pendium
2219 2621 2524 2679 doctrinae
2570 2640 2613 2679 s,
2660 2623 2983 2698 Augustini
3033 2624 3187 2682 circa

556 2714 661 2771 tiis
703 2721 865 2775 1629
902 2713 961 2769 in
999 2723 1072 2779 4;
1111 2710 1452 2785 Splendores
1481 2711 1843 2768 hierarchiae
1896 2711 2167 2786 gratiam,
2195 2710 2273 2767 ib.
2301 2719 2498 2780 1634;
2531 2711 2602 2768 de
2630 2710 2871 2785 flayellis
2885 2713 3185 2789 justorum

549 2804 814 2876 politicae
846 2807 895 2856 et
927 2801 1327 2857 ecclesiasticae
1359 2819 1392 2857 a
1431 2798 1667 2858 coelesti
1715 2800 1838 2857 hie·
1888 2800 2063 2872 juxta
2094 2801 2350 2856 mentem
2384 2799 2728 2873 Augustini,
2762 2800 2839 2856 ib.
2884 2810 3084 2870 1644;
3117 2802 3187 2858 de

558 2889 790 2948 rarchia
820 2889 1137 2962 exemplati
1172 2887 1244 2945 ad
1267 2888 1657 2946 christianum
1678 2889 1839 2964 regi·
1894 2889 2207 2964 Anqustini
2238 2906 2408 2945 sensu
2438 2889 2594 2945 circa
2626 2888 2674 2948 b.
2700 2888 2929 2947 Mariae
2965 2889 3022 2949 V.
3047 2908 3183 2948 con·

555 2997 708 3048 men,
743 2978 1048 3035 Craeoviae
1088 2985 1249 3039 1652
1297 2977 1361 3035 in
1410 2988 1479 3047 43
1531 2979 1837 3034 institutio·
1892 2979 2219 3050 ceptionem,
2255 2976 2627 3050 Antwerpiae
2670 2986 2832 3038 1619
2859 2978 2922 3035 in
2946 2988 2999 3038 4.
3035 2978 3184 3036 Vere

555 3085 654 3124 nes
683 3085 906 3141 sacrae,
941 3065 1216 3133 literale8‚
1254 3067 1502 3123 morales
1539 3085 1603 3124 ac
1625 3084 1837 3140 specu-
1895 3064 2113 3123 meruit
2144 3064 2216 3121 de
2248 3064 2513 3123 doctrina
2545 3065 2837 3123 catholica
2869 3066 2931 3124 in
2965 3066 3178 3124 Hiber-

554 3156 767 3213 lativae
781 3156 844 3213 in
862 3155 1183 3213 dominicas
1199 3155 1357 3217 anni,
1377 3155 1640 3213 Venetiis
1669 3163 1833 3216 1628
1892 3154 1991 3210 nia
2043 3171 2150 3211 suo
2183 3154 2517 3211 catechismo
2563 3154 2772 3230 lingua
2816 3156 3010 3229 patria
3040 3174 3182 3214 con-

553 3246 614 3303 in
632 3245 669 3303 f.
690 3278 770 3288 —-
787 3244 1088 3302 Hibernas
1120 3244 1457 3318 pariterque
1474 3244 1612 3302 O.S.
1631 3244 1833 3301 Franc.
1894 3242 2133 3317 scripto.

552 3339 640 3392 est
686 3333 1018 3392 Florentius
1064 3333 1392 3391 Conrius
1443 3332 1833 3401 ConiacensiS,

549 3424 678 3497 Baji
709 3423 1050 3499 discipulus,
1086 3428 1293 3479 auctor
1322 3421 1360 3478 J
1366 3420 1699 3479 ansenianis
1716 3438 1834 3478 non

549 3512 835 3590 ingratae.
897 3512 949 3570 A
981 3512 1277 3569 Clemente
1308 3509 1466 3568 VIII.
1513 3510 1574 3567 in
1625 3509 1833 3566 Hiber-

1985 3374 2127 3425 277.
2162 3366 2230 3422 In
2270 3367 2592 3423 Germania
2631 3366 2966 3425 floruerunt
2996 3367 3179 3425 Joan-

1890 3473 1995 3511 nes
2042 3454 2087 3511 P
2103 3455 2219 3512 ele
2238 3472 2268 3512 c
2282 3474 2319 3529 y
2339 3475 2378 3511 u
2397 3473 2423 3512 s
2457 3454 2510 3511 S.
2544 3454 2599 3512 J.
2635 3454 2951 3523 Ulmensis,
2984 3456 3177 3532 philo·

1890 3542 2147 3617 sophiam
2184 3554 2218 3604 9
2255 3561 2462 3616 annos.
2507 3543 2869 3619 theologiam
2925 3554 2996 3605 19
3043 3563 3179 3618 pro-

549 3602 705 3659 niam
769 3602 1082 3677 ablegatus
1145 3600 1279 3666 suit,
1335 3605 1404 3656 ut
1466 3598 1748 3657 exercitui
1800 3617 1835 3655 a
1889 3633 2077 3689 sessus
2111 3628 2171 3712 (†
2210 3641 2308 3692 31·
2344 3632 2474 3689 Dec·
2515 3641 2680 3693 ¹623
2717 3651 2766 3693 a·
2800 3632 3008 3690 aetatis
3046 3630 3174 3715 78),

548 3690 824 3763 Philippo
853 3690 925 3746 11.
955 3689 1016 3745 in
1050 3688 1385 3745 subsidium
1418 3687 1831 3745 catholicorum
1889 3722 2060 3795 cujus
2093 3720 2384 3795 plurimae
2406 3717 2461 3799 (1
2483 3716 2543 3799 5)
2568 3724 2842 3794 prostant
2860 3721 3056 3780 thesea
3072 3740 3178 3781 geu

547 3778 730 3834 misso
764 3795 870 3834 suo
903 3777 1132 3832 adesset
1181 3776 1440 3839 consilio,
1476 3795 1605 3834 mox
1642 3775 1830 3834 archi·
1887 3810 2305 3882 (subputatione-3,
2337 3805 2733 3888 thedom-⁶333)
2786 3809 2849 3867 in
2882 3810 3178 3869 academia

548 3865 860 3960 episcopus
877 3863 1204 3962 tuamensis
1235 3863 1447 3962 dictae,
1481 3884 1585 3939 per
1603 3864 1829 3963 Anglos
1886 3897 2122 3955 habitae
2156 3897 2459 3972 dilingam
2493 3893 2591 3977 (ab
2613 3917 2662 3954 a·
2692 3896 3175 3980 1584-1591),

547 3955 917 4027 prosenptm
936 3951 1413 4027 modomsselgm·
1433 3953 1676 4011 m⁰d⁰¹¹²
1691 3952 1828 4009 H¹S‘
1886 3991 1973 4044 et:
2012 3987 2229 4043 Malum
2263 3989 2478 4043 summi
2510 3988 2651 4044 mali
2685 3987 2811 4044 sive
2844 3989 2913 4045 de
2944 3988 3176 4059 infinita

547 4042 724 4113 pania
753 4059 787 4096 ⁸·
817 4040 1014 4139 patria
1057 4041 1382 4099 ⁶¹³¹²¹⁸⁶b⁸t·
1444 4041 1516 4141 1,ss
1557 4041 1665 4099 h⁰⁰
1696 4041 1828 4098 (ΠΨ
1879 4077 2161 4152 yravitate
2185 4076 2404 4150 peccati
2426 4076 2687 4132 mortalis
2709 4075 2766 4132 11.
2789 4084 2843 4143 5,
2878 4075 3173 4133 Monachii

547 4134 726 4185 turno
759 4129 963 4185 exsilio
994 4130 1190 4186 totum
1236 4148 1295 4187 se
1342 4129 1508 4187 dedit
1539 4149 1581 4187 s.
1616 4132 1828 4205 Augu·
1894 4174 2076 4226 1615·
2098 4196 2185 4206 —
2222 4163 2563 4221 Theodorus
2602 4163 2917 4241 Smising
2948 4163 3171 4222 Qffin,

547 4334 890 4403 Antverpiae
921 4339 1054 4391 1622
1100 4334 1160 4387 iu
1186 4339 1249 4393 82
1293 4339 1660 4402 Ir’efensionem
1706 4338 1832 4401 fidei
1961 4337 1999 4403 ¹)
2028 4336 2109 4388 Cf.
2160 4332 2298 4387 bibl.
2350 4332 2526 4386 franc.
2567 4331 2609 4395 I,
2648 4337 2784 4393 3513
2837 4333 3171 4387 Belleeheim

545 4406 827 4458 catholicae
851 4409 908 4458 et
933 4405 1270 4474 apostolicae
1296 4421 1560 4459 romanae
1606 4406 1828 4475 opposi-
1885 4404 2079 4458 Gesch.
2118 4405 2217 4458 der
2257 4404 2416 4456 kath.
2460 4402 2665 4456 Kirche
2704 4404 2765 4456 in
2806 4404 2898 4459 Irl.
2941 4405 3008 4470 11,
3034 4409 3171 4477 3263

545 4474 661 4525 tam
686 4475 1063 4529 admonitioni
1101 4476 1443 4530 necessariae
1485 4477 1571 4531 J0.
1601 4476 1826 4529 Mulleri
1881 4475 2051 4529 Jeiler
2076 4477 2190 4530 KL.
2218 4476 2310 4539 ΙΙΙ,
2338 4479 2459 4530 949.

544 4541 831 4622 lutherani
851 4546 1222 4613 praedicantis
1243 4546 1674 4616 hamburgensis
1689 4549 1827 4600 Ant-
1956 4554 1997 4618 ²)
2025 4545 2310 4617 Distingui
2330 4544 2422 4597 hic
2449 4545 2484 4599 l.
2512 4545 2889 4600 debetalibro
2914 4544 3166 4615 ejusdem

544 4628 767 4679 verpiae
795 4619 929 4671 1631
958 4617 1016 4668 in
1043 4621 1092 4673 8.
1121 4620 1221 4677 etc,
1251 4617 1333 4671 Cf.
1363 4616 1581 4671 Echard
1609 4619 1675 4683 ΙΙ,
1700 4623 1824 4689 479;
1882 4619 2117 4686 spiritus
2142 4620 2304 4673 Joan.
2331 4616 2391 4668 B.
2418 4615 2625 4670 Sinic
2642 4615 2679 4668 h
2699 4615 2754 4670 ii
2798 4620 2845 4687 (†
2875 4621 3033 4685 1615)
3076 4618 3169 4671 Pe·

546 4680 767 4736 Streber
793 4685 902 4740 KL.
933 4687 1024 4753 VI,
1052 4692 1205 4744 1236.
1882 4694 2124 4758 reqrinus
2149 4691 2654 4755 hierosolymitanus.

622 4758 657 4817 ¹)
687 4752 767 4810 cf.
795 4755 937 4811 Bibl.
965 4759 1137 4811 franc.
1164 4758 1258 4817 cit,
1287 4758 1355 4823 11,
1380 4763 1503 4816 466.
1954 4764 1996 4830 ³)
2024 4761 2106 4815 Cf.
2132 4760 2346 4813 Backer
2372 4759 2441 4822 11,
2470 4761 2609 4814 1840
2635 4775 2675 4812 e.
