3625 5193
1027 212 1398 269 1601—1620.
1426 209 1737 284 Theologia
1762 212 2098 265 scholastica
2121 212 2180 264 in
2208 212 2500 281 Hispania.
2528 213 2749 278 Suarez,

583 224 707 279 383
3078 231 3201 286 384

580 396 767 472 mag-is
811 414 949 455 vero
997 396 1087 453 his
1135 396 1374 471 placuit,
1422 414 1490 454 eo
1520 395 1707 471 magis
1738 396 1862 454 dis·
1920 396 1981 453 et
2009 395 2074 453 in
2106 396 2434 471 capitulum
2466 396 2770 470 Multiplex
2801 396 2873 454 de
2893 399 3202 473 poeniten·

580 484 794 560 plicuit
825 485 951 562 regi
968 485 1238 562 Angliae,
1272 485 1377 560 qui
1409 485 1577 544 illam
1608 484 1860 543 flammis
1917 484 2004 541 tia
2035 489 2344 559 sumptum
2387 504 2453 543 ex
2487 504 2530 546 s,
2562 486 2774 543 Leonis
2809 505 2897 561 ep.
2935 496 3033 551 89.
3068 507 3203 546 cum

578 573 828 632 tradidit
857 573 1292 648 lectionemque
1323 574 1530 650 rigidis
1568 574 1678 632 sub
1726 592 1860 649 poe-
1916 572 2225 632 concordia
2257 573 2578 632 eorundem
2625 592 2939 644 canonum3
2991 585 3046 637 2.
3079 581 3203 635 tra-

579 662 672 721 nis
704 663 912 721 vetuit.
945 662 1380 721 Parlamentum
1413 681 1651 739 quoque
1700 662 1858 738 pari·
1916 663 2114 719 ctatus
2165 661 2236 719 de
2286 661 2653 721 confessione
2703 668 3077 739 peccatorum
3129 666 3206 724 ab

579 752 774 809 sinum
808 750 960 809 illud
993 751 1219 809 addixit
1236 752 1361 827 igni
1385 747 1628 833 (1614),
1652 770 1860 810 verum
1915 749 2043 824 ipso
2074 750 2420 825 poenitente
2461 750 2729 810 facienda
2774 772 2908 811 cum
2955 757 3202 813 annota-

578 845 830 917 urgente
861 840 1044 899 Paulo
1075 839 1142 899 V.
1175 840 1511 899 Ludovicus
1543 839 1702 899 XIII.
1751 840 1858 898 de·
1915 838 2184 897 tionibus
2229 839 2442 899 incerti
2487 841 2745 899 auctoris
2778 842 2831 905 S.
2863 840 2951 911 J.;
2989 851 3042 905 3.
3077 843 3201 918 epi-

578 929 725 987 creti
787 929 1324 1006 promulgationem
1385 929 1651 988 inhibuit
1667 926 1730 1010 ¹).
1794 929 1858 990 T.
1915 927 2068 984 stola
2111 926 2184 985 ad
2231 927 2589 987 Clementem
2626 929 2779 988 VIII.
2814 931 2875 988 P.
2910 932 2983 989 Μ.
3018 935 3077 989 et
3110 951 3202 990 re-

576 1017 754 1079 XXII.
801 1019 1329 1094 metaphysicarum
1377 1018 1857 1093 disputationum,
1915 1015 2154 1091 sponsio
2203 1015 2275 1073 ad
2336 1018 2768 1093 propositiones
2830 1018 2902 1078 de
2963 1021 3196 1079 auxiliis

574 1106 640 1165 in
672 1106 893 1182 quibus
926 1111 986 1165 et
1018 1108 1296 1166 universa
1338 1106 1638 1183 theologia
1682 1109 1859 1164 natu·
1913 1103 2136 1179 gratiae
2191 1108 2425 1164 notatas
2479 1127 2512 1164 a
2572 1108 2876 1175 Dominico
2929 1110 3195 1181 Bannez;

575 1196 715 1253 ralis
746 1195 1016 1255 ordinate
1047 1195 1313 1254 traditur
1345 1197 1406 1253 et
1430 1214 1524 1271 qq.
1547 1195 1622 1254 ad
1655 1213 1858 1254 omnes
1917 1202 1971 1253 4.
2022 1192 2362 1253 dissertatio
2412 1199 2620 1254 utrum
2682 1196 2738 1254 b.
2787 1197 2967 1275 Virgo
3019 1197 3202 1256 fuerit

585 1293 657 1347 12
694 1284 1029 1343 Aristotelis
1068 1284 1129 1342 ll.
1178 1284 1542 1360 pertinentes
1587 1287 1858 1343 accurate
1914 1281 2249 1340 santificata
2298 1283 2362 1340 in
2414 1284 2606 1358 primo
2653 1286 2903 1345 instanti
2952 1305 3198 1363 concep-

576 1373 981 1449 disputantur,
1016 1393 1073 1448 p.
1101 1384 1165 1441 1;
1200 1377 1243 1433 t..
1276 1372 1484 1432 XXIII.
1507 1374 1854 1448 metaphysi-
1912 1370 2095 1428 tionis
2143 1374 2322 1447 atque
2354 1371 2499 1432 adeo
2531 1374 2604 1430 ab
2642 1374 2917 1450 originali
2962 1381 3201 1451 peccato

574 1482 778 1520 carum
821 1464 1278 1537 disputationum
1324 1469 1423 1520 etc.
1473 1483 1527 1539 p.
1579 1472 1635 1524 2.
1683 1462 1857 1520 Tanti
1913 1463 2320 1534 praeservata;
2371 1471 2425 1523 5.
2459 1461 2615 1520 liber
2660 1463 2953 1522 secundus
2984 1468 3044 1522 et
3074 1468 3197 1522 ter·

575 1551 1003 1609 aestimabatur
1036 1550 1145 1609 hoc
1181 1570 1345 1626 opus,
1395 1555 1467 1609 ut
1510 1551 1667 1609 haud
1700 1551 1855 1609 mul·
1911 1548 2036 1606 tius
2090 1546 2344 1630 (primus
2398 1552 2656 1627 exceptis
2712 1553 2985 1611 brevibus
3035 1552 3192 1629 frag-

573 1644 771 1697 torum
822 1659 1112 1698 annorum
1165 1640 1359 1714 spatio
1410 1640 1719 1698 duodecies
1761 1641 1855 1697 vel
1912 1637 2125 1695 mentis
2155 1633 2360 1721 periit)
2394 1638 2465 1696 de
2503 1639 2881 1699 immunitate
2925 1642 3194 1700 ecclesia·

575 1729 811 1804 saepius
846 1728 1112 1803 prodiret
1156 1727 1220 1786 in
1267 1728 1474 1797 Gallia,
1524 1728 1852 1795 Germania,

572 1817 778 1893 Belgio
811 1825 871 1874 et
901 1816 1095 1877 Italia.
1146 1817 1397 1875 Assidue
1438 1817 1588 1875 illud
1624 1817 1853 1875 lectita-

571 1906 676 1964 bat
686 1906 902 1964 Fabius
914 1905 1081 1981 Chigi
1093 1902 1326 1986 (postea
1342 1904 1785 1964 AlexanderVII
1792 1901 1852 1985 .),

572 1994 708 2052 hinc
741 1994 804 2051 in
834 1995 1199 2070 praefatione
1244 1994 1526 2065 thesium,
1561 2013 1714 2069 quas
1747 2012 1853 2069 pro

571 2082 891 2141 obtinenda
912 2083 1248 2142 doctoratus
1270 2083 1475 2143 laurea
1495 2084 1734 2160 publice
1749 2083 1853 2140 de-

570 2171 777 2241 fendit,
793 2170 877 2229 ita
895 2172 966 2230 de
988 2173 1199 2231 Suarez
1214 2172 1511 2248 loquitur:
1539 2212 1564 2240 ,
1580 2172 1692 2242 Qui
1707 2172 1854 2229 mihi

570 2261 966 2335 praeceptoris
983 2280 1120 2320 voce
1136 2260 1426 2320 destituto
1444 2280 1599 2319 unus
1615 2279 1752 2337 prae
1760 2265 1852 2318 sto

571 2349 689 2408 fuit
723 2350 845 2407 suis
877 2350 940 2407 in
984 2351 1178 2409 lucem
1226 2350 1402 2409 editis
1448 2349 1620 2408 libris
1668 2350 1852 2407 Fran-

572 2437 765 2497 ciscus
817 2439 1029 2497 Suarez
1064 2440 1479 2515 theologorum
1524 2439 1703 2513 hujus
1753 2456 1852 2495 ae-

569 2527 711 2585 tatis
743 2527 913 2585 facile
945 2528 1247 2603 princeps:
1280 2545 1460 2603 quem
1492 2546 1624 2585 cum
1658 2526 1851 2602 philo-

572 2617 810 2691 sophiae
843 2635 1078 2692 operam
1103 2615 1321 2685 darem,
1346 2616 1693 2691 scriptorem
1713 2614 1851 2673 novi

569 2704 977 2763 acutissimum
1008 2704 1331 2778 amavique‚
1380 2704 1511 2763 ideo
1557 2704 1752 2779 ipsum
1789 2704 1850 2761 in

569 2792 869 2868 theologia
919 2793 1220 2850 doctorem
1272 2811 1411 2850 sane
1466 2793 1850 2868 perspicuum

1912 1725 2056 1784 stica
2080 1726 2375 1785 aVenetis
2407 1727 2626 1787 violata
2658 1734 2718 1787 et
2739 1730 3014 1805 pontifice
3031 1732 3197 1806 juste

1911 1832 1976 1871 ac
2035 1814 2496 1889 prudentissime
2572 1818 2824 1876 defensa.
2903 1819 3196 1878 Hortante

1913 1903 2096 1961 Paulo
2115 1903 2173 1961 V.
2197 1904 2269 1962 de
2290 1904 2396 1963 hac
2416 1908 2762 1979 quaestione
2794 1909 3059 1982 scripsit3
3093 1907 3196 1967 sed

1910 2010 2042 2049 cum
2093 1991 2332 2050 interim
2379 1995 2521 2053 haec
2566 1997 2968 2056 controversia
3013 1995 3195 2055 fuerit

1910 2081 2249 2155 composita,
2284 2082 2547 2141 Suaresii
2580 2103 2729 2160 opus
2764 2085 2828 2143 in
2860 2086 3051 2145 lucem
3074 2104 3192 2144 non

1910 2168 2146 2243 prodiit,
2181 2174 2378 2229 tamen
2412 2193 2444 2228 a
2477 2173 2659 2231 Paulo
2694 2173 2759 2237 V.
2793 2174 2902 2232 hoc
2934 2174 3192 2233 encomio

1910 2257 2140 2315 laudari
2160 2262 2523 2333 promeruit:
2559 2302 2585 2330 ,
2602 2263 2856 2321 Multum
2888 2264 2950 2320 in
2970 2281 3037 2321 eo
3057 2262 3193 2320 dili-

1908 2346 2142 2421 gentiae
2175 2365 2241 2404 ac
2273 2348 2575 2407 doctrinae
2607 2369 2713 2408 nec
2745 2351 2943 2409 minus
2966 2351 3194 2411 ardoris

1908 2436 2254 2493 asserendae
2286 2438 2605 2497 catholicae
2637 2440 2906 2498 veritatis
2938 2448 2998 2499 et
3036 2440 3192 2498 divi-

1907 2541 2016 2580 nae
2050 2524 2104 2585 b.
2138 2524 2301 2583 Petri
2332 2527 2587 2585 tuendae
2607 2529 2976 2587 auctoritatis
3000 2530 3194 2587 elucet

1907 2630 2097 2687 usque
2130 2613 2290 2685 adeo,
2326 2620 2397 2674 ut
2434 2635 2580 2691 opus
2627 2617 2972 2676 universum
3021 2619 3190 2677 theo-

1906 2701 2108 2777 logum
2140 2700 2472 2785 eximiuml)
2515 2706 2804 2781 exprimat
2849 2726 2914 2765 ac
2959 2708 3126 2783 pium
3143 2714 3189 2764 ἦ

1910 2800 1964 2851 6.
1998 2790 2080 2848 De
2125 2792 2462 2869 virginibus
2509 2794 2703 2870 anglis
2750 2816 2782 2853 e
2814 2797 3009 2872 patria
3057 2815 3193 2871 pro-

568 2881 977 2958 optimumque
1026 2900 1159 2938 sum
1211 2883 1544 2958 expertus.‘
1611 2880 1849 2939 Prodie-
1904 2878 2061 2954 fugis
2093 2884 2152 2937 et
2184 2898 2549 2940 communem
2584 2884 2824 2942 vivendi
2858 2884 3104 2943 formam
3128 2903 3194 2943 ac

567 2973 711 3027 runt
742 2969 959 3026 iterum
991 2988 1165 3044 opera
1198 2970 1421 3028 Suarez
1458 2971 1706 3029 collecta
1737 2971 1848 3027 Pa·

1905 2968 2211 3043 religiosae
2267 2972 2426 3029 vitae
2489 2972 2820 3046 proximam
2884 2973 3190 3049 amplexis

568 3057 723 3116 rIsiis
767 3065 925 3121 1856
962 3076 1038 3115 ss,
1075 3078 1124 3117 v.
1163 3068 1240 3122 28
1277 3059 1340 3116 in
1374 3069 1443 3129 43
1490 3059 1709 3134 quibus
1744 3059 1846 3117 ad-
1903 3055 2212 3115 Judicium
2237 3059 2299 3121 P.
2319 3061 2411 3117 Fr.
2435 3061 2691 3119 Suaresii
2724 3062 2795 3120 de
2828 3063 3064 3121 illarum
3098 3062 3188 3120 in-

558 3147 706 3222 jecit
737 3165 805 3204 ex
837 3147 1081 3205 ineditis
1124 3147 1285 3206 aliud
1330 3149 1398 3205 cl.
1451 3148 1700 3207 Malou
1747 3167 1845 3207 vo·

1906 3146 2138 3205 stitut0.
2189 3148 2537 3222 Sequuntur
2564 3150 2701 3209 dein
2732 3151 3048 3211 nonnullae
3099 3145 3196 3233 (3)

569 3237 785 3305 lumen,
810 3235 906 3294 cui
927 3236 1177 3294 titulus:
1213 3237 1275 3294 R.
1300 3237 1359 3293 P.
1376 3237 1468 3295 Fr.
1494 3237 1530 3295 S
1547 3257 1589 3295 u
1605 3257 1639 3295 a
1654 3257 1684 3294 r
1700 3256 1730 3294 e
1749 3236 1848 3294 sii
1904 3233 2159 3292 Suaresii
2212 3237 2504 3311 epistolae
2554 3258 2601 3296 a.
2671 3250 2782 3302 161
2803 3252 2833 3302 7
2890 3239 3194 3298 occasione

566 3328 672 3383 etc.
706 3326 979 3400 opuscula-
1009 3344 1108 3383 sex
1142 3326 1371 3401 inedita,
1406 3344 1566 3384 nunc
1590 3326 1848 3401 primum
1902 3322 2203 3382 interdicti
2220 3326 2628 3401 olisiponensis
2649 3330 2919 3404 scriptae.
2941 3327 3198 3404 —Opera

566 3433 633 3473 ex
682 3414 847 3476 codd.
897 3415 1172 3482 romanis
1239 3414 1719 3491 lugdunensibus
1783 3431 1849 3472 ac
1887 3421 1892 3426 '

564 3504 823 3579 propriis
840 3502 1026 3562 edidit
1046 3506 1107 3562 et
1124 3503 1597 3578 praefationibus
1616 3504 1847 3561 instru-

1900 3545 1930 3597 J
1936 3561 2027 3597 am
2057 3562 2186 3599 vero
2216 3552 2514 3603 censuerat
2550 3549 2585 3603 S
2604 3567 2639 3601 u
2657 3565 2690 3601 a
2705 3568 2733 3603 r
2750 3568 2780 3603 e
2797 3569 2839 3615 z,
2883 3549 3027 3603 hanc
3068 3567 3191 3618 pro·

562 3592 651 3650 xit
681 3596 809 3661 etc„
843 3592 1139 3649 Bruxellis
1182 3602 1364 3654 1859.
1398 3592 1522 3652 Hoc
1544 3592 1846 3651 volumine
1903 3616 2246 3685 positionem
2288 3618 2616 3673 damnatam
2658 3637 2775 3675 esse
2815 3637 2978 3674 senen
3018 3639 3190 3675 com,

564 3681 974 3738 continentur:
1036 3691 1084 3740 1.
1137 3681 1592 3739 commentarius
1635 3681 1699 3739 in
1744 3681 1844 3739 de·
1901 3685 2155 3756 plexiv
2173 3704 2222 3751 ο,
2251 3689 2297 3742 si
2315 3692 2625 3759 utrumque
2641 3709 2743 3760 per
2759 3692 3189 3746 internuncium

564 3773 789 3826 cretum
823 3769 1137 3827 Clementis
1157 3768 1312 3828 VIII.
1347 3768 1499 3827 circa
1532 3769 1846 3828 confessio·
1902 3775 1998 3839 ²³2,ss
2024 3775 2125 3829 Pffl'
2152 3758 2345 3813 literas
2371 3762 2544 3826 fieret,
2589 3780 2703 3816 non
2730 3780 2862 3817 vero
2889 3779 3053 3816 sensu
3094 3763 3190 3816 di·

562 3876 698 3915 nem
719 3861 780 3915 et
799 3857 1228 3916 absolutionem
1249 3857 1312 3914 in
1330 3857 1597 3917 absentia
1612 3858 1778 3916 datas
1790 3853 1844 3938 ²)

1901 3848 1934 3882 v
1951 3846 1972 3881 1
1989 3846 2013 3882 s
2029 3845 2079 3894 0,
2095 3829 2141 3883 si
2164 3831 2506 3886 alterutrum
2523 3835 2752 3888 tantum
2773 3835 2855 3889 ita
2876 3835 3048 3888 fieret.
3065 3834 3184 3888 Dis-

1902 3900 2108 3979 plicuit
2122 3902 2430 3957 admodum
2447 3903 2660 3960 Romae
2676 3907 2815 3959 baec
2832 3906 3039 3980 opinio,
3069 3906 3182 3959 imo

1900 3973 2360 4099 Ιέῗῗὶοέἓοᾭὶἓξὶ
2374 3975 3188 4129 isssssffsssstffiifflsssessssff

565 4184 576 4195 ι
638 4117 693 4238 Ιὲ
707 4114 789 4168 Of.
816 4113 885 4168 de
912 4115 1019 4168 hac
1062 4116 1450 4206 prohibitione
1477 4116 1526 4198 J.
1555 4119 1620 4170 A.
1650 4117 1843 4171 Rance
1899 4113 2180 4196 positione
2202 4119 2370 4200 etiam
2387 4119 2450 4171 in
2467 4134 2630 4171 sensu
2658 4118 2693 4171 d
2710 4136 2817 4200 rvi
2834 4134 2906 4172 so
2933 4120 3184 4198 accepta,

560 4202 622 4238 in
700 4201 842 4239 evue
868 4185 964 4240 des
992 4189 1284 4255 questions
1323 4188 1669 4257 h1st0nques
1696 4193 1838 4246 1885
1899 4186 2137 4254 proinde
2155 4202 2221 4240 ex
2238 4203 2361 4257 eJus
2381 4193 2786 4244 commentario
2805 4191 2873 4244 de
2889 4194 3185 4258 poeniten-

560 4256 695 4311 fasc.
721 4259 888 4329 Apr.;
918 4259 1082 4312 Feret
1107 4259 1202 4324 III,
1229 4263 1299 4316 94
1324 4278 1367 4315 s.

1898 4256 1980 4310 tia
2007 4257 2336 4327 opinionem
2374 4259 2535 4314 illam
2576 4279 2691 4314 esse
2733 4260 3035 4314 delendam
3076 4264 3183 4331 (14.

634 4332 675 4401 2)
704 4327 1087 4383 Damnaverat
1113 4331 1369 4384 Clemens
1395 4330 1561 4393 Vm„
1602 4347 1690 4392 „re
1730 4348 1841 4384 ma.-
1896 4327 1928 4380 J
1933 4328 2008 4383 ul.
2038 4332 2214 4399 1605).
2243 4330 2344 4384 Cui
2372 4330 2585 4401 iudicio
2608 4336 2871 4402 prompte
2899 4349 2955 4385 se
2983 4332 3185 4386 doctis·

559 4401 685 4454 ture
712 4418 775 4453 ac
802 4400 1104 4469 diligenter
1148 4401 1501 4455 considerata
1547 4402 1694 4455 hanc
1719 4419 1840 4470 pro-
1898 4399 2071 4453 simus
2099 4402 2340 4470 subjecit
2364 4404 2576 4465 auctor,
2605 4402 2958 4471 Romamque
2985 4419 3185 4473 prope·

559 4471 917 4539 positionem,
945 4471 1066 4526 scil.
1094 4472 1275 4535 ,licere
1303 4488 1403 4540 per
1422 4472 1613 4527 literas
1639 4488 1736 4526 seu
1758 4473 1840 4525 in·
1896 4470 2489 4526 ravitsincerissimam
2508 4490 2638 4540 erga
2666 4474 2816 4527 hanc
2841 4474 3180 4528 sententiam

560 4542 917 4595 ternuncium
962 4543 1300 4596 confessario
1344 4543 1564 4610 absenti
1607 4546 1840 4612 peccata
1897 4542 2314 4598 observantiam
2342 4544 2714 4613 professurus,
2764 4546 2862 4600 ubi
2890 4546 3062 4599 etiam
3091 4544 3181 4596 be·

559 4612 1043 4667 sacramentaliter
1068 4613 1326 4667 confiteri
1351 4616 1408 4667 et
1434 4614 1503 4667 ab
1531 4616 1721 4668 eodem
1746 4617 1841 4669 ab·
1897 4613 2225 4680 uiguissime
2252 4633 2284 4668 a
2312 4615 2579 4685 pontifice
2606 4615 2720 4669 fuit
2745 4618 3034 4686 exceptus.

559 4685 715 4736 sente
755 4684 1168 4737 alffmolutionem
1211 4684 1497 4752 obtinere‘,
1539 4687 1611 4740 ad
1649 4686 1838 4740 minus

559 4753 646 4808 uti
673 4753 890 4818 falsam,
920 4755 1275 4809 temerariam
1317 4760 1374 4810 et
1398 4758 1834 4811 scandalosa1n.“
1895 4755 2232 4810 Benedictus

1976 4688 2010 4754 Ι)
2039 4685 2156 4740 Hoc
2205 4704 2278 4756 ap
2323 4687 2468 4741 osito
2517 4685 2683 4739 illum
2735 4704 2963 4755 quoque
3015 4690 3185 4741 ornat

2313 4758 2404 4813 IV.
2432 4758 2499 4810 de
2527 4774 2647 4826 syn.
2666 4756 2841 4812 dioec.
2859 4759 2926 4813 11.
2943 4774 2989 4816 e.
3004 4762 3038 4814 6
3057 4776 3114 4814 n.
3129 4763 3183 4814 4.
