3625 5193
453 206 619 259 1133
1032 221 1039 234 ,ι
1070 187 1146 240 du
1172 185 1294 251 Pre,
1322 185 1620 256 Mastelyn,
1653 187 2074 254 Vandersterre‚
2101 188 2192 242 del
2219 189 2450 258 Campo.
2901 208 2923 260 1
2946 205 3068 261 134

447 370 640 456 dajoz)
672 383 832 437 1645
857 373 1246 434 renunciatus
1267 371 1329 456 (†
1359 370 1569 457 1649).
1603 376 1729 434 An·
1785 376 2039 434 stitutus
2073 369 2136 457 (†
2170 384 2270 438 23.
2292 375 2423 434 Dec.
2458 370 2669 457 1652).
2735 375 2841 433 His
2871 375 3069 434 turbis

446 465 608 523 nates
636 464 1017 522 cistercienses
1063 459 1197 545 (seu
1226 464 1426 523 verius
1457 464 1730 524 ecclesia-
1786 483 1907 524 non
1965 465 2344 523 obstantibus
2411 465 2586 540 juxta
2658 465 3070 524 testimonium

447 547 654 634 sticos)
687 572 721 611 a
750 551 990 612 condito
1023 552 1305 613 Cistercio
1339 572 1569 612 summa
1589 571 1732 612 cura
1787 553 2082 613 sodalium
2113 553 2175 612 in
2195 553 2492 613 obituario
2529 553 2878 612 monasterii
2923 552 3071 623 ‚Vir

448 637 883 723 conscripsitl),
926 642 1026 701 sed
1058 641 1250 701 defuit
1280 642 1372 702 illi
1402 643 1730 701 multarum
1784 642 1906 702 fuit
1949 642 2221 702 lectionis
2268 646 2330 702 et
2373 642 2558 701 studii
2603 642 3067 712 amantissimus,

444 751 645 791 rerum
692 730 969 808 cognitio,
1017 731 1236 806 quibus
1281 731 1583 790 uberiores
1628 749 1729 790 eos
1786 734 1848 790 et
1896 731 2058 808 quod
2109 731 2246 790 hinc
2294 732 2566 808 sequitur
2612 731 3070 807 profundissime

446 821 692 880 reddere
709 819 1023 896 potuisset.
1062 819 1425 880 Prodierunt
1443 823 1488 878 t.
1512 829 1549 881 4
1569 820 1729 897 Lug·
1786 820 2016 892 doctus,
2051 821 2406 879 mirabiliter
2435 823 2636 879 tamen
2665 820 2845 878 comis
2891 823 2953 879 et
2982 820 3066 877 af-

447 910 597 969 duni
625 917 1056 972 1642—1659
1091 908 1155 967 in
1187 908 1225 967 f.
1258 907 1361 990 (m.
1385 910 1565 991 500);
1597 927 1730 986 ger·
1786 909 2004 981 fabilis,
2042 909 2311 985 jucunda
2357 928 2423 969 ac
2454 908 2652 985 lepida
2683 926 2792 967 sua
2821 927 3066 968 conver-

447 998 690 1070 manice,
722 999 1027 1075 Augustae
1066 1007 1408 1062 1739—42
1450 1017 1547 1075 pp.
1583 1009 1616 1062 5
1665 998 1730 1056 in
1785 999 2011 1058 satione
2042 998 2318 1057 omnibus
2339 1001 2549 1076 gratus
2581 1000 2643 1056 et
2664 993 2961 1079 carusss).
2994 997 3071 1055 Et

452 1096 485 1149 2
523 1107 575 1147 v.
609 1089 674 1147 in
704 1087 743 1149 f.
1784 1086 3070 1164 abVal.Andreainbibl.belg.dicitur:,Vir

538 1184 684 1240 492.
715 1174 1032 1235 Mauritius
1049 1175 1190 1234 duP
1205 1178 1276 1234 re
1309 1170 1408 1258 (de
1428 1176 1624 1248 Prato,
1648 1175 1730 1235 du
1784 1195 1906 1235 non
1926 1177 2124 1236 minus
2150 1176 2434 1253 religione
2453 1176 2733 1251 vitaeque
2753 1175 3068 1253 integrita-

445 1260 735 1347 Preisive)
772 1264 837 1324 Ο.
871 1265 1095 1323 Praem.
1126 1263 1480 1325 Parisiensis
1525 1264 1728 1341 ,copi-
1785 1270 1846 1324 te
1865 1265 2302 1342 quamingenio
2322 1264 2708 1339 doctrinaque
2729 1264 3069 1324 excellens}

445 1373 579 1415 osos
611 1354 685 1414 de
730 1352 1092 1413 monasterio
1138 1373 1180 1413 s.
1214 1353 1254 1413 J
1255 1353 1463 1414 oannis
1507 1354 1726 1412 ambia·
1784 1354 2039 1431 Collegit
2079 1353 2477 1432 Neorozoqium
2524 1353 2869 1413 monasterii
2910 1354 3065 1412 Viri-

443 1443 632 1514 nensi,
683 1442 756 1502 de
785 1444 913 1502 toto
946 1441 1171 1514 ordine,
1217 1442 1291 1502 de
1337 1461 1500 1502 sacra
1542 1441 1727 1501 ascesi
1784 1442 1879 1502 dis
1911 1441 2098 1502 Vallis
2131 1437 2211 1523 20.
2256 1460 2378 1502 can.
2418 1461 2537 1519 reg.
2583 1460 2626 1500 a.
2668 1444 2821 1519 Aug.
2868 1460 3067 1520 congr.

444 1532 686 1608 collegit
716 1531 1069 1591 meritorum
1099 1527 1561 1613 manipu10s‹2).
1612 1531 1726 1589 De·
1783 1532 1886 1590 lat.
1909 1536 1971 1591 et
1985 1531 2230 1607 capituli
2248 1530 2809 1590 windezemensisin
2829 1550 3067 1591 nemore

444 1621 627 1680 cessit
679 1629 735 1682 2.
794 1617 992 1700 (juxta
1042 1620 1189 1679 alios
1243 1616 1306 1701 8)
1359 1620 1482 1680 Oct.
1542 1630 1726 1684 1645.
1785 1620 1999 1680 Zoniae
2043 1639 2226 1697 prope
2257 1620 2617 1690 Bruxellam,
2669 1620 2731 1678 in
2775 1638 2896 1697 quo
2941 1621 3065 1698 agit

443 1710 712 1769 Plurima
741 1709 992 1785 reliquit
1021 1726 1219 1785 opera,
1250 1727 1318 1767 ex
1352 1709 1570 1784 quibus
1590 1713 1724 1770 tan-
1783 1709 1857 1768 de
1871 1708 2052 1770 variis
2063 1709 2288 1769 ordinis
2304 1708 2906 1785 monasteriis,deque
2924 1710 3066 1768 viris

442 1802 575 1856 tum
607 1797 988 1875 prodierunt:
1022 1798 1117 1856 La
1162 1797 1258 1856 Vie
1288 1798 1368 1856 du
1400 1799 1472 1857 Β.
1496 1798 1551 1860 S.
1572 1798 1725 1856 Nor·
1783 1799 1963 1874 hujus
1994 1798 2338 1857 monasterii
2367 1798 2540 1857 claris
2562 1798 2915 1873 praesertim
2934 1798 3066 1858 fuse

444 1887 598 1946 bert.
619 1931 631 1944 .
653 1935 667 1950 .
700 1888 1023 1946 contenant
1039 1886 1078 1944 1’
1097 1885 1357 1962 Origine,
1392 1905 1637 1964 progrez
1666 1890 1728 1945 et
1783 1889 1855 1946 de
1887 1887 1981 1946 Jo.
2013 1887 2447 1946 Ruisbroek
2481 1883 2579 1968 (cf.
2611 1887 2914 1946 Nomencl.
2950 1887 3063 1956 11⁸,

444 1976 868 2035 advencement
896 1975 970 2034 de
998 1975 1038 2033 l'
1057 1974 1244 2034 Ordre
1261 1974 1336 2033 de
1352 1976 1727 2034 Premonstre
1788 1971 1959 2057 715).
2009 1976 2259 2035 Joannis
2291 1977 2481 2034 Berc
2499 1976 2582 2034 ht
2613 1975 2831 2034 sodalis
2866 1972 2962 2057 (cf.
2984 1976 3066 2039 ib.

444 2067 552 2123 etc.
571 2110 585 2135 ‚
636 2064 803 2124 Paris
859 2073 1055 2135 16273
1130 2063 1228 2122 Vie
1283 2066 1352 2122 de
1401 2064 1461 2123 S.
1522 2063 1723 2142 Ulphe,
1781 2065 1877 2123 11⁸
1897 2109 1910 2135 ,
1968 2059 2120 2145 922)
2184 2065 2649 2123 Elucidatorium
2694 2066 2757 2122 in
2807 2063 3068 2123 Psalmos

441 2154 685 2213 Amiens
707 2162 871 2217 16:37
888 2173 903 2222 3
921 2154 1184 2212 Annales
1202 2152 1408 2212 breves
1420 2152 1725 2212 O.Praem.
1782 2155 2075 2212 davidicos
2105 2153 2396 2230 suppletis
2428 2153 2519 2224 iis,
2552 2172 2706 2229 quae
2736 2173 2771 2212 a
2800 2155 2892 2215 Ps.
2938 2163 3058 2215 114

443 2241 539 2320 (ad
572 2263 622 2302 a.
666 2237 876 2323 1645),
910 2241 1187 2301 Ambiani
1225 2250 1412 2312 1645,
1454 2260 1604 2318 quos
1636 2242 1725 2300 di·
1782 2252 1999 2305 -133
2018 2242 2282 2313 deerant,
2317 2241 2876 2317 ediditAntverpiae
2899 2251 3062 2304 1634

441 2331 702 2408 ligenter
732 2331 975 2407 quidem
1005 2330 1272 2407 digessit,
1320 2331 1435 2390 etsi
1465 2350 1585 2391 non
1616 2331 1725 2388 tali
1779 2331 1845 2390 in
1878 2341 1935 2394 4.
1978 2365 2065 2377 —-
2103 2331 2144 2390 J
2146 2349 2364 2391 oannes
2395 2331 2845 2407 chrysostomus
2876 2329 3060 2389 Van-

440 2420 599 2496 crisi,
634 2420 828 2497 qualis
859 2423 922 2478 in
954 2437 1131 2496 opere
1163 2419 1505 2496 hujusmodi
1526 2420 1725 2495 requi·
1781 2420 2187 2480 dersterre
2238 2420 2300 2479 Ο.
2348 2421 2571 2478 Praem.
2623 2418 3063 2478 Silvaducensis

440 2510 613 2579 ritur,
665 2528 735 2568 ex
787 2508 1020 2568 defectu
1065 2508 1188 2568 fere
1251 2509 1543 2569 bonorum
1593 2508 1722 2568 fon·
1781 2509 2054 2569 coenobii
2085 2509 2456 2586 praepositus
2491 2528 2543 2572 a.
2579 2517 2657 2570 27
2694 2511 2755 2566 et
2788 2508 3064 2567 visitator

440 2599 624 2657 tium:
672 2602 817 2657 sunt
848 2617 987 2658 vero
1018 2599 1433 2675 compendium
1479 2599 1724 2675 majoris
1780 2601 2072 2677 generalis
2104 2599 2465 2676 apostolicus
2486 2596 2861 2673 disciplinam
2881 2616 3059 2674 regu-

441 2688 657 2764 operis,
691 2687 850 2763 quod
882 2690 1156 2764 coeperat
1188 2690 1249 2746 et
1277 2688 1449 2764 cujus
1460 2689 1585 2764 jam
1605 2688 1724 2747 duo
1781 2690 1967 2747 larem
1985 2689 2068 2747 ita
2081 2688 2396 2764 promovit,
2419 2691 2490 2746 ut
2505 2687 2731 2763 primus
2746 2687 2968 2763 ubique
2982 2687 3061 2746 vi-

442 2779 756 2852 peraverat
772 2776 1084 2836 volumina.
1126 2776 1485 2836 Ptodierunt
1504 2778 1721 2836 iterum
1779 2796 1890 2855 gor
1907 2777 2151 2836 rediisse
2170 2776 2476 2836 videretur
2497 2772 2560 2858 (†
2585 2784 2684 2840 28.
2703 2775 2743 2835 J
2744 2776 2823 2835 ul.
2856 2775 3062 2855 1652).

439 2883 560 2924 cur.
577 2864 705 2941 Ign.
736 2884 853 2923 van
868 2865 1207 2941 Spielbeech
1227 2865 1510 2925 Namuroi
1537 2876 1724 2932 1886.
1779 2866 2033 2942 Collegit
2049 2867 2294 2925 Natales
2313 2865 2417 2924 SS.
2455 2864 2518 2923 Ο.
2541 2866 2790 2942 Ρναεηι,
2807 2867 3062 2924 Antver-

437 2987 525 2996 —
588 2955 817 3012 Marcus
880 2954 1269 3030 Mastelyn
1317 2953 1721 3013 Bruxellensis
1779 2955 1913 3030 piae
1953 2964 2114 3018 1625
2141 2977 2155 3027 ;
2189 2955 2593 3033 Haqioloyium
2631 2957 3063 3029 praemonstra-

438 3038 521 3123 (n.
558 3051 660 3104 24.
683 3043 843 3118 Sept.
872 3038 1065 3124 1599)
1100 3042 1237 3103 Can.
1271 3061 1390 3120 reg.
1420 3042 1484 3101 Ο.
1505 3062 1548 3102 s,
1569 3044 1721 3120 Aug.
1778 3046 1947 3101 tense
1994 3044 2115 3103 sive
2158 3043 2295 3103 fasti
2328 3043 2426 3105 SS.
2474 3044 2654 3119 hujus
2698 3042 2925 3102 ordinis
2971 3043 3062 3100 vi-

437 3131 895 3190 inViridiValle
916 3126 1397 3215 (Groenendael)‚
1432 3132 1723 3191 absolutis
1777 3131 1957 3190 detur
2005 3133 2295 3192 mansisse
2337 3131 2677 3203 ‘ineditum;
2743 3132 3062 3190 Chronicon

436 3221 677 3279 Lovanii
709 3219 925 3279 studiis
958 3220 1319 3296 theologiam
1364 3220 1585 3279 ibidem
1616 3221 1719 3279 do·
1770 3228 2337 3296 praemonstratense
2367 3221 2641 3280 ecclesiae
2676 3219 2729 3277 S.
2763 3220 3062 3278 Michaelis

436 3310 579 3368 cuit.
640 3310 855 3368 Postea
886 3309 1076 3368 factus
1110 3312 1203 3368 est
1233 3310 1467 3386 collegii
1502 3311 1596 3368 sui
1627 3329 1720 3369 or·
1777 3310 1897 3369 fuit
1929 3309 2223 3369 insertum
2243 3309 2606 3368 Brabantiae
2637 3308 2972 3366 illustratae
2992 3311 3060 3365 A.

366 3470 369 3473 Α
433 3397 592 3456 dinis
624 3398 867 3457 Lovanii
915 3417 1155 3475 praeses
1204 3394 1433 3481 (1631)
1482 3403 1544 3457 et
1585 3403 1722 3475 post
1778 3398 2126 3469 Sanderi,
2178 3397 2372 3475 quoad
2397 3400 2571 3474 Juxta
2614 3397 2760 3456 alios
2793 3401 2887 3456 est
2918 3398 3063 3460 Mae.

435 3488 666 3562 aliquot
687 3504 871 3545 annos
892 3484 1117 3568 (1536)
1151 3487 1411 3564 praefuit
1441 3488 1719 3547 coenobio
1777 3487 2066 3546 Simeomi.
2130 3489 2372 3546 Praeter
2431 3487 2683 3546 aliorum
2745 3487 3063 3545 sanctitate

435 3575 674 3651 Septem
694 3576 973 3634 Fontium
1007 3576 1184 3650 prior.
1232 3576 1376 3651 Ejus
1405 3577 1605 3635 tamen
1626 3596 1717 3634 re·
1775 3576 2103 3634 illustrium
2135 3577 2397 3634 virorum
2429 3577 2592 3652 vitas,
2626 3574 2868 3650 scripsit
2889 3578 3064 3634 vitam

432 3664 634 3740 gimen
666 3664 784 3722 fuit
832 3663 1178 3741 gravissime
1218 3665 1548 3724 turbatum.
1598 3665 1717 3723 Ha·
1773 3684 1819 3724 s.
1872 3665 2146 3725 Nor-berti
2197 3664 2449 3723 iconibus
2506 3664 2863 3722 illustratam
2915 3665 3061 3722 Ant-

430 3753 558 3811 bito
592 3753 746 3810 enim
780 3752 1040 3828 capitulo
1082 3753 1157 3812 ob
1190 3755 1352 3813 varia
1392 3754 1716 3813 accusatio·
1773 3754 2009 3829 verpiae
2037 3762 2199 3816 1622
2223 3754 2286 3812 in
2311 3765 2374 3823 43
2407 3752 2587 3812 etiam
2608 3752 3062 3829 flandrobelgice

431 3860 576 3899 num
609 3841 806 3917 capita
851 3860 885 3899 a
914 3841 1255 3918 praeposito
1297 3843 1555 3920 generali
1603 3843 1718 3901 fuit
1775 3843 1836 3906 ll.
1873 3853 1930 3914 3,
1978 3846 2038 3901 et
2069 3843 2285 3901 iterum
2318 3842 2503 3901 latine
2538 3842 2575 3899 1.
2616 3850 2672 3902 4.
2705 3842 3059 3913 auctiorem;

429 3930 739 4006 depositus
772 3930 1047 4005 aliusque
1092 3930 1155 3988 in
1187 3932 1316 4007 ejus
1348 3932 1542 3991 locum
1575 3933 1716 3990 sub·
1781 3943 1946 3996 1656
1982 3932 2071 3992 ed.
2104 3930 2595 3991 annotationibus
2627 3931 2936 4007 Polycarpi
2983 3932 3058 3989 de

432 4021 705 4078 stitutus.
759 4019 872 4078 Sed
893 4019 1209 4096 agentibus
1241 4021 1370 4095 ejus
1391 4021 1592 4079 amicis
1613 4022 1715 4078 de·
1773 4020 2075 4098 Hertoghe
2107 4020 2322 4080 sodalis
2354 4020 2735 4095 locupletata,
2782 4020 2963 4078 etiam
2997 4021 3060 4077 in

430 4129 595 4166 mum
626 4112 761 4184 post
791 4108 1118 4167 triennium
1150 4109 1212 4166 in
1244 4127 1465 4167 munus
1485 4108 1603 4167 fuit
1621 4128 1714 4167 re·
1771 4109 2201 4180 Act.SS.Iun.I,
2220 4109 3052 4178 804ss.cf.Goovaerts1‚287

1772 4208 1929 4260 —-95.
1952 4234 2004 4241 —
2037 4200 2251 4258 Petrus
2284 4199 2381 4257 del
2407 4199 2670 4272 Campo
2703 4195 2766 4254 Ο.
2801 4197 2857 4259 S.
2886 4197 3056 4272 Aug..

507 4317 547 4383 ι)
574 4313 657 4366 cf.
684 4312 809 4368 Nic.
838 4313 1122 4368 Antonius
1163 4314 1223 4367 in
1252 4314 1391 4371 bibl.
1418 4314 1563 4384 hiep.
1590 4334 1645 4368 n.
1674 4317 1714 4381 1,
1772 4287 2154 4346 Granatensis
2188 4284 2248 4369 (†
2285 4283 2481 4366 1660)
2524 4284 2762 4359 scripsit
2793 4283 3060 4342 Hsswria

429 4389 517 4447 91,
534 4383 635 4451 qui
655 4384 767 4437 alia
788 4385 1037 4439 auctoris
1057 4401 1230 4454 opera
1249 4385 1493 4440 aacetica
1511 4389 1571 4441 et
1589 4404 1714 4441 con-
1769 4378 2000 4451 qeneral
2029 4378 2098 4436 de
2128 4378 2212 4435 los
2233 4377 2598 4434 Eremitcmos
2616 4376 2686 4432 de
2716 4374 2775 4430 la
2800 4370 2863 4429 Ο.
2895 4373 2964 4429 de
2995 4372 3055 4430 S.

429 4455 741 4509 cionatoria
779 4456 1023 4517 indicat;
1063 4456 1256 4510 Piniua
1294 4457 1356 4510 in
1396 4457 1535 4511 actis
1575 4458 1644 4511 de
1671 4475 1713 4514 s.
1769 4466 1951 4542 Any„
1982 4460 3055 4526 Barcinone1640inf.—-Antonius

430 4526 717 4581 Bemffl'do
744 4530 805 4592 st·
834 4528 927 4608 [γ’
954 4529 1099 4610 Aug·
1126 4527 1181 4583 d·
1208 4531 1297 4599 20)
1324 4536 1351 4594 5
1377 4531 1464 4610 65:
1769 4574 1803 4610 a
1835 4555 2012 4612 Puri
2030 4554 2403 4613 ficatione
2450 4551 2513 4609 Ο.
2548 4554 2600 4611 S.
2635 4552 2787 4626 Aug.
2819 4549 3052 4607 Lusita-

504 4604 542 4665 2)
570 4598 662 4651 lta
679 4596 953 4668 Georgius
974 4600 1119 4669 Spir.
1136 4599 1187 4652 N
1193 4600 1398 4654 orbert.
1415 4600 1499 4654 ht.
1520 4616 1574 4669 p.
1589 4604 1711 4656 471.

428 4669 529 4806 {3122
535 4667 850 4796 ᾗσὲζαετδε
876 4669 1059 4725 Ecriv.
1087 4672 1153 4725 de
1180 4671 1217 4724 l'
1234 4671 1410 4726 Ordre
1437 4671 1507 4725 de
1533 4671 1711 4726 Prem.
1770 4668 2531 4811 Beigpghzl’pgissqoovaerts
2555 4666 2615 4720 in
2631 4666 2818 4736 Biogr.
2848 4666 2966 4721 nat.
2985 4664 3055 4719 de
