3625 5193
569 258 690 311 487

1039 242 1408 296 1601-1620,
1437 239 1778 308 interpretes
1805 257 1848 292 s.
1876 237 2203 309 Scripturae
2230 238 2289 291 in
2320 239 2475 309 Belg.
2507 237 2723 302 Estius,

3073 254 3208 309 488

567 427 689 484 tius
718 425 1147 500 dijudicaverit.
1195 424 1262 482 Id
1299 444 1481 483 unum
1508 426 1848 494 dolendum,
1908 427 2082 502 ginae
2115 425 2523 496 difficultates,
2557 444 2735 500 quam
2770 425 2841 483 ad
2875 424 3200 482 instituen-

566 515 728 590 quod
759 514 961 572 Estius
996 513 1126 588 Baji
1160 513 1491 589 discipulus
1524 535 1559 573 a
1580 514 1852 589 magistri

567 604 660 663 sui
695 603 927 678 placitis
978 602 1217 660 omnino
1249 621 1309 661 se
1341 603 1590 663 liberare
1635 603 1850 679 nequi·

565 693 735 751 verit.
770 691 960 760 Quare
982 691 1336 765 quibusdam
1355 693 1418 750 in
1436 694 1597 764 lociS‚
1630 693 1693 750 in
1716 692 1853 767 qui-

565 782 676 841 bus
709 781 781 839 de
812 781 1011 857 gratia
1043 783 1103 837 et
1134 781 1675 856 praedestinatione
1725 781 1852 857 agi-

564 875 682 939 tur,
718 875 888 928 caute
921 873 1014 927 est
1053 868 1400 946 legendus<
1454 871 1667 929 Acrius
1704 870 1853 929 sorte

567 959 676 1017 d’A
694 978 722 1015 r
737 979 776 1034 g
790 978 820 1016 e
837 962 918 1017 nt
935 961 1006 1016 re
1038 962 1267 1016 censet:
1292 997 1319 1027 ‚
1334 959 1668 1018 Admodum
1681 962 1853 1017 caute

565 1049 770 1107 Estius
805 1047 1091 1122 legendus
1139 1051 1247 1117 est,
1293 1066 1403 1106 nec
1450 1067 1588 1106 sane
1633 1048 1854 1124 dignus

567 1137 710 1194 mihi
744 1136 1000 1203 videtur,
1038 1135 1231 1209 quiut
1261 1137 1523 1211 optimus
1557 1137 1854 1211 interpres

567 1225 620 1283 d.
657 1226 828 1284 Pauli
872 1224 1244 1300 praedicetur
1264 1220 1366 1304 ¹).‘
1432 1226 1660 1284 Horum
1693 1244 1854 1284 com·

567 1314 991 1373 mentatiorum
1011 1313 1303 1387 epitomen
1328 1315 1581 1373 Medulla
1603 1315 1856 1388 paulina

571 1404 916 1478 inscriptam
951 1402 1199 1460 confecit
1217 1403 1309 1465 J0.
1344 1403 1678 1472 Gorcum,
1701 1405 1852 1460 Ant-

568 1493 808 1566 verpiae
836 1500 1000 1553 1619
1024 1511 1036 1559 ;
1070 1490 1347 1566 Lugduni
1376 1501 1571 1560 16233
1605 1492 1853 1550 Lovanii

577 1591 779 1650 17543
824 1589 1021 1647 1774;
1065 1590 1227 1642 1776
1264 1586 1371 1639 etc.
1404 1614 1493 1623 —-
1524 1581 1703 1638 Aliud
1724 1582 1854 1655 ejus

571 1688 720 1744 opus
772 1672 866 1726 est
930 1671 1346 1727 Annotationes
1411 1673 1470 1727 in
1528 1673 1854 1746 praecipua

569 1758 904 1831 difficiliora
936 1758 1057 1815 loca
1090 1776 1135 1815 8.
1175 1759 1531 1833 Scripturae,
1579 1759 1852 1818 Antwer-

569 1847 699 1923 piae
741 1855 898 1908 1621
940 1846 1003 1903 in
1035 1846 1104 1914 f.;
1139 1847 1411 1905 Coloniae
1452 1856 1635 1916 1622,
1671 1848 1854 1906 editio

569 1955 638 1993 ex
685 1935 875 2010 ipsius
928 1935 1186 1993 auctoris
1239 1936 1476 2011 scriptis
1528 1936 1855 2011 plurimum

570 2033 740 2083 aucta
786 2024 983 2082 studio
1016 2024 1278 2099 Casperis
1322 2024 1378 2081 N
1394 2020 1648 2106 emii2),
1685 2026 1854 2101 cujus

569 2117 766 2172 tamen
816 2113 1082 2171 studium
1129 2132 1249 2170 non
1302 2114 1576 2172 omnibus
1621 2114 1851 2183 arrisit;

570 2202 750 2260 Duaci
792 2210 957 2264 1629
1001 2201 1065 2259 in
1096 2201 1168 2270 f.;
1232 2202 1609 2278 Antwerpiae
1650 2213 1852 2270 1652;

569 2292 807 2349 Parisiis
850 2299 1033 2358 16633
1072 2299 1263 2352 1683:
1297 2291 1636 2367 Moguntiae
1667 2299 1851 2361 16673

569 2382 939 2439 accesserunt
999 2382 1396 2437 annotationes
1447 2383 1504 2436 ἱη
1555 2399 1746 2438 omnes
1793 2381 1849 2437 d.

573 2468 741 2526 Pauli
772 2470 1038 2544 epistolas
1068 2469 1333 2541 itemque
1365 2471 1427 2525 in
1458 2470 1727 2541 epistolas
1757 2488 1852 2525 ca·

569 2560 810 2616 nonio-as
871 2576 936 2615 ex
986 2556 1331 2614 vastissimis
1383 2557 1644 2631 ejusdem
1695 2576 1852 2616 com-

569 2646 874 2705 mentariis
922 2646 1305 2720 depromptae
1351 2664 1458 2719 per
1491 2647 1853 2704 Norbertum

571 2735 624 2791 d’
647 2736 721 2792 El
738 2736 774 2791 b
791 2754 820 2791 e
838 2754 878 2790 n
893 2751 940 2803 e,
981 2733 1335 2807 Antverpiae
1361 2743 1525 2795 1699
1547 2735 1607 2792 in
1622 2735 1678 2793 f.:
1702 2755 1853 2811 quae

570 2823 809 2898 quidem
842 2821 1088 2879 minoris
1124 2827 1265 2879 sunt
1305 2822 1502 2897 pretii,
1549 2825 1727 2881 utiles
1760 2828 1850 2882 ta·

569 2931 703 2968 men
735 2929 854 2969 non
887 2913 1005 2967 tam
1039 2910 1111 2968 ad
1144 2912 1476 2969 enodandas
1519 2931 1712 2971 sacrae
1747 2933 1852 2988 pa-

574 3154 684 3276 111¹)
711 3152 792 3204 De
835 3151 1113 3221 praedest.
1161 3169 1204 3205 c.
1251 3157 1300 3208 1.
1345 3152 1426 3205 (tf.
1470 3152 1642 3206 etiam
1671 3152 1853 3207 Feller

655 3266 667 3287 ,
694 3227 817 3280 458.

640 3299 682 3366 ²)
710 3298 920 3364 Caspar
972 3293 1024 3346 N
1041 3314 1069 3347 e
1089 3313 1140 3346 m
1159 3294 1233 3347 iu
1250 3312 1274 3347 s
1336 3293 1592 3366 (Dubois)
1657 3295 1849 3362 Sylva·

567 3365 827 3420 ducensis
874 3384 926 3420 n.
973 3370 1113 3423 1586
1158 3366 1336 3419 Duaci
1379 3365 1582 3418 studiis
1619 3382 1849 3433 operam

569 3437 724 3491 dedit·
752 3441 1102 3494 1608-1612
1132 3437 1439 3504 discipulus
1467 3435 1624 3500 Est-ii,
1654 3435 1755 3504 qui
1784 3452 1849 3491 eo

566 3526 699 3562 usus
725 3511 809 3562 est
833 3509 893 3561 in
914 3508 1215 3563 relectione
1238 3507 1601 3576 paulinarum
1622 3524 1848 3560 suarum

566 3580 1038 3635 lucubrationum.
1092 3579 1155 3631 Ei
1196 3579 1464 3633 successit
1488 3579 1549 3631 in
1574 3579 1850 3647 regimine

567 3651 853 3704 seminarii
880 3650 1040 3719 regii,
1068 3654 1240 3718 prout
1269 3650 1457 3703 Estius
1483 3650 1729 3703 moriens
1758 3650 1847 3703 de·

568 3721 924 3777 sideraverat.
976 3722 1180 3774 Doctor
1219 3724 1440 3776 creatus
1481 3724 1662 3791 (1617)
1703 3722 1852 3774 rexit

568 3792 894 3845 cathedram
923 3792 1240 3862 theologiae
1268 3792 1650 3846 scholasticae.
1679 3795 1847 3843 Anno

568 3868 707 3919 1634
732 3865 1128 3932 praesentatus
1156 3870 1241 3917 est
1266 3880 1300 3915 a
1332 3863 1592 3932 Philippo
1621 3862 1712 3914 IV.
1743 3880 1846 3931 pro

566 3934 695 3986 sede
745 3935 1149 4002 antverpiensi,
1202 3935 1294 3987 cui
1345 3933 1632 4002 praesedit
1682 3950 1848 3987 verus

567 4008 759 4073 pastor
785 4023 835 4059 a.
863 4010 945 4069 17,
976 4005 1106 4058 inde
1133 4006 1444 4059 translatus
1471 4007 1554 4058 est
1571 4004 1641 4057 ad
1659 4005 1848 4057 sedem

566 4076 1100 4146 archiepiscopalem
1152 4092 1595 4128 cameracensem
1647 4078 1845 4145 (1651).

568 4146 815 4201 Decessit
842 4148 926 4201 vir
953 4148 1225 4207 doctrina,
1271 4146 1578 4215 prudentia
1604 4144 1847 4199 eximiis-

565 4236 676 4286 que
721 4218 947 4272 dotibus
991 4217 1331 4285 conspicuus
1375 4221 1460 4272 22.
1504 4217 1645 4270 Nov.
1689 4222 1847 4273 1667.

563 4290 700 4343 Luci
728 4289 885 4343 dedit
911 4292 1161 4343 Manuale
1183 4291 1542 4355 parochorum
1581 4288 1847 4342 ecclesiae

565 4360 982 4423 cameracensis,
1002 4359 1134 4413 Cam
1145 4358 1262 4412 brai
1283 4363 1438 4419 1659;
1467 4364 1523 4413 et
1540 4358 1847 4413 editionem

603 4431 802 4483 rimam
830 4430 1053 4484 curavit
1066 4430 1596 4484 commentariorum
1626 4429 1767 4484 Estii
1788 4430 1849 4483 in

588 4504 622 4555 l.
651 4504 1072 4566 sententiarum,
1116 4502 1554 4555 annotationum
1591 4502 1843 4570 ejusdem

564 4573 960 4699 ῗὲοὲωὲῗΡὲἷὲ
980 4573 1847 4701 ἒὲἓέξῆῖὲζῖἴὲ.ἑῃῗῖἶὲἳῖἔὲῗ

562 4719 792 4771 auctore
819 4717 920 4771 Th.
948 4716 1229 4771 Leuridan
1256 4716 1317 4770 in
1345 4716 1537 4771 Revue
1559 4716 1654 4769 des
1676 4716 1847 4768 scien-

563 4805 652 4841 ces
679 4788 805 4847 eccl.
838 4793 976 4845 1900
1003 4791 1042 4851 1,
1071 4793 1263 4846 5—28.

1909 515 2013 573 dos
2043 533 2253 584 morea,
2304 516 2522 591 quippe
2556 515 2713 573 hunc
2745 514 2811 572 in
2845 533 2905 572 se
2937 514 3209 572 laborem

1912 609 2249 680 susceperat
2293 604 2497 663 Estius
2545 623 2613 663 eo
2661 604 2793 672 fine,
2841 606 2912 661 ut
2945 602 3203 661 duacen-

1911 693 2077 751 sibus
2138 693 2400 751 alumnis
2464 693 2763 752 doctrinas
2826 692 3205 759 christianas,

1910 801 2056 857 quas
2078 786 2354 840 oretenus
2376 782 2727 851 instillabat,
2767 781 2984 855 scripto
3020 781 3202 838 relin-

1910 875 2121 945 queret
2134 867 2199 951 ²).
2235 871 2561 947 Eapropter
2583 871 2792 928 Petrus
2825 870 3203 928 Berullus

1912 960 2225 1017 cardinalis
2259 960 2529 1035 patribus
2564 960 2807 1018 oratorii
2828 959 2976 1017 serio
3009 959 3209 1016 incul-

1911 1048 2097 1118 cabat,
2162 1051 2232 1107 ut
2291 1050 2400 1107 hoc
2446 1068 2610 1124 opus,
2665 1047 2819 1105 sicut
2870 1051 2932 1105 et
2976 1050 3201 1105 ceteras

1913 1137 2058 1195 Estii
2122 1138 2615 1206 elucubrationeS,
2669 1136 2908 1194 assidue
2960 1135 3199 1194 evolve·

1913 1229 2060 1284 rent.
2110 1226 2320 1284 Omnia
2350 1228 2479 1300 ejus
2512 1226 2574 1283 in
2607 1225 2974 1300 Scripturam
3012 1243 3189 1301 opera

1912 1315 2155 1373 collecta
2187 1315 2538 1391 prodierunt
2569 1314 2832 1373 Venetiis
2873 1324 3037 1376 1759
3074 1319 3117 1371 t.
3157 1322 3202 1374 3-

1912 1404 1972 1460 in
1992 1404 2029 1460 f.
2065 1404 2269 1462 Estius
2289 1423 2406 1462 non
2429 1406 2619 1462 solum
2644 1403 2894 1479 insignis
2916 1406 3044 1460 erat
3066 1421 3205 1460 exe-

1910 1495 2062 1568 geta,
2098 1493 2197 1550 sed
2230 1493 2409 1551 etiam
2444 1493 2669 1551 solidus
2690 1492 3004 1566 theologus
3029 1491 3207 1550 scho-

1911 1581 2174 1656 lasticus,
2226 1582 2343 1640 imo
2378 1603 2412 1641 a
2443 1581 2761 1640 Benedicto
2796 1580 2942 1638 XIV.
2977 1580 3205 1637 dicitur

1911 1671 2113 1731 doctor
2202 1669 2685 1730 fundatissimus:
2777 1670 3199 1745 argumentum

1912 1763 2055 1817 sunt
2086 1759 2310 1835 egregii
2362 1761 2491 1834 ejus
2530 1760 2940 1817 Commentarii
2972 1760 3035 1815 in
3070 1760 3108 1814 4
3139 1758 3197 1818 Il.

1912 1848 2335 1907 Sententiarum
2398 1848 2558 1906 Petri
2605 1847 2934 1916 Lombardi‚
3014 1845 3198 1905 Duaci

1920 1946 2305 1999 1615.1616
2342 1941 2384 1995 t.
2423 1946 2455 1998 2
2494 1937 2556 1993 in
2588 1936 2658 2002 f.;
2713 1936 2953 1994 Parisiis
2998 1943 3197 2005 1638;

1920 2033 2114 2093 1662ς
2174 2036 2368 2095 1676;
2415 2026 2666 2101 Neapoli
2708 2035 2871 2086 1720
2910 2035 3017 2083 etc.
3080 2026 3201 2081 Ac·

1910 2118 2111 2172 curate
2161 2114 2433 2190 sequitur
2483 2133 2660 2172 suum
2706 2117 3004 2172 auctorem
3038 2114 3198 2186 ejus-

1910 2222 2026 2278 que
2058 2204 2417 2272 methodum,
2453 2205 2625 2279 cujus
2660 2203 3013 2261 assertiones
3041 2201 3205 2259 Scri·

1909 2294 2121 2367 pturae
2155 2293 2508 2366 patrumque
2560 2292 2747 2350 effatis
2799 2292 3053 2364 aliisque
3105 2311 3200 2347 ra·

1910 2381 2176 2438 tionibus
2210 2380 2516 2439 confirmat
2548 2380 2772 2451 solidis,
2818 2379 3199 2456 praetermis-

1911 2468 1991 2525 sis
2025 2470 2473 2545 quaestionibus
2505 2469 2577 2527 ad
2611 2488 2729 2526 rem
2755 2488 2874 2527 non
2893 2468 3199 2545 pertinen-

1910 2557 2073 2616 tibus
2084 2555 2153 2639 2).
2188 2558 2452 2634 Reliquit
2482 2562 2783 2634 praeterea
2805 2558 3004 2617 Estius
3024 2559 3197 2615 histo—

1987 2733 2025 2799 ¹)
2053 2728 2135 2782 Cf.
2182 2727 2407 2782 Contin.
2449 2727 2719 2782 historiae
2759 2726 2970 2782 Fleuzii
3011 2727 3045 2780 l.
3075 2730 3199 2783 190.

1910 2809 1936 2864 fi
1962 2804 2048 2854 21.
2074 2800 2155 2852 De
2182 2799 2364 2867 operis
2386 2799 2607 2869 origine
2622 2800 2758 2853 haec
2776 2798 2945 2851 refert
2961 2797 3202 2850 Nemius

1908 2870 1971 2923 in
1998 2870 2174 2939 praef.
2199 2893 2208 2923 :
2264 2870 2523 2930 „Solebat
2549 2874 2762 2933 auctor,
2805 2884 2919 2937 quo
2948 2871 3201 2937 tempore

1909 2942 2064 3009 regio
2104 2942 2373 2995 duacensi
2414 2942 2713 2995 seminario
2741 2939 3103 3010 praesideret,
3132 2956 3201 2992 ex

1908 3012 2080 3094 lect-is·
2114 3012 2180 3065 de
2227 3029 2378 3065 more
2422 3013 2496 3066 ad
2524 3030 2775 3066 mensam
2803 3011 3129 3092 Scripturas
3156 3027 3205 3064 s..

1909 3085 3201 3208 Sgfflnbssissmuffid&Qeeiafflffutnitgeiffgffi

1909 3225 2287 3294 pertinentem
2328 3225 2504 3279 alicui
2544 3242 2573 3278 e
2616 3223 2904 3277 seminarii
2949 3221 3198 3277 alumnis

1908 3297 2518 3437 ἓέἒαέξΐξῖιῗῖἰὲὲἓ
2535 3295 2850 3436 (ξ’ἑὲῗέἒξῗὲ
2868 3311 3196 3436 {ffffi‘izi‘

1909 3438 2134 3508 plenius
2163 3438 2458 3507 explicare.
2488 3439 2573 3492 Ne
2595 3456 2726 3493 vero
2745 3437 3063 3506 quidquam
3081 3452 3197 3488 non

1908 3510 2384 3578 praemeditatum
2396 3510 2457 3562 in
2469 3510 2721 3563 medium
2733 3509 2975 3564 afferret.
2988 3507 3197 3560 mirum

1909 3581 2065 3634 dictu
2095 3584 2315 3648 quanta
2356 3597 2490 3634 cura
2534 3598 2599 3635 ac
2626 3580 2926 3650 diligentia
2954 3577 3194 3632 dicenda

1907 3656 2177 3705 annotare
2205 3655 2263 3705 et
2287 3653 2347 3704 in
2376 3651 2697 3707 adversaria
2728 3652 2935 3705 referre
2960 3649 3037 3702 sit
3063 3649 3190 3702 soli-

1908 3727 2049 3846 msr‘f
2087 3721 2187 3845 le.
2214 3722 2371 3778 Rich.
2413 3724 2607 3778 Simon
2648 3722 2793 3777 Hist.
2838 3722 3080 3788 critique
3107 3721 3189 3774 du

1908 3795 1972 3846 V.
2050 3834 2061 3846 .
2113 3834 2124 3847 .
2152 3798 2201 3849 3.
2230 3812 2276 3849 c.
2306 3800 2386 3850 11.

1981 3870 2020 3935 ²)
2049 3865 2221 3918 Caute
2248 3867 2437 3919 tamen
2464 3864 2732 3934 legendus
2754 3867 2840 3917 est
2868 3863 2939 3916 iis
2971 3863 3035 3915 in
3063 3862 3186 3915 doc·

1907 3936 2087 3989 trinae
2115 3935 2414 4003 capitibus,
2446 3952 2590 4005 quae
2617 3936 2689 3988 ad
2712 3935 2833 4004 Baji
2862 3950 3072 3989 errores
3111 3950 3197 3985 ac-

1904 4007 2130 4060 cedunt.
2160 4007 2245 4059 Ita
2266 4024 2349 4059 ex.
2370 4025 2455 4077 gr.
2477 4007 2763 4077 opinatur,
2784 4005 3189 4060 contritionem

1905 4078 2142 4131 caritate
2169 4079 2474 4147 perfec-tam
2520 4078 2743 4131 nonnisi
2771 4078 2830 4130 in
2859 4074 3201 4130 necessitate

1904 4151 2171 4213 extrema,
2200 4152 2257 4202 et
2282 4149 2341 4203 in
2368 4149 2610 4202 articulo
2638 4148 2836 4202 mortis
2858 4149 3088 4201 absente
3110 4162 3191 4198 sa-

1905 4220 2143 4284 cerdote,
2186 4220 2275 4273 vel
2301 4220 2360 4272 in
2386 4220 2620 4288 physica
2646 4218 2989 4288 impotentia
3018 4217 3199 4287 perci·

1945 4290 2101 4344 iendi
2130 4295 2544 4344 sacramentum
2565 4291 2879 4359 justificare
2907 4289 3053 4342 citra
3080 4304 3196 4341 rea·

1928 4378 2016 4415 em
2044 4362 2392 4416 sacramenti
2434 4361 2857 4432 perceptionem
2888 4361 2969 4431 (in
2995 4364 3045 4415 4.
3073 4360 3111 4412 l.
3138 4358 3191 4411 d.

1907 4438 1971 4488 17
2013 4438 2135 4500 32),
2177 4433 2332 4501 quod
2373 4433 2445 4486 ad
2486 4449 2645 4502 prop.
2686 4436 2772 4489 32.
2801 4436 2885 4491 33.
2914 4436 3022 4485 etc.
3069 4430 3193 4483 Ba’i

1904 4503 2200 4558 damnatas
2217 4504 2435 4558 accedit
2449 4510 2506 4558 et
2522 4503 2809 4558 doctrinae
2823 4500 3136 4557 conciliitri
3179 4542 3191 4554 .

1904 4590 2031 4628 sess.
2063 4581 2146 4631 14.
2174 4593 2297 4644 cap.
2325 4581 2374 4631 4.
2404 4576 2747 4629 adversatur.
2800 4576 2887 4627 Ita
2927 4574 2989 4626 in
3027 4589 3195 4641 quae-

1905 4645 2105 4708 stione,
2125 4649 2316 4700 utrum
2330 4648 2479 4701 Deus
2493 4647 2634 4699 velit
2646 4646 2787 4699 alios
2802 4648 3024 4715 praeter
3039 4659 3199 4714 prae-

1904 4716 2215 4771 destinatos
2244 4718 2429 4771 salvos
2456 4717 2592 4779 fieri,
2621 4718 2703 4771 ait
2727 4716 2971 4770 Perrone
3019 4722 3195 4786 (prae-

1905 4788 2032 4840 lect.
2050 4788 2350 4858 theologie.
2379 4790 2415 4842 t.
2434 4794 2484 4844 4.
2502 4789 2571 4841 de
2588 4788 2705 4841 Deo
2723 4805 2778 4856 p.
2796 4792 2846 4843 3.
2863 4804 2906 4840 c.
2925 4792 2975 4843 2.
2995 4790 3199 4840 annot.
