3625 5193
376 284 496 337 137

364 449 556 510 dinali
620 451 1021 510 Alexandrino
1083 453 1281 527 legato
1335 452 1652 527 pontificio,

795 265 1244 320 Concionatorets.
1271 265 1588 334 Topiarius‚
1617 264 1836 331 Divom,
1865 265 2286 329 vicedominus,
2316 265 2574 319 Valades.

2869 283 2989 336 138

1805 461 1903 515 65.
1936 453 2101 511 Inter
2145 454 2568 511 concionatores
2609 454 2846 527 praeter
2876 473 2990 523 eoa,

373 542 475 615 qui
496 541 720 599 missus
740 540 934 598 fuerat
961 540 1035 598 ad
1055 541 1497 616 conjungendos
1517 560 1656 600 con·
1711 560 1861 616 quos
1892 542 1989 599 vel
2019 542 2179 599 inter
2208 541 2516 617 theologos
2547 542 2866 615 polemicos
2899 545 2994 603 vel

368 633 464 688 tra
494 630 713 688 Turcas
733 629 1085 688 christianos
1113 630 1428 706 principes,
1464 648 1655 690 comes
1710 631 1870 688 inter
1918 633 2192 706 exegetas
2252 629 2646 698 laudavimuS,
2694 632 2993 691 mentione

370 719 606 777 additus
620 723 714 777 est
727 738 760 777 a
772 717 1232 778 b.PioV.Fractis
1234 720 1259 795 j
1265 738 1507 795 ampene
1519 720 1656 778 viri·

370 808 484 867 bus
506 808 760 866 arduum
782 807 899 865 iter
920 809 1184 884 suscepit
1203 828 1271 866 ex
1289 809 1654 880 obedientia3

372 914 492 972 qua
520 897 583 954 in
614 897 894 955 missione
929 897 1085 956 vitae
1117 915 1357 956 cursum
1391 901 1462 957 ut
1491 900 1656 973 opta-

372 989 466 1043 rat
525 986 782 1044 feliciter
843 987 1279 1046 consummavit
1343 996 1446 1051 30.
1498 986 1653 1063 Sept.

379 1085 541 1138 1572
578 1095 627 1133 a.
660 1075 873 1133 aetatis
899 1084 998 1137 62.
1031 1077 1282 1134 Beatum
1304 1094 1440 1134 eum
1463 1075 1653 1134 decla-

370 1164 528 1222 ravit
569 1174 733 1227 1624
769 1164 1048 1223 Urbanus
1080 1164 1221 1223 VIII
1240 1186 1253 1235 ;
1306 1166 1527 1224 sanctis
1563 1183 1656 1223 ac-

372 1254 607 1312 censuit
647 1263 800 1317 1671
836 1253 1103 1312 Clemens
1118 1254 1185 1317 X.
1218 1254 1483 1330 Reliquit
1514 1254 1657 1331 Seys

370 1343 650 1401 tradados
710 1361 848 1418 muy
908 1344 1127 1402 devotos
1170 1363 1211 1419 y
1271 1345 1454 1402 utiles
1513 1362 1659 1418 para

373 1432 690 1507 qualquier
766 1431 863 1489 fiel
940 1432 1280 1502 christiane,
1352 1433 1656 1507 Valentiae

380 1532 405 1582 1
424 1530 568 1590 548,
602 1539 753 1596 opus
773 1520 944 1579 valde
964 1540 1199 1591 rarum3
1234 1529 1304 1579 tr.
1338 1522 1496 1579 breve
1511 1541 1658 1597 para

372 1610 461 1668 los
494 1609 912 1668 Predi‘cadores
945 1609 1041 1668 del
1076 1629 1119 1669 s.
1154 1610 1494 1687 EvangeliO,
1530 1611 1654 1669 edi-

370 1701 473 1757 tus
534 1719 568 1756 a
630 1700 690 1757 P.
754 1698 1160 1776 Ribadeneyra
1221 1700 1284 1758 in
1335 1700 1451 1758 fine
1495 1699 1655 1759 vitae

370 1807 416 1846 s.
448 1788 747 1848 Francisci
799 1807 835 1846 a
883 1806 945 1846 se
991 1789 1392 1858 concinnatae,
1427 1788 1657 1848 Madrid

380 1886 581 1943 15923
613 1884 673 1936 et
703 1876 917 1935 deinde
949 1895 1120 1953 saepe
1152 1878 1296 1936 alibi
1316 1881 1425 1936 etc.
1458 1878 1652 1936 Etiam

371 1966 511 2023 Eus.
524 1965 575 2023 N
582 1966 911 2042 ieremberg
922 1984 1061 2025 suae
1073 1966 1452 2043 biographiae
1466 1968 1649 2026 sancti

370 2055 563 2112 nostri
598 2056 772 2130 plura
804 2055 1029 2130 scripta
1072 2056 1330 2114 ascetica
1359 2059 1534 2115 antea
1562 2057 1655 2114 in-

368 2143 530 2203 edita
564 2144 825 2219 subjicit.
860 2144 1049 2220 Opera
1082 2147 1275 2203 omnia
1290 2140 1357 2226 l),
1392 2165 1542 2220 quae
1562 2146 1653 2203 in·

373 2233 561 2291 veniri
592 2235 886 2308 poterant,
921 2233 1106 2291 edidit
1136 2234 1487 2293 Franciscus
1509 2236 1654 2293 Bor-

366 2320 475 2397 gia
505 2323 633 2397 ejus
664 2340 958 2398 pronepos
991 2324 1289 2382 Bruxellis
1332 2333 1494 2387 1675
1520 2324 1583 2381 in
1617 2323 1655 2385 f.

376 2410 539 2468 Inter
568 2414 954 2470 monumenta
986 2411 1265 2471 historica
1297 2413 1422 2472 Soc.
1455 2413 1509 2471 J.
1536 2412 1655 2471 duo

375 2502 417 2555 t.
439 2499 513 2556 ad
547 2520 683 2559 eum
704 2502 991 2574 spectant,
1029 2502 1481 2576 complectentes
1525 2502 1654 2577 ejus

370 2590 663 2664 opuscula
708 2593 769 2648 et
818 2588 1105 2663 epistolas
1136 2591 1358 2650 Matriti
1400 2601 1657 2655 1894—

382 2685 563 2741 1896.
596 2713 683 2722 —
722 2679 906 2752 Opere
948 2681 1263 2752 spirituali,
1316 2681 1473 2739 inter
1505 2700 1655 2756 quae

373 2766 541 2825 Della
570 2769 897 2845 frequentia
927 2769 1076 2826 della
1112 2768 1480 2846 Comunione,
1516 2769 1653 2828 reli-

380 2858 513 2933 quit
522 2857 768 2916 Fulvius
779 2858 832 2914 A
842 2874 880 2913 n
893 2857 928 2914 d
942 2875 1015 2915 ro
1026 2878 1055 2915 z
1066 2858 1125 2915 zi
1142 2853 1482 2939 (Androtio)
1492 2859 1655 2934 prius

370 2947 685 3004 canonicus
717 2964 911 3005 sacrae
939 2945 1100 3004 aedis
1122 2947 1483 3018 lauretanae,
1518 2947 1655 3005 dein

374 3034 587 3093 sodalis
621 3039 675 3096 S.
709 3035 763 3093 J.
799 3030 861 3115 (†
901 3030 1110 3115 1575).
1174 3036 1258 3094 Ea
1304 3036 1656 3111 prodierunt

368 3143 492 3182 eur.
525 3124 728 3182 Franc.
747 3124 985 3182 Adorno
1004 3125 1057 3182 S.
1075 3124 1154 3189 J..
1176 3123 1438 3184 Venetiis
1465 3134 1653 3196 15813

383 3221 577 3282 15863
621 3223 817 3276 1606:
862 3221 1046 3283 1626,
1083 3213 1144 3271 in
1179 3214 1323 3272 alias
1343 3213 1654 3273 etiamlin-

368 3320 519 3377 guas
568 3320 752 3360 versa.
785 3334 873 3344 —
904 3301 1303 3379 Hieronymus
1337 3304 1391 3361 N
1410 3304 1654 3362 atalis

372 3387 671 3472 (Nadalis)
718 3390 772 3448 S.
806 3390 861 3448 J.
907 3391 1311 3466 Majoricensis
1354 3411 1411 3450 n.
1466 3402 1652 3461 1507,

369 3480 687 3555 praecipua
734 3480 797 3537 in
866 3480 1144 3538 societate
1193 3480 1231 3538 J
1236 3499 1344 3539 esu
1407 3500 1654 3540 munera

371 3568 577 3644 gessit,
600 3569 716 3627 fuit
732 3569 891 3627 enim
912 3569 1280 3644 praepositus
1299 3570 1652 3645 provinciae,

371 3657 669 3726 assistens,
702 3658 1139 3716 commissarius
1172 3663 1233 3716 et
1264 3659 1519 3718 vicarius
1551 3678 1651 3736 ge·

370 3746 587 3803 neralis
624 3743 683 3827 (†
719 3757 773 3808 3.
807 3747 947 3821 Apr.
989 3751 1197 3821 1580).
1232 3748 1494 3823 Reliquit
1525 3750 1651 3806 An·

372 3837 690 3893 notatio-nes
707 3838 768 3894 et
789 3834 1202 3894 meditationes
1225 3836 1288 3894 in
1307 3837 1649 3913 Evangelia,

372 3942 520 3998 quae
553 3924 619 3981 in
652 3942 726 3986 ss.
758 3924 970 3982 missae
1005 3924 1286 3984 sacrificio
1319 3929 1449 3984 toto
1498 3944 1653 3984 anno

371 4012 674 4089 leguntur,
707 4013 1072 4087 Antverpiae
1109 4023 1274 4075 1594
1309 4015 1372 4073 in
1402 4015 1460 4084 f.‚
1504 4032 1652 4089 opus

370 4101 878 4160 illustrationibus
929 4104 1220 4172 ornatum,
1256 4101 1344 4160 ed.
1378 4103 1652 4179 princeps

372 4191 583 4248 ceteris
616 4190 1013 4266 praeferenda.
1076 4190 1374 4263 Epistolae
1417 4192 1546 4267 ejus
1578 4191 1653 4250 ab

371 4298 419 4336 a.
460 4289 887 4343 1546—1577
925 4279 1214 4354 pretiosae
1266 4299 1373 4355 pro
1405 4280 1654 4339 historia

369 4367 593 4427 ordinis
623 4368 977 4444 prodierunt
994 4371 1199 4427 nostra
1219 4374 1410 4428 aetate
1425 4369 1652 4428 Mati-iti

378 4465 807 4522 1898—1905
843 4449 977 4519 t.'4.

447 4615 481 4676 ι)
528 4610 608 4665 Cf.
676 4609 1099 4678 Sommervogel
1161 4610 1202 4674 Ι,
1266 4613 1651 4669 1808-1817;

368 4679 583 4736 Backer
608 4683 649 4748 I,
677 4685 977 4747 771-776,
1021 4680 1120 4749 qui
1160 4682 1353 4750 plures
1393 4681 1538 4736 vitas
1584 4681 1652 4735 de

371 4755 564 4807 sancto
590 4755 787 4809 nostro
813 4755 1084 4806 recenset.
1110 4751 1327 4807 Etudes
1353 4754 1423 4809 01
1449 4756 1650 4825 (1904),

369 4825 428 4875 et
453 4824 585 4879 fasc.
612 4841 770 4894 seqq.

1712 719 1879 797 digni
1910 719 2102 777 adhuc
2148 721 2292 777 sunt
2332 718 2619 796 Aegidius
2651 720 2991 781 Dominicus

1712 810 1757 867 Τ
1775 808 2125 883 opiarius
2158 803 2428 889 (Vanden
2461 804 2710 889 Prieele)
2741 809 2994 870 Flander

1714 897 1777 956 Ο.
1812 897 2036 968 Praed.,
2070 896 2295 956 celeber
2338 916 2444 971 per
2474 898 2824 957 universum
2855 901 2991 958 Bel-

1712 988 1879 1064 gium
1956 1004 2065 1046 sua
2141 988 2334 1045 aetate
2384 986 2552 1044 verbi
2614 987 2732 1045 Deo
2781 1006 2991 1063 praeco

1714 1071 1777 1158 (†
1814 1087 1870 1138 4.
1905 1076 2041 1151 Maj.
2073 1070 2284 1156 1579),
2318 1077 2488 1151 cujus
2520 1076 2829 1135 conciones
2851 1081 2992 1136 eta-

1714 1164 1878 1223 bulis
1913 1166 1980 1227 D.
2003 1164 2323 1223 Maurentii
2343 1183 2378 1221 a
2396 1164 2856 1225 Villavincentio
2869 1167 2990 1225 ela-

1713 1255 1956 1312 boratae
1987 1254 2053 1311 in
2083 1253 2389 1330 evangelia
2416 1255 2477 1311 et
2507 1254 2804 1328 epistolas,
2840 1273 2992 1331 quae

1711 1343 1774 1401 in
1807 1342 2116 1401 dominicis
2147 1345 2209 1401 et
2240 1341 2406 1400 festis
2438 1342 2648 1401 diebus
2678 1344 2899 1419 populo
2931 1344 2992 1402 in

1712 1433 1977 1491 Ecclesia
2008 1432 2255 1508 proponi
2288 1432 2495 1502 solent,
2529 1434 2590 1490 et
2620 1451 2651 1490 e
2682 1433 2905 1491 tabulis
2925 1434 2991 1491 D.

1711 1521 1749 1579 J
1752 1539 1835 1583 ac.
1868 1520 2060 1580 Veldii
2091 1521 2474 1579 concinnatae
2503 1521 2563 1578 in
2597 1522 2903 1598 evangelia
2934 1526 2995 1581 et

1712 1611 1991 1687 epistolas
2041 1609 2523 1686 quadragesimae
2574 1627 2748 1686 saepe
2794 1612 2994 1687 admo·

1711 1700 1856 1758 dum
1872 1700 2239 1775 prodierunt,
2271 1699 2405 1758 illae
2421 1699 2785 1775 Antverpiae
2811 1711 2830 1761 l
2848 1710 2881 1763 5
2893 1711 2927 1759 6
2938 1709 2994 1770 6;

1721 1797 1919 1858 1568;
1960 1798 2161 1857 1569;
2215 1797 2379 1851 1574
2414 1791 2552 1857 etc.;
2601 1789 2708 1847 hae
2739 1788 2993 1847 Antver·

1711 1879 1845 1951 piae
1883 1887 2081 1949 1568;
2122 1885 2288 1940 1573
2311 1881 2421 1939 etc.
2459 1877 2847 1936 Catechismus
2877 1877 2992 1936 for-

1712 1967 1962 2025 mandae
2015 1968 2078 2025 in
2127 1967 2451 2025 orthodoxa
2502 1966 2618 2023 fide
2661 1967 2993 2041 juventuti,

1712 2055 1992 2114 flandrice
2042 2055 2400 2132 Antverpiae
2457 2064 2622 2118 1576
2674 2055 2736 2113 iu
2804 2065 2856 2118 8.
2907 2088 2994 2100 -

1712 2145 1926 2202 Petrus
1959 2145 2007 2202 D
2024 2144 2092 2202 iv
2110 2163 2143 2202 o
2161 2144 2183 2201 l
2199 2147 2230 2202 e
2261 2144 2522 2219 ejusdem
2543 2143 2768 2202 ordinIs
2785 2144 2992 2202 Antis-

1713 2233 2089 2304 siodorensis,
2142 2233 2480 2307 provinciae
2511 2232 2789 2291 Franciae
2820 2252 2993 2307 prae-

1712 2321 1946 2396 positus
2001 2330 2454 2391 1551—·1561,
2505 2321 2676 2379 annis
2726 2330 2803 2383 35
2841 2324 2992 2379 cele-

1710 2411 1912 2470 briora
1932 2411 2156 2469 Galliae
2172 2410 2407 2485 pulpita
2420 2427 2634 2485 magno
2654 2409 2993 2468 auditorum

1713 2518 2010 2559 concursu
2042 2503 2104 2558 et
2135 2500 2352 2574 plausu
2383 2498 2669 2574 implevit.
2703 2497 2838 2556 Suis
2871 2517 2993 2557 ser-

1711 2588 1992 2649 monibus
2024 2587 2398 2647 calvinianos
2430 2587 2774 2663 impetebat,
2811 2588 2994 2663 aqui·

1712 2679 1828 2738 bus
1898 2681 2215 2754 propterea
2277 2677 2579 2736 occasione
2649 2680 2887 2753 accepta
2932 2678 2995 2735 in

1712 2786 2002 2826 carcerem
2053 2767 2169 2826 fuit
2217 2768 2517 2842 conjectus
2580 2769 2760 2844 atque
2823 2784 2995 2842 aegre

1713 2856 2073 2931 supplicium
2116 2856 2304 2914 evasit
2337 2851 2398 2937 (†
2434 2864 2532 2918 30.
2564 2856 2739 2916 Mart.
2783 2851 2993 2935 1568).

1711 2945 2013 3004 Sermones
2024 2947 2074 3020 ej
2082 2963 2153 3003 us
2164 2948 2302 3020 post
2319 2946 2569 3002 mortem
2580 2943 2931 3019 prodierunt
2945 2940 2992 3025 ¹)

1712 3034 1955 3092 Parisiis
1996 3043 2192 3102 15773
2232 3041 2435 3102 15863
2476 3041 2659 3095 1630.
2692 3066 2780 3077 —-
2810 3034 2994 3092 Fran-

1711 3124 1903 3182 ciscus
1935 3122 2488 3181 Vicedominus
2533 3141 2600 3179 ex
2634 3122 2822 3180 nobili
2852 3123 2993 3181 Fer-

1712 3213 1900 3270 rariae
1932 3211 2155 3270 familia
2171 3211 2447 3278 O.Conv.,
2483 3211 2654 3286 cujus
2688 3211 2995 3269 conciones

1710 3302 1990 3360 collectae
2009 3299 2362 3375 prodierunt
2380 3299 2643 3357 Venetiis
2672 3309 2746 3361 15
2759 3310 2788 3361 7
2802 3310 2833 3362 5
2854 3320 2910 3376 p.
2936 3309 2993 3370 23

1718 3399 1902 3453 1585.
1967 3389 2193 3447 Habuit
2225 3392 2286 3446 et
2317 3388 2642 3447 orationem
2687 3388 2760 3445 ad
2792 3393 2992 3462 patres

1712 3479 1926 3556 synodi
1975 3477 2358 3546 tridentinae,
2411 3495 2564 3551 quae
2613 3478 2804 3534 exstat
2835 3476 2992 3551 apud

1710 3569 1788 3627 Le
1823 3568 1959 3626 Plat
1979 3568 2025 3637 I,
2054 3574 2418 3628 500—513.
2452 3599 2540 3607 —
2570 3564 2827 3622 Didacus
2860 3565 2991 3623 Va·

1710 3656 1933 3715 lades
1969 3656 2031 3714 Ο.
2067 3654 2122 3714 S.
2155 3655 2360 3712 Franc.
2410 3654 2731 3728 Hispanus,
2764 3653 2993 3712 ordinis

1712 3746 1806 3804 sui
1838 3745 1903 3803 in
1951 3743 2110 3802 Urbe
2159 3746 2508 3819 procurator
2556 3742 2870 3819 generalis,
2920 3743 2992 3801 de

1711 3835 1906 3893 salute
1953 3833 2240 3891 Indorum
2301 3831 2771 3902 occidentalium,
2832 3831 2991 3906 apud

1711 3941 1862 3999 quos
1879 3939 2302 3996 nonnunquam
2321 3921 2609 3991 substitit,
2621 3920 2993 3995 procuranda

1709 4011 2027 4071 admodum
2061 4009 2351 4069 sollicitus
2384 4010 2464 4088 (fl.
2503 4020 2528 4070 1
2548 4003 2697 4089 570)
2732 4008 2899 4066 dedit
2928 4008 2990 4067 in

1708 4102 1903 4160 lucem
1933 4100 2299 4157 Rhetoricam
2342 4100 2718 4156 christianam
2749 4097 2822 4155 ad
2854 4116 2990 4156 con-

1710 4189 1984 4248 cionandi
1996 4192 2056 4247 et
2067 4187 2272 4247 orandi
2282 4206 2460 4246 usum
2477 4187 2989 4254 accommodatam,

1709 4279 2026 4354 utriusque
2058 4276 2360 4335 facultatis
2392 4274 2674 4350 exemplis
2725 4293 2832 4334 suo
2864 4275 2990 4334 loco

1709 4367 1955 4426 insertis
1989 4385 2057 4424 ex
2089 4366 2374 4424 Indorum
2419 4364 2670 4423 maxime
2701 4364 2988 4431 historiiS‚

1710 4455 1990 4515 Perusiae
2030 4463 2231 4525 15743
2285 4461 2486 4524 15793
2549 4461 2745 4522 1583;
2778 4453 2992 4512 Romae

1718 4557 1738 4607 1
1762 4555 1793 4606 5
1806 4553 1906 4614 87,
1942 4563 2090 4620 opus
2109 4563 2312 4603 rarum
2332 4539 2431 4625 (m.
2453 4538 2560 4624 88)
2579 4545 2639 4600 et
2653 4542 2992 4617 quaesitum

1788 4827 1826 4895 ¹)
1854 4823 1939 4878 Cf.
1966 4821 2188 4875 Echard
2215 4822 2283 4888 11,
2310 4825 2416 4878 200
2441 4839 2514 4890 S.;
2540 4821 2704 4874 Feret
2730 4820 2798 4883 Il,
2825 4824 2928 4876 269
2951 4837 2990 4871 s,
