3625 5193
570 217 692 287 723

565 401 742 477 hujus
774 401 966 477 operis
999 421 1031 459 a
1064 377 1269 460 Voetio
1287 397 1331 481 ¹)
1375 400 1597 459 dieitur
1645 417 1846 468 ,unus

564 490 627 547 in
656 490 954 566 theologia
986 489 1334 548 scholastica
1362 489 1636 548 omnibus
1658 489 1845 565 epito-

563 578 676 636 mis
710 583 771 636 et
793 572 1337 637 introductionibus
1364 577 1800 653 praeferendus,
1818 584 1845 615 ‘

654 765 798 818 306.
831 757 1074 814 Praeter
1101 757 1398 814 Becanum
1430 775 1462 814 e
1495 755 1617 813 Soc.
1652 755 1706 816 J.
1739 773 1844 830 pro

560 844 696 902 fidei
742 862 919 903 causa
951 846 1279 904 steterunt:
1328 844 1588 903 Joannes
1622 844 1843 902 Walte-

560 934 687 992 rius
721 933 924 992 Virin
936 933 1098 1010 gius
1133 930 1432 1014 (Wauters
1464 952 1582 991 van
1608 932 1843 991 Vierin·

561 1018 700 1101 gen)
735 1018 1180 1101 Lovaniensisss)
1229 1042 1285 1080 n.
1321 1040 1366 1080 c.
1405 1031 1591 1093 1570,
1639 1022 1841 1081 litera-

559 1130 694 1169 rum
728 1111 1142 1169 humaniorum
1176 1111 1232 1168 el
1262 1110 1593 1187 theologiae
1617 1111 1842 1186 profes·

561 1218 673 1265 sor,
708 1199 845 1257 dein
887 1199 1193 1275 operarius
1234 1199 1499 1269 eximius,
1548 1201 1653 1274 qui
1686 1220 1715 1258 a
1750 1218 1842 1258 re·

561 1288 821 1347 bellibus
854 1292 1062 1363 eaptus
1092 1289 1156 1346 in
1185 1288 1421 1348 vincula
1466 1288 1584 1346 fuit
1616 1289 1843 1364 conjec-

559 1383 661 1435 tus
695 1377 1065 1452 decessitque
1096 1380 1288 1435 morte
1309 1396 1413 1452 per
1442 1376 1706 1436 caritatis
1740 1378 1843 1436 ob·

561 1465 761 1540 sequia
804 1469 1102 1524 contracta
1149 1463 1233 1547 (4.
1267 1466 1400 1524 Dec.
1455 1461 1664 1548 1622).
1711 1466 1842 1524 Dis-

560 1554 802 1629 putavit
832 1556 900 1611 de
932 1552 1149 1629 triplici
1178 1574 1386 1612 coena:
1418 1555 1575 1631 agni,
1610 1554 1843 1631 vulgari

561 1647 620 1700 et
652 1642 1057 1713 eucharistica,
1080 1643 1460 1717 Antwerpiae
1502 1651 1662 1705 1617
1702 1645 1764 1701 in
1787 1654 1842 1705 4.

560 1766 647 1774 —
679 1731 1053 1789 Hermannus
1085 1732 1191 1790 Hu
1201 1750 1290 1808 go
1323 1731 1725 1790 Bruxellensis
1761 1729 1842 1813 (n.

569 1815 761 1900 1588)
796 1816 1131 1901 occubuit³)
1175 1821 1399 1897 pariter
1438 1820 1701 1880 caritatis
1736 1822 1841 1879 mi·

561 1908 773 1967 litibus
818 1908 1118 1984 impensae
1167 1909 1408 1968 victima
1452 1916 1590 1985 post
1639 1910 1843 1984 piissi-

559 2016 715 2054 mam
746 1997 932 2056 vitam
974 2009 1065 2060 11.
1100 2001 1256 2074 Sept.
1301 2007 1482 2060 1639.
1519 1999 1671 2056 Dum
1691 2001 1842 2057 Ant·

558 2086 809 2162 werpiae
830 2086 1203 2146 humaniores
1225 2087 1460 2146 doceret
1480 2087 1699 2157 literas,
1722 2088 1842 2146 dis-

560 2175 786 2249 cipulos
817 2175 1087 2234 hortatus
1132 2179 1224 2234 est
1255 2181 1324 2235 ut
1352 2177 1579 2249 famam
1607 2179 1843 2251 posthia·
1919 2205 1927 2212 ·

561 2283 716 2321 mam
762 2265 1103 2339 praesulum
1151 2264 1673 2341 antwerpiensium
1720 2286 1843 2324 car·

562 2353 720 2411 mine
752 2357 1045 2422 canerent,
1080 2354 1459 2429 Antwerpiae
1494 2365 1641 2415 1611
1686 2355 1750 2413 in
1788 2363 1843 2416 8.

562 2445 620 2500 et
661 2443 858 2500 literas
889 2443 1202 2517 japonicas
1245 2463 1292 2500 a.
1350 2452 1533 2509 1606,
1594 2443 1846 2501 sinens-es

560 2551 608 2587 a.
652 2540 813 2590 1606
850 2535 912 2587 et
953 2541 1112 2593 1607
1150 2532 1334 2589 latine
1380 2531 1710 2602 redderent,
1762 2532 1841 2589 ib.

570 2629 755 2682 1611.
788 2620 900 2677 Pro
933 2618 1187 2677 Lessii
1227 2621 1666 2679 consultatione
1700 2621 1841 2679 scri-

560 2708 682 2782 psit
712 2709 781 2764 de
799 2727 933 2765 vera
960 2709 1073 2779 fide
1092 2709 1434 2782 capessenda
1458 2708 1532 2767 ad
1552 2727 1840 2767 neoevan-

560 2795 885 2871 geliennam
922 2795 1213 2870 synodum
1247 2797 1666 2856 dordracenam
1700 2817 1840 2873 apo-

559 2883 844 2959 logeticos
876 2884 937 2944 ll.
973 2892 1008 2945 3
1044 2883 1327 2943 adversus
1366 2887 1556 2944 Baltb.
1592 2887 1843 2946 Meisne-

558 2991 693 3029 rum
737 2971 1139 3031 Lutheranum
1186 2977 1246 3031 et
1291 2974 1469 3032 Henr.
1516 2976 1842 3036 Brandium

560 3059 957 3131 Calvinistam,
1004 3062 1083 3120 ib.
1137 3071 1300 3125 1620
1349 3063 1413 3121 in
1463 3075 1516 3125 8.
1583 3065 1673 3122 Ad
1719 3064 1841 3123 Car.

559 3148 846 3217 Scribam,
882 3150 953 3207 de
986 3169 1103 3225 quo
1125 3169 1275 3221 mox,
1309 3150 1475 3210 dedit
1507 3173 1597 3228 ep.
1630 3155 1842 3226 depri-

560 3257 653 3296 ma
697 3239 982 3297 scribendi
1026 3241 1246 3317 oriyine
1289 3246 1350 3299 et
1398 3242 1712 3300 universae
1759 3243 1842 3300 rei

556 3328 850 3387 literariae
895 3329 1286 3404 antiquitate,
1338 3329 1416 3387 ib.
1475 3340 1653 3399 1617,
1707 3348 1841 3389 cum

557 3416 796 3492 prolixis
841 3418 1343 3490 annotationibuS‚
1390 3425 1633 3478 curante
1681 3420 1738 3482 C.
1773 3420 1843 3480 Η.

556 3506 743 3564 Trotz.
776 3506 1024 3565 Maxime
1059 3526 1193 3566 vero
1227 3508 1491 3567 innotuit
1533 3528 1639 3583 per
1669 3509 1840 3567 libel-

865 219 1238 272 1621—1640.
1264 214 1572 283 Theologia
1598 212 1713 283 pol.
1739 212 1799 266 in
1828 211 2037 282 Belgio,
2068 211 2379 281 Viringius,
2408 211 2734 266 Scribanius
2762 213 2864 266 ete.

3058 227 3181 281 724

1904 399 2155 458 Thomas
2190 398 2523 457 Saillius
2561 393 2797 478 (Sailly)
2835 397 3187 456 Bruxellen-

1904 488 1981 547 sis
1999 483 2063 569 ¹),
2092 488 2287 547 socius
2303 486 2550 546 Antonii
2566 486 2869 545 Possevini
2889 486 2954 544 in
2970 486 3188 544 itinere

1903 577 2289 636 moscoviensi
2334 581 2395 635 et
2444 594 2636 635 comes
2681 575 3000 633 Alexandri
3048 594 3185 649 par-

1903 666 2121 725 mensis
2171 666 2234 724 in
2296 664 2774 741 expeditionibus
2823 663 3185 722 militaribus

1903 753 1962 834 (†
1997 765 2051 818 8.
2074 754 2273 812 Martii
2313 763 2475 817 1623
2512 774 2561 811 a.
2593 753 2805 811 aetatis
2828 749 3185 832 70).—Ja·

1902 843 2085 903 cobus
2131 843 2468 902 Stratius
2515 842 2571 900 S.
2613 842 2667 900 J.
2714 840 3185 916 Antwerpiensis

1902 935 2251 1008 (1559—7.
2285 935 2426 1007 Apr.
2470 926 2660 1011 1634)
2695 963 2782 974 -
2815 934 2876 988 et
2921 930 3184 988 Joannes

1902 1021 1950 1079 G
1966 1040 1999 1080 o
2016 1020 2110 1079 ud
2127 1043 2160 1079 a
2192 1020 2615 1096 Ultrajectinus
2637 1017 3033 1100 (1571—28.
3053 1019 3183 1077 Dee.

1911 1104 2121 1190 1630),
2157 1109 2411 1186 insignis
2443 1108 2619 1184 plane
2639 1107 3032 1177 concionator,
3068 1107 3185 1164 vir-

1900 1199 2136 1258 tutibus
2180 1197 2473 1275 religiosis
2522 1198 2770 1255 maxime
2815 1192 3183 1274 excellens2),

1901 1288 2080 1362 plura
2124 1288 2413 1363 opuscula
2452 1285 2732 1344 flandrice
2778 1285 3006 1361 scripta
3048 1284 3184 1343 reli-

1899 1379 2177 1451 querunt.
2212 1410 2297 1419 —-
2331 1375 2516 1435 Caroli
2550 1374 2954 1433 Scribanii
2989 1369 3050 1453 (†
3085 1382 3183 1435 24.

1900 1465 2071 1524 Junii
2101 1461 2294 1546 1629)
2328 1464 2540 1523 merita
2558 1465 2793 1521 enarrat
2813 1463 3182 1538 epitaphium

1900 1553 2014 1629 ipsi
2048 1554 2341 1629 positum:

2414 1643 2479 1703 D.
2513 1641 2577 1702 Ο.
2611 1642 2683 1699 Μ.

2221 1733 2512 1790 Aeternae
2549 1729 2865 1788 memoriae

2233 1818 2710 1894 incomparabilis
2743 1818 2857 1877 viri

2092 1909 2155 1970 R.
2193 1910 2249 1966 P.
2283 1908 2482 1967 Carolo
2515 1907 2819 1965 Scribanio
2853 1906 2908 1964 S.
2941 1907 2995 1968 J.

1975 1997 2159 2066 Quem
2193 1997 2468 2055 Bruxella
2496 1995 2737 2065 mundo,
2773 1996 3107 2070 Antwerpia

2361 2086 2518 2144 coelo
2552 2084 2730 2154 dedit,

2387 2175 2706 2249 Postquam

2235 2263 2508 2323 Pontifici
2544 2256 2849 2342 Maximoss)

1901 2347 2210 2432 Caesari⁴)‚
2262 2346 2583 2431 regibus⁵)‚
2630 2350 3000 2426 principibus
3049 2350 3184 2425 plu-

2456 2457 2641 2508 rimie,

2203 2529 2370 2587 Domi
2403 2529 2666 2604 forisque
2697 2545 2888 2595 carus,

2126 2618 2451 2678 Haereticis
2484 2618 2620 2677 stilo
2652 2617 2955 2687 terribilis,

2016 2708 2216 2766 Animi
2249 2706 2678 2784 magnitudine,
2714 2698 3062 2775 constantia,

2416 2795 2659 2870 judiciO,

1899 2885 2172 2956 Consilio,
2206 2884 2550 2960 linguarum
2571 2882 2803 2959 peritia,
2838 2902 3039 2942 rerum
3071 2903 3185 2942 usu

2294 2973 2464 3030 Nulli
2498 2972 2792 3031 secundus
2946 2982 2947 2985 ’

2282 3062 2574 3136 Europam
2607 3064 2792 3120 totam

1901 3151 2075 3210 Fama
2108 3152 2200 3209 sui
2220 3150 2475 3209 nominis
2506 3150 2840 3208 luculenter
2860 3150 3182 3226 implesset,

1902 3240 2156 3298 Dissidia
2216 3238 2509 3298 nobilium
2572 3238 2952 3308 familiarum,
3022 3239 3184 3296 mille

2143 3327 2676 3387 controversiarum
2711 3328 2950 3396 arbiter,

1976 3488 2011 3547 1)
2040 3479 2209 3534 Plura
2235 3479 2302 3533 de
2343 3479 2448 3533 hoc
2478 3479 2598 3532 viro
2627 3479 2809 3547 deque
2851 3479 2973 3548 ejus
3010 3479 3182 3532 admi-

1897 3552 2075 3606 randa
2100 3552 2311 3605 virtute
2338 3551 2407 3603 cf.
2433 3550 2492 3603 in
2517 3550 2778 3604 biblioth.
2807 3550 2996 3618 script.
3024 3550 3078 3605 S.
3102 3550 3181 3622 J.;

557 3596 680 3652 lum
726 3596 1044 3654 asceticam
1092 3597 1434 3695 saepissime
1471 3597 1699 3656 editum
1734 3597 1843 3655 Pia
1898 3623 2171 3693 opuscula
2211 3620 2476 3676 flandrice
2519 3622 2729 3690 scripta
2767 3622 2997 3675 exhibet
3030 3620 3182 3675 gom.

556 3684 844 3741 desideria
875 3685 1264 3753 emblematis,
1300 3686 1506 3762 elegiis
1536 3688 1598 3744 et
1616 3686 1840 3744 affecti·
1901 3694 2181 3762 mervogel
2209 3693 2328 3757 VII,
2355 3696 2585 3750 403—8.

555 3772 668 3829 bus
703 3790 777 3828 SS.
811 3776 1047 3845 patrum
1082 3773 1400 3843 illustrata,
1433 3775 1511 3836 ib.
1552 3784 1736 3836 1624.
1760 3807 1836 3818 --

640 3977 674 4043 ¹)
703 3972 973 4026 Biblioth.
1002 3974 1146 4028 stud.
1175 3975 1345 4029 theol.
1374 3995 1418 4029 c.
1446 3984 1493 4035 6.
1564 4023 1576 4036 .
1604 3984 1724 4036 595.

628 4048 669 4114 ι’)
697 4043 864 4097 Pater
889 4046 1008 4113 ejus
1049 4046 1161 4098 fuit
1193 4047 1438 4101 ,Ioannes

555 4115 819 4184 ringus
858 4115 1172 4171 medicinae
1212 4118 1407 4175 doctor
1444 4123 1502 4174 et
1542 4123 1839 4190 professor,

1974 3769 2015 3835 9)
2042 3765 2123 3818 Cf.
2152 3764 2463 3819 Sotvellum
2502 3782 2557 3833 p.
2583 3768 2718 3821 456:
2766 3762 3184 3831 Sommervogel

1901 3835 1992 3898 111,
2024 3840 2334 3906 1631—35;
2362 3851 2471 3888 van
2499 3835 2623 3890 Slee
2651 3835 2704 3889 d.
2732 3834 2816 3889 Bi.
2842 3835 2936 3899 IX,
2962 3839 3085 3891 519.

1969 3911 2011 3979 3)
2037 3905 2235 3976 Magni
2278 3924 2403 3960 eum
2451 3907 2584 3961 fecit
2633 3904 2677 3958 U
2693 3922 2721 3957 r
2738 3907 2774 3959 b
2790 3922 2823 3958 a
2840 3922 2876 3958 n
2894 3922 2931 3957 u
2948 3923 2973 3957 s
3016 3905 3178 3968 vm„

1897 3978 2051 4047 quod
2078 3984 2136 4032 et
2161 3978 2339 4032 literis
2365 3977 2438 4030 ad
2466 3996 2595 4033 eum
2623 3976 2774 4030 datis
2800 3978 2857 4029 et
2892 3975 3063 4029 sacris
3090 3976 3183 4029 do-

1544 4049 1708 4104 alteri
1735 4050 1841 4103 Vi·
1899 4049 2069 4103 nariis
2094 4049 2279 4103 missis
2306 4066 2471 4118 saepe
2498 4050 2740 4103 testatus
2766 4050 2864 4101 est.

1970 4125 2012 4191 ⁴)
2039 4121 2081 4173 F
2097 4138 2125 4174 e
2140 4139 2161 4173 1
2183 4121 2254 4175 di
2272 4140 2307 4174 n
2326 4139 2359 4175 a
2377 4140 2412 4173 n
2431 4121 2467 4174 d
2483 4138 2519 4173 u
2538 4122 2575 4173 s'
2608 4120 2675 4174 ΙΙ.
2722 4117 2901 4173 literis
2943 4116 3179 4170 benevo-

555 4189 685 4255 post
708 4186 896 4241 uxoris
922 4191 1161 4244 mortem
1182 4193 1363 4261 (1593)
1390 4193 1647 4247 sacerdos
1673 4195 1732 4245 et
1754 4209 1841 4246 ca·
1896 4190 2077 4246 lentia
2117 4193 2302 4260 plenis
2341 4209 2471 4246 eum
2512 4191 2837 4254 honoravit,
2878 4188 2968 4242 cui
3009 4188 3181 4242 etiam

554 4258 786 4312 nonicus
826 4260 1200 4314 atrebatensis
1242 4266 1288 4330 (ψ
1323 4267 1512 4328 1616),
1554 4264 1716 4333 cujus
1756 4267 1843 4318 est
1899 4263 2085 4316 fuerat
2127 4264 2197 4315 ad
2242 4263 2615 4317 confessiones

2702 4261 2984 4329 ropositus
3003 4302 3016 4323 ,
3072 4260 3181 4313 nisi

554 4332 614 4383 de
626 4334 834 4398 jejunio
872 4335 1213 4387 ecclesiastico
1253 4343 1298 4386 et
1337 4336 1652 4388 abstinentia
1690 4338 1741 4388 ll.
1784 4338 1839 4399 V,
1897 4335 2110 4388 fractae
2135 4335 2300 4386 annis
2329 4334 2472 4387 vires
2497 4333 2648 4401 impe
2689 4332 2946 4387 ivissent.

554 4402 758 4468 quibus
799 4403 1047 4456 ostendit
1090 4409 1349 4457 mutuam
1377 4404 1581 4458 medici
1610 4407 1667 4458 et
1687 4407 1840 4459 theo-

1971 4408 2011 4476 ··>)
2040 4403 2402 4486 Philip-po
2434 4405 2494 4464 ΙΙ,
2525 4406 2583 4457 et
2604 4403 3057 4465 HenricoIV.,
3085 4402 3182 4471 qui

553 4472 668 4553 logi
709 4474 1046 4528 affinitatem
1087 4480 1145 4527 et
1188 4476 1249 4528 in
1277 4475 1580 4555 illo-mixti
1618 4476 1841 4557 generis
1896 4492 2026 4529 cum
2065 4475 2503 4530 calumniatores
2544 4491 2673 4527 eum
2715 4477 3003 4556 urgerent,
3045 4478 3107 4527 ut
3145 4473 3184 4529 1.

553 4547 765 4611 scripto
793 4544 1121 4614 theologum
1163 4562 1229 4599 ac
1256 4545 1533 4599 medicum
1559 4548 1695 4615 agit,
1742 4549 1840 4600 At-
1897 4550 2362 4616 Amphitheatrum
2396 4550 2612 4601 honoris
2650 4546 2893 4599 flammis
2917 4545 3180 4607 traderet,

553 4614 763 4666 trebati
792 4619 943 4670 1597.

1895 4617 2205 4686 diplomate
2228 4618 2378 4685 regio
2399 4619 2471 4671 ad
2489 4617 2843 4671 Scribanium
2860 4617 3027 4671 misso
3050 4632 3180 4671 eum

629 4691 668 4741 ³)
711 4685 792 4738 Cf.
835 4684 1119 4739 Sotvellus
1162 4706 1217 4755 p.
1257 4690 1391 4747 3352
1439 4685 1727 4741 Fabricius
1768 4690 1838 4761 11,
1894 4689 2172 4753 laudavit,
2216 4693 2274 4744 et
2299 4684 2475 4742 civem
2516 4688 2788 4758 gallicum
2828 4705 2956 4750 cum
2997 4687 3182 4741 solitis

554 4744 688 4826 5453
717 4755 1128 4827 Sommervogel
1161 4758 1253 4824 IV,
1288 4762 1553 4814 512—22.

1894 4760 2210 4831 prigilegiis
2236 4761 2540 4830 inscripsit.
