3625 5193
689 271 717 325 1
734 270 810 324 39
1352 256 1722 310 1564-1580.
1750 251 1942 305 Poenis
1968 265 2142 305 saera.
2171 248 2245 306 Μ.
2275 249 2427 304 Hier.
2456 249 2621 303 Vida.
3177 267 3307 322 140

683 440 926 514 propter
955 437 1349 514 digressiones
1367 437 1441 496 de
1461 437 1757 497 Mexieano
1777 456 1964 514 regno
2020 437 2299 495 diffusum
2349 438 2409 494 et
2468 436 2831 513 imaginibus
2887 436 3303 514 mythologicis

682 531 744 585 et
773 527 1218 586 illustrationes.
2020 526 2323 585 infectum.
2357 525 2580 602 Hymni
2610 526 2680 583 de
2708 526 2878 584 rebus
2907 527 3135 600 divinis,
3187 525 3299 584 Lo·

2019 614 2179 672 vanii
2221 623 2401 677 1552.
2435 615 2486 672 A
2516 614 2905 690 pontificibus
2935 614 3131 672 Leone
3150 614 3216 671 X.
3239 617 3305 672 et

773 713 872 766 66.
906 703 1120 779 Neque
1146 703 1335 762 defuit
1366 704 1504 763 huie
1535 703 1774 780 periodo
1784 709 1961 777 poeta
1988 649 1994 760 Ι
2020 703 2319 762 Clemente
2351 702 2479 772 VII,
2512 704 2617 779 qui
2649 721 2785 762 eum
2818 704 3158 779 episcopum
3188 704 3295 761 Al-

681 793 855 868 plane
928 793 1184 870 insignis
1257 794 1489 852 Marcus
1565 793 1963 868 Hieronymus
2019 792 2126 850 bae
2157 792 2306 850 dixit
2339 785 2587 872 (1532),
2633 792 2836 869 magni
2881 795 2975 851 est
3014 791 3208 851 faetus
3238 795 3305 850 et

680 881 870 941 Vida
897 883 1097 957 patria
1112 882 1588 941 Cremonensien.
1613 891 1798 950 1490,
1821 881 1961 940 felix
2017 880 2091 938 ad
2121 880 2434 957 pangenda
2463 881 2723 940 earmina
2753 881 3042 939 invitatus
3056 876 3124 962 ¹).
3156 880 3311 939 Erat

679 971 953 1029 aemulus
987 970 1239 1047 Virgilii,
1269 970 1344 1028 ad
1376 988 1553 1045 quem
1584 970 1833 1028 maxime
1864 988 1958 1029 ao·
2017 973 2217 1028 autem
2262 971 2575 1046 episeopus
2624 970 2804 1046 plane
2849 970 3144 1046 egregiae,
3193 970 3298 1044 qui

679 1059 869 1117 eessit.
901 1059 1221 1118 Unanimes
1250 1061 1394 1117 sunt
1433 1059 1852 1117 humaniorum
1884 1059 1958 1117 li·
2016 1076 2256 1135 gregem
2289 1077 2467 1117 suum
2498 1076 2639 1117 eura
2669 1077 2805 1117 vere
2837 1059 3160 1134 apostolica
3203 1077 3297 1117 re-

675 1151 939 1206 terarum
1002 1148 1253 1206 studiosi
1298 1149 1362 1205 in
1411 1147 1764 1206 extollendis
1828 1148 1959 1223 ejus
2014 1148 2119 1216 xit,
2199 1165 2246 1210 s.
2322 1147 2522 1207 Carolo
2598 1148 2915 1207 Borromeo
2991 1147 3303 1205 familiaris

677 1236 1040 1296 carminibus
1060 1236 1135 1294 ob
1162 1236 1382 1295 formae
1411 1237 1785 1313 elegantiam,
1820 1256 1956 1296 con·
2017 1233 2079 1318 (†
2120 1231 2331 1316 1566).
2369 1235 2638 1295 Poemata
2668 1237 2913 1295 collecta
2943 1237 3299 1311 prodierunt

677 1329 960 1400 ceptuum
990 1325 1385 1395 nobilitatem,
1405 1325 1603 1400 poesis
1624 1328 1828 1384 artem.
1860 1326 1958 1384 In·
2015 1325 2330 1384 Cremonae
2370 1335 2533 1388 1550
2569 1329 2616 1389 t.
2651 1334 2721 1395 23
2756 1325 2969 1383 Oxonii
3009 1333 3297 1388 1722-43

674 1416 769 1472 ter
799 1432 868 1473 ea
897 1414 1086 1490 magis
1117 1413 1191 1472 ad
1220 1431 1330 1472 nos
1362 1416 1637 1490 spectant
1671 1413 1956 1472 Christia-
2015 1416 2055 1470 t.
2094 1424 2148 1476 3.

676 1503 780 1560 dos
810 1503 869 1560 ll.
917 1502 1018 1571 VI,
1052 1502 1366 1561 Cremonae
1407 1512 1592 1571 1535,
1640 1502 1958 1577 in-quibus
2067 1489 2077 1499 ’

676 1591 861 1650 vitam
935 1591 1387 1666 passionemque
1449 1591 1666 1649 Christi
1728 1591 1957 1667 poetica
2038 1653 2048 1664 ‚
2092 1587 2128 1654 ¹)
2156 1583 2237 1636 Cf·
2288 1582 2675 1669 Baumgarten
2725 1583 2923 1665 Gesoh.
2972 1582 3083 1662 der·
3120 1581 3302 1663 welp-

678 1656 866 1737 form'a
912 1698 1099 1754 eaque
1143 1680 1386 1738 classica
1435 1679 1731 1756 depingit:
1795 1680 1955 1755 quod
2011 1654 2394 1735 hteratur1y‚
2421 1658 2736 1726 ‘’83“59'23
2764 1654 3088 1744 Tnabe-echi
3110 1653 3301 1707 3¹³⁰ssss

678 1786 831 1842 opus
863 1772 1174 1844 propterea
1191 1769 1256 1826 in
1274 1768 1544 1844 Europae
1564 1769 1798 1845 unguas
1981 1725 1985 1806 ¹
2013 1724 2606 1867 ἓὲἓῗὲῖῗὲὲὲὥΐῑιῖ
2628 1725 3296 1865 (Ξὲἕέῖ“.ῗ.ὲὶἷὲἐ;ἓῑὲῗῑ

678 1857 852 1914 tatim
883 1857 1000 1915 suit
1018 1876 1395 1927 conversum3
1427 1857 1604 1916 nimis
1636 1861 1835 1916 tamen
1866 1861 1959 1916 est
2019 1867 2178 1933 vida,
2206 1867 2575 1924 Milan01840
2599 1871 2705 1922 etc.
