3625 5193
380 288 501 341 329
1028 273 1130 325 Jus
1154 268 1505 323 canonicum.
1532 267 1842 332 Mazutclli,
1868 268 2059 332 Giton,
2089 267 2337 322 Contine.
2860 290 2983 345 330

377 475 553 515 senex
593 465 692 516 10.
725 455 866 530 Apr.
907 464 1093 518 1585.
1131 488 1208 498 —
1246 455 1330 512 De
1359 456 1488 530 ejus
1522 472 1654 512 suc·
1709 452 1993 511 zutelli
2025 453 2235 521 Italus,
2268 455 2440 528 cuius
2473 473 2617 515 cura
2637 457 2859 532 prodiit
2873 459 2987 517 Ro-

377 563 602 604 cessore
637 544 852 603 Sixto
884 543 948 602 V.
983 540 1044 625 (†
1082 538 1275 623 1590)
1318 544 1443 618 jam
1476 561 1657 619 supra
1709 560 1838 599 mae
1897 548 2062 604 1579
2117 541 2373 602 collectio
2431 545 2791 604 diversarum
2855 565 2987 606 con-

372 655 428 712 p.
465 642 587 696 287
624 632 874 710 egimus.
919 665 1006 677 —
1054 633 1232 691 Hunc
1263 632 1493 708 excepit
1535 632 1652 690 Ur·
1708 632 2447 690 stitutionumetliterarum
2469 629 2649 714 (723)
2672 653 2819 695 rom.
2841 654 2988 711 pon-

374 724 619 782 banus
683 721 810 780 VII.
872 717 999 802 (15.
1054 720 1214 797 Sept.
1275 717 1466 802 1590)
1518 724 1655 780 ante
1709 720 1935 779 tificum
1985 739 2020 778 a
2068 720 2351 797 Gregorio
2400 720 2526 780 VII.
2575 722 2647 781 ad
2691 741 2768 784 ss.
2818 724 2989 783 D.‘N.

375 812 636 871 Joannes
688 811 977 887 Castagna
1023 810 1237 879 dictus,
1299 812 1496 886 patria
1544 810 1655 868 Ge·
1712 809 2065 885 Gregorium
2080 809 2237 868 1111.
2261 811 2606 870 —Garzias
2630 811 2994 889 deLoaysa

375 900 642 970 nuensis,
695 899 800 974 qui
832 903 1033 958 tamen
1064 918 1197 957 mox
1231 898 1431 959 eodem
1465 898 1657 957 adbuc
1713 898 1954 956 Giron
1986 898 2404 971 Talaverensis,
2426 899 2689 976 Philippi
2710 901 2992 978 principis

376 1007 578 1048 mense
626 993 817 1047 morte
862 988 979 1047 suit
1021 989 1302 1064 abreptus
1337 983 1465 1071 (26.
1500 987 1657 1064 Sept.
1712 987 1927 1046 studiis
1987 988 2377 1063 praepositus,
2455 1007 2562 1064 pro
2623 990 2993 1050 serenissimo

389 1074 596 1160 1590).
631 1077 699 1136 Ei
721 1077 1094 1136 substitutus
1112 1077 1231 1136 fuit
1256 1088 1307 1139 5.
1330 1079 1461 1136 Dec.
1490 1086 1654 1139 1590
1713 1076 1959 1135 Alberto
2007 1076 2301 1136 austriaco
2353 1078 2614 1137 toletano
2662 1079 2993 1155 archiprae-

377 1167 660 1226 Nicolaus
679 1165 1658 1242 SfondratopatriaMediolanensis
1713 1166 1843 1223 sule
1876 1164 2029 1224 vices
2060 1182 2273 1241 gerens
2305 1185 2372 1225 ac
2401 1167 2639 1226 tandem
2673 1167 2852 1243 hujus
2881 1187 2989 1228 no·

379 1255 470 1314 vir
501 1255 934 1315 candidissimis
982 1255 1266 1325 moribus,
1320 1255 1424 1331 qui
1472 1254 1661 1313 voluit
1715 1253 2040 1312 bilissimae
2134 1254 2426 1313 Ecclesiae
2520 1256 2994 1332 archiepiscopus

378 1343 1109 1421 diciGregoriusXIV:
1142 1343 1658 1421 sedneperunum
1718 1339 1938 1420 (1597,
1986 1342 2088 1401 sed
2134 1340 2169 1410 †
2218 1352 2317 1407 22.
2350 1343 2519 1404 Febr.
2558 1341 2773 1426 1599),
2818 1364 2996 1420 quem

381 1433 623 1508 quidem
674 1453 896 1491 annum
944 1433 1277 1492 cathedram
1327 1433 1525 1492 tenuit
1562 1451 1660 1491 ro·
1716 1431 1831 1490 viri
1880 1430 2103 1490 eruditi
2152 1436 2224 1491 ut
2271 1432 2572 1503 Thuanus,
2637 1434 2764 1493 Ger.
2809 1435 2995 1494 Joan·

382 1541 644 1581 manam:
709 1523 963 1581 decessit
1012 1521 1173 1581 enim
1215 1523 1339 1599 jam
1394 1531 1489 1583 15.
1537 1521 1660 1581 Oct.
1716 1539 1824 1579 nes
1855 1520 2121 1589 Vossiu8‚
2156 1522 2435 1580 Baluzius
2453 1518 2516 1602 ¹),
2560 1522 2841 1582 Nicolaus
2872 1524 2995 1582 An-

389 1621 574 1674 1591.
608 1645 695 1655 —
727 1611 860 1671 Mox
897 1620 996 1673 29.
1048 1612 1171 1671 Oct.
1222 1621 1379 1673 1591
1439 1611 1662 1669 electus
1716 1605 1986 1691 tonius2)
2021 1613 2128 1669 etc.
2176 1610 2521 1687 diligentiae
2564 1615 2625 1670 et
2668 1611 2999 1671 industriae

382 1709 474 1758 est
503 1700 543 1758 J
546 1718 765 1759 oannes
785 1701 1084 1760 Antonius
1105 1699 1449 1758 Fachinetto
1479 1700 1660 1775 vulgo
1716 1698 1956 1757 nomine
1989 1699 2240 1758 laudant
2269 1700 2334 1758 in
2366 1718 2561 1759 sacrae
2590 1700 2879 1761 historiae
2898 1718 2998 1758 ve-

381 1788 695 1847 cardinalis
729 1789 1137 1864 Santiquattro
1186 1789 1259 1846 ab
1308 1787 1555 1847 ecclesia
1585 1788 1662 1845 ti·
1717 1787 1895 1845 ritate
1958 1788 2309 1864 indaganda.
2371 1787 2517 1864 Ejus
2563 1793 2686 1848 est:
2743 1790 2999 1848 Collectio

381 1877 562 1936 tulari
592 1879 952 1954 appellatae,
987 1878 1092 1953 qui
1111 1876 1308 1936 dictus
1329 1881 1418 1936 est
1447 1878 1663 1936 Inno-
1719 1877 2090 1936 conciliorum
2152 1877 2477 1951 Hispaniae
2525 1896 2655 1937 cum
2720 1878 2879 1937 notis
2940 1881 3002 1937 et

385 1967 702 2025 centius
733 1967 828 2025 lx.
862 1967 1058 2025 Natus
1090 1966 1140 2024 is
1173 1969 1264 2024 est
1283 1966 1584 2024 Bononiae
1604 1969 1666 2024 et
1720 1965 2247 2036 emendationibus,
2312 1966 2540 2025 Matriti
2608 1977 2772 2030 1593
2837 1967 2903 2025 in
2962 1966 3000 2024 f.

378 2056 535 2128 juris
569 2055 769 2113 studio
801 2056 1072 2114 absoluto
1126 2054 1374 2130 adeptus
1407 2059 1501 2113 est
1531 2055 1664 2112 doc·
1721 2054 2236 2113 Praemittuntur:
2294 2055 2451 2114 Ordo
2512 2060 2574 2114 et
2621 2055 3003 2131 chronologia

383 2144 530 2202 toris
562 2144 624 2203 in
655 2144 763 2203 hac
782 2144 1065 2203 facultate
1082 2142 1358 2203 lauream.
1389 2143 1481 2201 Ab
1501 2144 1664 2201 Alex.
1719 2142 2038 2219 gothorum
2071 2162 2276 2219 regum
2327 2147 2389 2202 et
2434 2162 2784 2212 suevorum;
2834 2145 3003 2203 chro-

384 2233 649 2302 Famese,
684 2232 970 2293 cardinali
1001 2233 1168 2291 Pauli
1204 2232 1310 2295 111.
1339 2234 1570 2308 nepote,
1603 2233 1666 2290 in
1720 2231 1961 2307 nologia
2004 2232 2402 2291 toletanorum
2446 2232 2808 2308 praesulum,
2859 2232 3001 2290 item

386 2321 669 2381 familiam
681 2321 941 2380 adscitus
952 2322 1168 2381 missus
1178 2325 1270 2380 est
1282 2321 1664 2392 Avenionem‚
1722 2320 2117 2379 conciliorum.
2140 2355 2191 2362 —
2210 2321 2509 2380 Antonius
2529 2321 2613 2381 Co
2626 2325 2704 2379 nt
2717 2321 2827 2380 ius
2843 2316 3001 2401 (vul-

387 2411 491 2488 qui
522 2411 648 2469 vice
680 2429 789 2469 sua
820 2410 969 2470 hanc
1001 2414 1233 2489 regeret
1262 2410 1580 2470 ecclesiam.
1614 2410 1665 2467 A
1721 2428 1796 2486 go
1829 2409 1883 2467 le
1903 2405 2111 2491 Conte)
2143 2408 2577 2480 Noviomensis,
2612 2409 2717 2485 qui
2748 2409 2812 2468 in
2840 2409 3002 2468 bitu-

386 2499 489 2557 Pio
522 2499 618 2558 IV.
651 2499 845 2558 factus
896 2503 985 2558 est
1017 2500 1328 2576 episcopus
1359 2502 1419 2558 et
1449 2499 1666 2558 missus
1722 2498 1941 2557 ricensi
1986 2502 2047 2557 et
2091 2498 2490 2557 aurelianensi
2536 2498 2849 2570 academia,
2895 2497 3003 2556 ali·

392 2589 627 2667 leg-atus
659 2588 957 2660 venetias,
986 2589 1089 2648 ubi
1113 2593 1352 2648 strenue
1371 2588 1668 2665 promovit
1724 2587 2011 2664 quamdiu
2043 2587 2222 2647 etiam
2252 2587 2315 2646 in
2343 2587 2673 2662 parisiensi,
2697 2587 3004 2665 jurispru-

389 2678 761 2737 coalitionem
779 2679 1058 2738 adversus
1073 2678 1667 2755 Turcas.AGregorio
1725 2677 1989 2735 dentiam
2039 2696 2255 2754 magna
2304 2696 2437 2736 cum
2483 2676 2658 2737 laude
2703 2677 3005 2753 professus

391 2764 542 2826 XIII.
599 2785 864 2844 purpura
910 2768 1027 2826 fuit
1075 2767 1332 2827 donatus
1377 2771 1556 2842 atque
1607 2767 1669 2824 in
1724 2770 1832 2825 est.
1864 2766 2039 2824 Tanti
2069 2766 2241 2824 illum
2262 2766 2398 2825 fecit
2417 2766 2721 2842 Cujacius,
2744 2771 2816 2824 ut
2848 2784 3002 2826 nun-

389 2856 759 2933 gravissimis
775 2856 1047 2934 negotiis,
1065 2857 1221 2915 sicut
1235 2856 1414 2914 etiam
1446 2855 1520 2913 ab
1541 2856 1668 2931 ejus
1725 2874 1904 2929 quam
1954 2872 2016 2912 se
2066 2871 2185 2912 non
2215 2854 2535 2914 doctiorem
2584 2855 2657 2914 ab
2689 2874 2758 2914 eo
2790 2854 3006 2914 disces-

393 2946 830 3004 successoribus
849 2944 1171 3004 adhibitus.
1207 2945 1295 3004 Ob
1316 2945 1446 3020 ejus
1479 2962 1669 3003 mores
1727 2942 1877 3000 sisse
1939 2943 2240 3018 professus
2304 2943 2384 3002 sit
2443 2941 2506 3026 (†
2578 2953 2739 3009 1586
2765 2966 2778 3013 ;
2832 2945 3009 3021 juxta

392 3034 685 3104 candidos,
734 3034 1143 3093 dexteritatem
1190 3038 1251 3091 et
1294 3032 1669 3108 prudentiam
1728 3030 1966 3090 Schulte
2007 3041 2100 3093 16.
2136 3031 2294 3107 Sept.
2334 3030 2547 3115 1577).
2610 3034 2756 3109 Ejus
2790 3033 3010 3108 scripta

391 3122 454 3181 in
484 3123 761 3200 gerendis
794 3123 1050 3199 negotiis
1082 3124 1307 3182 electus
1333 3121 1504 3180 estin
1521 3140 1667 3198 pon·
1727 3120 1799 3178 ad
1824 3120 1926 3194 jus
1958 3120 2129 3179 civile
2161 3120 2609 3181 dilucidandum
2654 3123 2910 3181 maxima
2939 3140 3007 3179 ex

394 3211 611 3270 tificem
642 3211 934 3270 bonorum
954 3212 1218 3272 omnium
1238 3210 1484 3280 laetitia,
1521 3228 1671 3284 quae
1727 3213 1898 3284 parte
1917 3210 2251 3284 pertinent:
2273 3210 2628 3269 illustrando
2644 3214 2843 3268 tamen
2863 3229 3006 3286 pon-

393 3304 591 3359 tamen
620 3301 787 3359 brevi
819 3306 952 3375 post
984 3319 1262 3360 conversa
1301 3304 1390 3359 est
1418 3300 1484 3358 in
1514 3317 1672 3357 moe·
1728 3297 1909 3356 tificio
1940 3316 2058 3357 non
2079 3298 2387 3358 minimam
2408 3299 2571 3357 dedit
2586 3317 2836 3374 operam.
2858 3299 3010 3356 Nam

394 3407 601 3459 rorem,
634 3409 772 3448 nam
807 3389 1011 3448 eodem
1053 3389 1245 3447 adhuc
1275 3410 1325 3447 a.
1358 3392 1495 3465 post
1525 3388 1671 3447 duo·
1727 3391 1962 3463 praeter
2001 3387 2429 3446 Kalendarium
2459 3386 2751 3445 Ecclesiae
2794 3387 3011 3444 latinae

396 3497 529 3536 rum
592 3482 830 3536 tantum
894 3479 1185 3537 mensium
1261 3477 1674 3554 pontificatum
1728 3478 1790 3535 et
1838 3493 2082 3551 graecae
2126 3478 2188 3534 et
2238 3477 2676 3552 Chronoloyiam
2737 3474 3009 3550 triparti-

397 3566 548 3625 obiit
581 3576 681 3630 30.
719 3567 845 3624 Dec.
887 3576 1070 3629 1591.
1729 3568 1854 3622 tam
1885 3583 1954 3622 ex
1987 3564 2314 3640 Nicephoro
2360 3564 2637 3639 episcopo
2684 3562 3009 3622 constanti—

1729 3651 2075 3728 nopolitano
2108 3652 2180 3709 ad
2212 3651 2387 3711 fidem
2432 3652 2787 3710 anastasiani
2817 3670 3012 3711 exem-

491 3753 631 3807 144.
680 3744 1064 3803 Monumenta
1123 3745 1188 3804 in
1223 3744 1362 3819 jure
1408 3745 1676 3803 canonico
1731 3741 1915 3817 plaris
1949 3740 2317 3800 emendatam
2350 3746 2412 3800 et
2439 3741 2601 3800 notis
2630 3741 3011 3809 illustratam,

397 3832 738 3891 authentica
804 3833 1165 3910 collegerunt
1182 3831 1223 3909 ¹)
1287 3833 1492 3892 Caesar
1539 3833 1673 3891 Ma·
1730 3831 1791 3889 id
1822 3848 2063 3905 quoque
2111 3830 2355 3899 curavit,
2406 3833 2477 3888 ut
2507 3844 2658 3889 nova
2704 3832 2765 3888 et
2813 3848 3011 3887 emen-

1733 3920 1932 3978 datior
1957 3919 2111 3994 Juris
2141 3919 2407 3978 canonici
2437 3918 2637 3988 editio,
2660 3918 2833 3978 docta
2846 3936 3013 3994 prae-

399 4036 555 4107 plani
581 4038 635 4092 S·
664 4038 715 4093 J·
743 4037 997 4092 Historia
1023 4037 1081 4092 P·
1110 4038 1203 4094 Gr·
1232 4039 1359 4091 Xffl
1418 4037 1569 4091 Dffin
1648 4053 1677 4090 e
1736 4007 1953 4067 fatione
1985 4010 2045 4065 et
2076 4008 2234 4067 notis
2267 4011 2444 4068 aucta
2475 4007 2753 4084 prodiret,
2787 4010 2848 4066 et
2879 4026 3013 4084 pro-

405 4113 564 4181 1685;
605 4109 795 4163 Maffei
821 4110 1070 4164 Annales
1109 4080 1534 4177 Gregorii'XIlI,
1661 4141 1679 4150 -
1734 4094 1844 4155 diit
1889 4096 2125 4172 quidem
2168 4097 2544 4173 Antwerpiae
2596 4107 2929 4160 1569—71
2972 4099 3014 4153 t.

403 4198 523 4235 mae
551 4185 690 4237 1742
710 4201 722 4239 ς
749 4178 1009 4235 Brischar
1033 4180 1142 4234 KL.
1173 4181 1238 4243 V,
1267 4184 1548 4237 1142—46
1575 4182 1679 4234 etc.

477 4256 512 4323 ¹)
529 4251 656 4305 Huc
669 4249 960 4321 pertinent
973 4253 1030 4305 et
1043 4251 1330 4305 Antonius
1357 4250 1396 4305 C
1413 4267 1446 4303 a
1462 4268 1489 4304 r
1504 4268 1537 4305 a
1553 4250 1582 4303 f
1593 4251 1678 4315 fa,

400 4321 465 4375 de
484 4339 594 4391 quo
613 4339 786 4393 supra
807 4322 1026 4395 egimus
1043 4339 1097 4393 p.
1117 4327 1238 4386 261,
1266 4325 1324 4376 et
1350 4321 1394 4374 B
1410 4339 1486 4403 ra
1499 4321 1582 4375 nd
1599 4339 1628 4375 e
1643 4340 1680 4374 n
1735 4322 2006 4390 Majorem
2021 4321 2227 4375 habuit
2248 4322 2544 4391 partemin
2560 4320 2776 4402 edendo
2798 4323 3018 4402 Decreta

401 4393 1102 4474 canonicustaugustanus,
1130 4394 1232 4463 qui
1258 4393 1487 4474 colleg-it
1513 4410 1683 4475 super
1737 4396 2005 4474 Gratias-10
2030 4393 2330 4448 emendato
2349 4396 2433 4475 ”et
2473 4392 2864 4473 notationibus
2889 4391 3016 4444 illu-

401 4463 756 4520 concordatis
783 4466 931 4519 mter
956 4485 1000 4518 a.
1025 4465 1213 4519 sedem
1229 4481 1319 4534 ap.
1342 4468 1400 4518 et
1424 4464 1681 4544 mehtam
1737 4467 1915 4545 strato
1935 4480 2102 4544 jussu
2130 4462 2387 4533 Gregorii
2412 4464 2559 4544 3111,
2588 4463 2840 4545 Venetus
2861 4465 3015 4519 1584.

400 4536 684 4665 xliggignem
711 4534 1046 4660 (germaniae
1072 4533 1682 4662 colletceam200100nipae
1738 4534 2021 4658 Dissiermt
2047 4537 2106 4589 et
2128 4538 2191 4590 de
2215 4541 2393 4590 causis
2418 4552 2478 4588 in
2504 4553 2545 4588 a.
2575 4533 2762 4589 officio
2790 4550 3019 4603 cognos-

543 4649 555 4661 .
606 4642 674 4648 —
766 4622 933 4659 auus
1011 4623 1161 4661 .ons
1197 4623 1248 4659 -a
1317 4626 1337 4659 1
1386 4624 1449 4659 is
1542 4645 1555 4658 .
1642 4624 1681 4660 r.
1739 4623 1843 4659 cen
1885 4623 1950 4659 is.

406 4676 797 4744 Ferrariensis,
825 4675 1096 4747 Magister
1145 4696 1184 4732 s.
1227 4677 1433 4732 Palatii
1473 4679 1532 4731 et
1571 4677 1684 4730 Ma-
1817 4677 1949 4757 ¹)·ln
1974 4677 2213 4745 praefat.
2240 4676 2312 4731 ad
2339 4676 2646 4746 Reginonis
2665 4677 2700 4731 l.
2724 4676 2793 4731 de
2814 4675 3019 4732 Eccles.

400 4748 1265 4873 gisterordinis(1580),quicum
1284 4748 1684 4803 Lombardiam
1741 4747 1885 4802 disci
1928 4747 2080 4801 linis.

421 4822 683 4887 ustraret,
715 4817 960 4874 venetiis
988 4824 1070 4877 17.
1093 4820 1244 4891 Sept.
1268 4824 1405 4878 1582
1434 4819 1683 4875 decessit.
1816 4826 1856 4884 ²)
1976 4818 2109 4873 bibl.
2138 4818 2206 4873 Η.
2237 4818 2307 4879 Ν,
2339 4820 2377 4887 1,
2403 4824 2510 4876 514
2535 4837 2577 4875 s.
