3625 5193
1071 1542 1556 1653 Addenda
1623 1550 1723 1653 et
1787 1542 2402 1679 corrigenda.

435 1779 594 1837 Dum
624 1767 824 1837 tomus
858 1780 952 1838 hic
1004 1779 1466 1855 imprimeretur,
1500 1780 1789 1855 quaedam
1840 1781 1933 1839 vel
1966 1798 2098 1839 sero
2131 1780 2309 1838 nimis
2343 1781 2437 1839 vel
2468 1779 2871 1839 recentissime
2904 1777 3065 1835 edita

438 1877 498 1934 in
532 1877 787 1935 auctoris
838 1896 1049 1936 manus
1101 1881 1411 1948 venerunt,
1465 1896 1615 1953 quae
1665 1877 1739 1936 ad
1789 1877 2174 1953 perficiendas
2219 1877 2674 1955 corrigendasve
2706 1876 2955 1936 notitias
2990 1876 3061 1933 de

432 1974 745 2048 aliquibus
797 1975 1007 2034 saltem
1056 1976 1353 2052 theologis
1400 1976 1607 2035 lectori
1653 1976 1812 2035 haud
1859 1976 2100 2035 inutilia
2145 1980 2338 2037 erunt.
2415 1976 2498 2034 Ea
2550 1978 2783 2035 servata
2814 1974 3060 2050 pagina-

1307 2094 1438 2132 rum
1470 2074 1620 2133 serie
1654 2074 1749 2133 hic
1782 2074 2186 2148 subjiciemus.

541 2242 675 2312 Pag.
702 2248 787 2301 30.
816 2243 897 2297 De
919 2243 1041 2303 Seb,
1066 2243 1347 2298 Haidlauf
1368 2261 1465 2297 seu
1497 2244 1545 2296 H
1562 2261 1596 2297 a
1609 2261 1646 2312 y
1664 2244 1720 2296 d·
1886 2242 2021 2313 Pag.
2046 2247 2170 2300 419.
2216 2245 2386 2315 Hugo
2413 2242 2457 2296 B
2475 2262 2512 2298 u
2528 2244 2587 2297 rl
2604 2260 2637 2296 a
2655 2245 2681 2297 t
2718 2241 3062 2312 parisiensis,

432 2317 508 2369 la
526 2332 562 2367 u
580 2315 608 2366 f
627 2317 889 2368 accurate
930 2315 1153 2369 disserit
1177 2314 1325 2368 Frid.
1354 2315 1634 2369 Lauchert
1658 2315 1721 2368 in
1778 2315 2064 2369 Sorbonae
2091 2315 2286 2369 doctor
2309 2320 2366 2370 et
2392 2317 2688 2384 professor,
2734 2313 3064 2367 universita-

432 2385 629 2440 histor.
656 2386 848 2440 Jahrb.
875 2385 952 2439 im
982 2387 1168 2439 Auftr.
1197 2386 1296 2440 der
1322 2385 1721 2456 Gorresgesell·
1778 2387 1853 2439 tis
1896 2385 2220 2456 parisiensis
2264 2390 2452 2440 rector
2496 2390 2706 2458 (1576),
2757 2385 3064 2439 canonicus

436 2457 621 2512 schaft
646 2456 825 2509 XXVl
854 2461 1053 2526 (1905),
1094 2462 1322 2514 19-m42.
1373 2457 1507 2510 Erat
1535 2457 1720 2526 Hayd-
1778 2458 2076 2526 theologus
2091 2459 2149 2510 et
2163 2457 2633 2527 poenitentiarius
2652 2455 3064 2510 aurelianensis

436 2529 560 2582 lauf
581 2528 901 2598 theologiae
921 2528 1263 2592 licentiatus,
1292 2530 1574 2598 parochus
1600 2546 1720 2583 aca-
1747 2537 1751 2623 ι
1779 2537 1824 2593 (†
1851 2533 1941 2586 20.
1967 2529 2092 2584 Dec.
2123 2532 2280 2601 1614)
2323 2528 2504 2584 edidit
2540 2529 2850 2591 conciones,
2896 2527 3066 2596 plura

436 2600 682 2655 demicus
712 2601 1042 2670 ingolst.1dii
1071 2605 1251 2672 (1567)
1279 2605 1336 2654 et
1356 2604 1585 2673 1568s69
1610 2618 1721 2655 rec·
1748 2630 1751 2677 ᾗ
1777 2602 2051 2682 opuscula
2077 2601 2348 2655 adversus
2367 2603 2748 2682 protestantes
2769 2601 2838 2654 de
2865 2599 3065 2654 eucha-

435 2678 523 2725 tor
562 2671 968 2726 universitatis.
1017 2671 1175 2726 Obiit
1214 2671 1359 2724 circa
1385 2689 1436 2726 a.
1463 2676 1605 2731 1580
1630 2672 1721 2726 vel
1748 2718 1749 2737 ,
1778 2672 1960 2737 ristia,
2000 2672 2271 2727 sacrificio
2311 2689 2528 2736 missae,
2576 2670 2928 2726 confessione
2959 2673 3064 2724 etc.

436 2747 590 2802 1581.
642 2742 868 2810 Septem
914 2743 1170 2812 ejusdem
1212 2743 1436 2798 libellos
1480 2743 1721 2813 diligens
1747 2750 1751 2821 ξ
1778 2760 1998 2797 necnon
2039 2747 2468 2799 Declarationem
2524 2750 2848 2799 astutiarum
2893 2745 3064 2811 vulpe-

433 2815 564 2868 diss.
611 2817 810 2868 auctor
853 2818 1105 2868 recenset
1147 2816 1206 2868 et
1243 2814 1528 2875 describit,
1572 2815 1722 2868 inter
1750 2846 1751 2857 κ
1777 2819 1926 2869 culae
1950 2815 2177 2868 Domini
2216 2817 2442 2870 vineam
2483 2814 2863 2879 demolientis,
2908 2812 3065 2867 Paris

429 2902 578 2954 quos
604 2888 715 2939 tres
742 2885 1070 2953 praesertim
1110 2884 1417 2954 polemicos
1453 2886 1720 2940 adversus
1781 2890 1920 2943 1578
1944 2887 2005 2939 in
2031 2894 2098 2950 8.,
2140 2887 2254 2941 scil.
2283 2888 2553 2941 adversus
2589 2885 2941 2941 simoniacos.
2982 2884 3065 2940 cf.

430 2956 708 3011 Jacobum
737 2956 979 3021 Andrea,
1002 2956 1332 3026 theologum
1354 2956 1719 3011 lutheranum
1747 2988 1751 3051 5
1777 2958 1942 3011 Feret
1968 2958 2047 3011 La
2073 2958 2285 3012 faculte
2312 2959 2381 3013 de
2408 2958 2599 3013 Theol.
2628 2958 2696 3012 de
2720 2956 2894 3016 Paris.
2923 2955 3066 3025 Epo-

434 3028 850 3096 tubingensem.
1748 3062 1749 3069 κ
1779 3046 1892 3095 que
1920 3029 2186 3083 moderne
2213 3029 2307 3094 IV,
2332 3034 2564 3087 405—-9,
2767 3068 2774 3075 ·

531 3098 662 3168 Pag.
692 3103 815 3155 307.
842 3098 908 3150 ln
930 3115 1019 3168 op,
1049 3103 1301 3153 recenter
1326 3115 1360 3150 a
1377 3098 1464 3155 Fr.
1482 3097 1720 3152 Steffens
1887 3100 2022 3170 Pag.
2049 3105 2171 3156 642.
2197 3100 2229 3154 J
2236 3104 2375 3154 uxta
2402 3100 2582 3165 Feret,
2618 3100 2721 3167 qui
2747 3116 2837 3168 op.
2864 3097 3064 3161 eit..IV‚

435 3171 495 3223 et
508 3170 678 3222 Henr.
699 3169 1013 3222 Reinhardt
1029 3169 1286 3224 Solodori
1306 3174 1444 3226 1906
1466 3168 1551 3223 ed.
1569 3172 1719 3224 Nun-
1746 3234 1747 3237 Ἴ
1775 3174 2025 3229 329-39
2042 3171 2165 3239 agit
2184 3172 2253 3226 de
2266 3172 2311 3224 D
2329 3190 2367 3225 u
2387 3190 2421 3223 v
2438 3172 2506 3224 al
2522 3171 2540 3223 1
2557 3171 2577 3224 i
2595 3189 2645 3235 0,
2662 3171 2751 3230 Tr,
2773 3175 2836 3224 de
2850 3187 2918 3224 ss.
2935 3188 3067 3237 pon-

435 3244 827 3295 ticam-berichte
871 3258 974 3294 aus
1015 3241 1112 3294 der
1152 3241 1397 3295 Schweiz
1441 3240 1551 3294 seit
1592 3240 1717 3294 dem
1746 3246 1749 3307 g
1778 3246 1934 3308 tificis
1961 3248 2277 3297 auctoritate
2314 3244 2582 3297 adversus
2623 3241 2948 3311 apologicas
2975 3240 3067 3293 ob-

436 3311 637 3366 Konzil
676 3329 788 3365 von
830 3311 1025 3366 Trient
1064 3313 1196 3366 Abt.
1237 3318 1264 3369 1
1302 3316 1341 3368 t.
1371 3318 1417 3367 1.
1443 3311 1719 3382 inscripto
1768 3313 2051 3382 jectiones
2078 3314 2130 3367 S.
2161 3314 2245 3381 V„
2274 3314 2493 3367 Evreux
2521 3317 2660 3369 1622
2703 3330 2816 3366 non
2846 3311 3071 3364 videtur

434 3383 536 3436 Die
577 3387 878 3437 Nuntiatur
918 3386 1129 3453 (1579—-
1152 3387 1243 3453 81)
1285 3400 1390 3436 von
1437 3383 1595 3437 Giov‚
1632 3383 1670 3436 f
1676 3401 1716 3439 r.
1776 3400 1894 3437 esse
1921 3385 2119 3455 ipsine,
2145 3386 2241 3438 sed
2267 3386 2351 3440 J0.
2381 3385 2455 3439 Le
2481 3383 2592 3437 Jau
2620 3382 2880 3438 canonici
2907 3383 2965 3435 et
2987 3382 3068 3434 vi·

431 3454 845 3508 Bonhomini
873 3462 1008 3519 (nou
1022 3454 1262 3508 Bonomi
1288 3454 1436 3508 sicut
1461 3472 1562 3509 nos
1590 3472 1717 3525 pag.
1746 3474 1749 3487 *
1775 3455 1913 3509 carii
1952 3457 2232 3526 generalis
2275 3454 2704 3519 eburovicensis‚
2748 3454 2846 3522 qui
2889 3451 3070 3507 edidit

433 3526 524 3579 cit.
554 3524 900 3597 scripsimus)
916 3525 1276 3595 reperiuntur
1302 3529 1384 3579 die
1398 3529 1718 3580 Nuntiatur·
1746 3582 1747 3589 χ
1774 3544 1968 3581 revera
2008 3530 2076 3580 tr.
2116 3532 2178 3581 de
2222 3548 2295 3583 ss,
2341 3530 2606 3594 pontificis
2655 3528 2969 3579 auctoritate
3007 3522 3066 3575 in

430 3601 657 3651 berichte
672 3596 1057 3650 Bonhomini’s
1081 3598 1197 3651 und
1211 3597 1361 3651 seine
1378 3597 1719 3666 Korrespon·
1745 3626 1748 3681 ἲ
1777 3599 1853 3651 IV
1872 3598 1932 3652 ll.
1954 3598 2302 3663 distinctum,
2319 3598 2541 3651 Evreux
2564 3601 2717 3653 1611.
2741 3600 2896 3653 1620.
2925 3595 3066 3649 Cum

436 3669 573 3722 denz
599 3668 703 3721 mit
734 3668 789 3727 C,
812 3668 1111 3722 Borromeo
1137 3684 1241 3722 aus
1267 3668 1395 3721 dem
1422 3668 1452 3721 J
1463 3674 1646 3726 ‚1579.
1746 3686 1749 3697 ⁸
1776 3670 1972 3723 Simon
1998 3669 2176 3740 Vigor
2215 3671 2471 3723 tueretur
2516 3667 2845 3721 Richerium
2887 3667 2947 3719 in
2977 3682 3068 3734 op.

542 3740 677 3809 Pag.
706 3742 829 3795 361.
868 3736 902 3790 J
920 3756 953 3791 a
970 3757 998 3791 c
1016 3756 1047 3793 o
1067 3739 1135 3793 bi
1174 3739 1613 3793 Mediolanensis
1656 3740 1716 3795 Ο.
1746 3780 1747 3789 ,
1778 3740 1858 3793 Ex
1875 3742 2236 3810 responsione
2255 3739 2515 3809 synodali
2535 3738 2928 3792 dataBasileae
2950 3754 3068 3791 ora·

434 3810 569 3880 Cap.
597 3810 825 3864 libellus
852 3810 1021 3880 plane
1061 3827 1264 3865 aureus
1290 3815 1550 3866 Stimulus
1578 3830 1717 3865 amo·
1745 3804 1749 3888 ᾗ
1777 3812 1999 3867 toribus
2025 3812 2089 3866 D.
2113 3811 2359 3881 Eugeuii
2387 3811 2444 3864 P.
2473 3811 2568 3865 IV.
2610 3810 2670 3863 in
2714 3827 2902 3879 congr.
2942 3824 3067 3877 gen.

430 3886 511 3935 ris
537 3881 750 3952 prodiit
789 3881 1069 3946 Quarachi
1097 3886 1238 3939 1905
1277 3882 1336 3934 in
1370 3883 1720 3936 bibliotheca
1746 3896 1749 3943 ζ
1775 3883 1858 3938 111.
1886 3901 2014 3938 non.
2028 3883 2181 3954 Sept.
2205 3888 2343 3940 1432
2370 3886 2431 3937 de
2457 3888 2772 3938 aucun-itate
2792 3883 3065 3947 cujuslibet

430 3954 782 4007 franciscana
802 3954 1044 4007 ascetica
1064 3952 1239 4007 medii
1259 3954 1385 4006 aevi
1406 3957 1448 4009 t.
1471 3953 1558 4007 [V.
1582 3953 1720 4007 Fuit
1747 3946 1749 3991 Ι
1777 3974 1916 4010 conc.
1943 3959 2206 4023 qeneralis
2245 3972 2417 4024 supra
2441 3971 2655 4024 papam
2693 3959 2753 4007 et
2780 3951 3071 4021 quoslibet

428 4024 669 4079 Jacobus
698 4024 1062 4093 provincialis
1088 4024 1363 4087 minister,
1391 4025 1719 4094 exemplari·
1746 4058 1747 4063 =
1779 4026 1971 4080 fideles
1999 4045 2127 4095 pars
2149 4028 2455 4096 praecipua
2484 4027 2543 4080 et
2565 4025 2625 4077 in
2648 4042 2771 4078 eam
2793 4040 3070 4079 commen-

434 4095 567 4148 tatis
608 4098 743 4176 nota
782 4095 1051 4177 insignis,-
1084 4113 1126 4177 s.
1156 4095 1354 4149 Carolo
1384 4096 1720 4177 Borromaeo
1747 4152 1750 4211 ι
1782 4099 1979 4171 tarius,
2007 4096 2272 4152 Coloniae
2303 4102 2458 4162 1613,
2485 4096 2751 4166 opposuit
2769 4093 3070 4182 Duvallius

431 4167 1720 4308 35⁸3?30213132⁰3332¹¹3005122¹³22233.{{?3‡54
1777 4172 2205 4310 ΖῖιέἔιῖἴέἯζρῖ
2220 4169 3073 4310 ἒῒᾲᾱῖῑῖἕξῗξέἑηέῗρὲἕὲᾚὲἑ

430 4325 532 4378 pro
548 4308 921 4363 reformandis
942 4308 1231 4379 virginum
1246 4310 1577 4364 monasterii
1599 4315 1721 4363 ute·
1747 4312 1751 4373 ἓ
1783 4311 2250 4365 commentarium
2274 4311 2336 4365 in
2362 4330 2418 4393 p.
2447 4311 2515 4367 ΙΙ.
2542 4309 2870 4365 s.Thomae.
2897 4325 3070 4375 quam

432 4380 614 4435 batur.
667 4379 813 4433 Hinc
853 4382 976 4450 ejus
1016 4380 1215 4434 audita
1255 4383 1436 4435 morte
1475 4384 1544 4452 (4.
1575 4383 1722 4450 Aug.
1750 4392 1753 4403 ·
1782 4382 1961 4436 solam
2007 4382 2428 4436 commentariis
2466 4380 2796 4443 illustravit,
2842 4377 3071 4432 Parisiis

432 4454 592 4521 1584)
619 4450 1032 4520 collacrymans
1057 4451 1237 4505 dixit:
1267 4450 1473 4516 „Doleo
1495 4469 1723 4522 magno·
1783 4458 1941 4510 1636.
1982 4453 2227 4524 Scripsit
2268 4470 2498 4522 quoque
2536 4453 2614 4505 La
2653 4454 2740 4505 Vr'e
2779 4453 3073 4505 admirable

433 4538 580 4590 pere,
624 4523 1090 4591 quandoquidem
1120 4539 1361 4591 magnus
1388 4524 1488 4577 Dei
1531 4541 1722 4578 servus
1782 4528 1846 4578 de
1884 4527 1937 4578 S.
1982 4528 2159 4579 Mar-ie
2213 4527 2275 4578 de
2317 4527 2721 4579 l’Incarnation
2774 4521 3071 4591 religieuse

433 4594 597 4647 nobis
637 4592 881 4663 eripitur
919 4598 978 4649 et
1018 4593 1416 4649 fidelissimum
1455 4596 1514 4648 in
1555 4611 1723 4650 onere
1784 4611 2050 4650 converse
2093 4612 2164 4649 en
2209 4595 2247 4649 l'
2264 4596 2427 4649 ordre
2464 4596 2533 4648 de
2575 4593 2643 4646 N.
2687 4593 2750 4646 D.
2792 4594 2869 4646 du
2911 4591 3075 4645 Mont

432 4663 576 4718 mihi
627 4665 924 4719 commisso
975 4668 1401 4734 cooperatorem
1466 4667 1719 4720 amitto.“
1786 4667 2008 4721 Carmel
2033 4669 2091 4722 et
2116 4666 2437 4720 fondatrice
2472 4665 2730 4732 d'iceluy
2768 4681 2836 4717 en
2863 4663 3072 4717 France

433 4734 572 4789 Vita
596 4736 751 4791 illius
771 4736 1112 4798 describitur
1139 4753 1171 4790 a
1191 4736 1428 4791 Boverio
1457 4740 1493 4793 t.
1518 4738 1583 4792 Il.
1619 4740 1725 4790 An·
1782 4737 2016 4808 appelee
2043 4755 2117 4791 au
2144 4736 2354 4791 monde
2378 4738 2436 4791 la
2475 4735 2830 4791 damoissolle
2857 4734 3071 4793 Acarie.

434 4805 548 4860 nal.
578 4807 713 4876 Cap.
741 4808 814 4860 ad
843 4825 892 4862 a.
919 4811 1082 4864 1584.
1782 4808 1944 4863 Paris
1971 4814 2109 4867 1625
2137 4812 2195 4863 et
2218 4808 2447 4877 saepius
2473 4807 2758 4877 deinceps.

2689 4901 2783 4954 39·
