3625 5193
411 261 437 312 1
457 261 484 312 1
501 259 582 311 45
862 239 1111 295 Historia
1134 241 1223 294 lit.
1251 240 1331 295 De
1358 240 1598 306 Rosinis‚
1627 241 1678 295 le
1707 240 1900 312 Paige,
1928 244 2135 309 Eleius,
2164 241 2472 313 Alegambe
2498 245 2603 296 etc.
2866 260 3032 313 1146

403 429 607 487 colaus
639 428 821 486 Maria
852 426 924 485 de
949 427 1321 486 Guerrois
1355 427 1514 486 Orat.
1548 427 1687 486 Tre·
1745 429 1839 486 vir
1863 429 2037 504 juxta
2068 424 2305 512 Hug01)
2338 429 2692 505 ,ambiguae
2737 428 3030 497 fortunae,

402 517 596 576 censis
628 515 1004 576 concinnavit
1035 516 1469 590 Ephemeridem
1509 517 1685 575 Sanc·
1744 517 2014 577 lectionis
2035 519 2277 589 multae,
2311 518 2535 578 criterii
2554 516 2886 587 mediocris,
2929 517 3034 591 qui

400 610 602 665 torum
635 606 915 664 ecclesiae
947 605 1253 674 trecensis,
1287 606 1482 664 Trecis
1522 614 1686 668 1648
1743 607 1893 665 bene
1925 606 2118 665 audiit
2149 607 2306 683 apud
2337 607 2558 679 doctos,
2613 606 2829 666 melius
2863 606 3034 664 audi-

403 697 469 755 in
510 704 606 757 12.
639 698 700 753 et
718 694 846 754 aliis
877 695 1116 753 omissis
1138 695 1398 753 Histoire
1427 696 1687 753 ecclesia·
1744 699 1855 766 ret,
1891 697 1943 753 si
1962 696 2185 754 ordinis
2212 696 2429 755 scrinia
2449 695 2665 754 fuisset
2685 698 3029 754 scrutatus‘

401 786 580 843 eticae
600 783 674 844 de
698 784 923 860 Troyes,
947 782 1027 841 ib.
1051 791 1238 846 1637.
1261 818 1347 826 --
1366 784 1689 842 Bainucius
1747 780 1810 865 (†
1849 780 2062 865 1650),
2111 785 2352 863 collegit
2383 785 2770 843 bibliothecam
2809 784 3038 842 ordinis

404 874 573 932 Pico
605 873 942 932 Parmensis
972 872 1158 932 laicus
1194 871 1465 931 Odoardo
1484 872 1623 931 duci
1655 892 1689 930 a
1738 876 2355 950 praemonstratensis,
2408 873 2647 933 Parisiis
2699 881 2865 936 1633
2914 875 2958 931 t.
2995 881 3028 934 2

405 962 650 1022 secretis
694 980 867 1021 omne
899 981 934 1020 a
964 962 1216 1038 negotiis
1262 964 1499 1037 tempus
1537 962 1688 1019 libe-
1744 962 1806 1020 in
1839 962 1875 1019 f.
1912 959 2012 1044 (m.
2050 958 2206 1045 200)
2236 981 2384 1039 opus
2424 982 2644 1032 rarum,
2694 962 2865 1036 cujus
2899 963 2938 1024 l.
2978 974 3033 1024 1.

403 1071 539 1110 rum
561 1052 914 1109 Sanctorum
937 1050 1081 1109 vitis
1103 1049 1428 1108 scribendis
1459 1051 1689 1127 impen-
1746 1051 2130 1110 continentur
2170 1051 2641 1128 praeliminaria3
2698 1059 2753 1112 2.
2783 1050 2942 1108 vitae
2973 1054 3035 1108 et

405 1141 498 1199 dit
544 1136 605 1221 (†
647 1135 855 1219 1644).
905 1139 1072 1198 Inter
1116 1139 1407 1214 plurimas
1453 1140 1687 1216 biogra·
1745 1143 1913 1216 gesta
1945 1139 2041 1198 SS.
2089 1141 2410 1216 utriusque
2457 1159 2629 1199 sexus
2672 1139 2738 1197 Ο.
2772 1140 3033 1209 Praem.;

402 1229 574 1307 phias
593 1223 638 1309 ¹)
671 1228 910 1305 scripsit
942 1232 1002 1286 et
1022 1229 1291 1302 Specchio
1321 1227 1410 1286 ἅθ’
1425 1229 1692 1303 Principi
1747 1237 1801 1289 3.
1835 1228 2148 1305 privilegia
2176 1229 2479 1306 pontificia
2510 1231 2570 1287 et
2600 1228 2798 1305 regia3
2831 1237 2888 1290 4.
2911 1232 3031 1286 sta-

403 1337 621 1378 ovvero
641 1317 777 1376 Vite
799 1316 934 1395 (24)
955 1316 1046 1376 de'
1065 1317 1323 1391 Principi
1344 1318 1525 1387 Santi,
1548 1319 1689 1376 Par·
1746 1323 1883 1376 tuta
1913 1320 1975 1375 et
2012 1329 2064 1381 5.
2100 1337 2251 1393 quae
2282 1319 2600 1377 electiones
2633 1320 2921 1392 spectant.
2945 1351 3035 1360 --

403 1427 534 1466 mae
554 1406 1688 1483 16223Davideqlorioso,Roma01631;
1746 1406 2063 1483 Philippus
2109 1408 2370 1467 Elsius
2419 1408 2483 1466 Ο.
2530 1410 2585 1468 S.
2619 1408 2790 1482 Aug„
2844 1405 3031 1482 Belga

417 1496 548 1554 Vita
579 1497 641 1554 di
674 1495 995 1567 Gottifredo
1025 1496 1175 1554 duca
1193 1496 1257 1553 di
1288 1496 1568 1572 Buylione
1597 1514 1688 1554 re·
1745 1492 2738 1573 (†165l)collegitEncomiasticon
2768 1496 3029 1572 anqusti-

403 1586 467 1644 di
487 1585 884 1644 Gierusaleme
904 1602 1012 1643 ove
1032 1584 1082 1642 si
1103 1584 1361 1643 descrive
1378 1582 1692 1660 l'impresa
1744 1586 2009 1661 nianum,
2062 1586 2361 1645 Bruxellis
2420 1594 2585 1649 1654
2641 1580 2740 1667 (m.
2792 1586 2919 1663 40),
2970 1582 3034 1641 in

402 1675 465 1733 di
497 1675 678 1733 Terra
708 1678 896 1744 santa,
929 1691 1036 1732 con
1070 1674 1218 1732 varii
1253 1674 1473 1749 esempi
1504 1679 1563 1732 et
1594 1692 1687 1733 os·
1746 1692 1864 1748 quo
1884 1677 2271 1733 recensentur
2288 1693 2578 1750 personae
2599 1672 2822 1732 ordinis
2842 1673 3032 1730 Erem.

404 1762 723 1822 servationi
745 1761 1059 1837 spirituali,
1092 1762 1305 1820 morali
1335 1781 1367 1821 e
1389 1762 1686 1838 politiche,
1746 1781 1790 1820 a.
1809 1764 1963 1839 Aug.
1986 1764 2318 1834 sanctitate,
2341 1763 2695 1838 praelatura,
2722 1760 3033 1838 legationi-

406 1852 671 1912 Venetiis
703 1860 899 1921 16263
939 1851 1145 1909 Teatro
1170 1851 1259 1909 de’
1278 1852 1446 1909 Santi
1476 1852 1691 1909 eBeati
1744 1851 1857 1909 bus
1889 1851 2252 1927 scriptisque
2272 1854 2667 1928 praestantes,
2691 1849 2919 1926 judicio
2940 1853 3030 1907 ta-

403 1942 555 2000 della
587 1942 742 2000 citta
786 1940 847 1997 di
894 1940 1102 1997 Parma
1134 1960 1164 1997 e
1197 1958 1303 1997 suo
1349 1940 1685 2009 TerritoriO,
1745 1958 1883 1998 men
1913 1958 2034 1998 non
2065 1942 2209 1998 satis
2229 1941 2463 2000 critico:
2498 1939 2733 1999 avidius
2753 1938 2914 1997 enim
2944 1938 3037 1995 in·

287 2068 294 2074 .
401 2031 655 2089 Parmae
693 2037 857 2090 1642
884 2051 897 2100 ;
928 2028 1258 2108 Appendice
1289 2029 1376 2088 de’
1394 2028 1522 2087 vari
1544 2029 1686 2103 Sog-
1745 2027 2102 2103 cautiusque
2161 2030 2384 2088 multos
2442 2029 2693 2088 aliorum
2758 2027 3034 2085 ordinum

403 2120 557 2196 getti
605 2117 982 2193 Parmigiani,
1036 2118 1140 2176 che
1173 2136 1206 2176 o
1251 2135 1358 2192 per
1400 2118 1586 2175 bonta
1630 2118 1692 2175 di
1747 2117 2065 2191 scriptores
2098 2135 2204 2175 suo
2246 2118 2516 2187 asseruit,
2564 2117 2727 2175 inter
2757 2133 2908 2190 quos
2940 2115 3032 2190 ip-

399 2209 530 2267 vita
561 2227 595 2266 0
625 2226 733 2283 per
763 2206 996 2283 dignita
1027 2225 1061 2265 o
1093 2224 1200 2282 per
1236 2205 1501 2264 dottrina
1546 2224 1688 2264 sono
1745 2224 1876 2263 sum
1922 2224 1964 2263 e.
1997 2206 2370 2264 Franciscum
2402 2205 2825 2264 Assisinatem:
2872 2202 3033 2261 unde

402 2297 548 2356 stati
578 2297 642 2354 in
687 2295 905 2354 diversi
946 2295 1133 2372 tempi
1176 2295 1359 2353 molto
1402 2294 1620 2353 celebri
1654 2313 1687 2352 o
1745 2295 1833 2352 nil
1877 2294 2113 2364 mirum,
2165 2294 2326 2368 quod
2373 2312 2577 2352 eorum
2622 2295 2928 2351 recenseat
2958 2290 3032 2349 ad

402 2385 650 2456 illustri,
682 2386 761 2447 ib.
804 2392 965 2446 1642
1003 2386 1110 2443 etc.
1749 2391 1938 2444 2500.
1973 2414 2057 2426 ·-
2089 2383 2408 2458 Philippus
2439 2380 2855 2458 Alegambe
2887 2380 2943 2443 S.
2976 2380 3033 2441 J.

1745 2471 2043 2529 Bruxellis
2075 2491 2132 2533 n.
2157 2480 2255 2533 22.
2280 2470 2413 2529 Jan.
2442 2480 2629 2543 1592,
2663 2468 3033 2544 aliquamdiu

496 2572 641 2626 499.
674 2563 759 2621 De
792 2561 1037 2620 historia
1054 2562 1322 2621 literaria
1339 2565 1690 2621 meruerunt
1745 2560 1808 2618 in
1841 2559 2127 2620 academia
2146 2561 2449 2637 graecensi
2468 2558 2875 2637 philosophiae
2895 2577 3033 2634 pro·

404 2655 640 2728 praeter
700 2651 1102 2728 Wadding,
1176 2651 1686 2720 Chiocarelli‚
1744 2650 1933 2708 sessor
1966 2646 2028 2731 (†
2062 2661 2116 2712 6.
2152 2649 2309 2727 Sept.
2340 2645 2552 2730 1652),
2586 2649 2762 2725 longe
2794 2666 3031 2706 accura-

403 2741 575 2800 Mich.
623 2741 791 2809 Pio,
855 2741 904 2798 B
925 2760 954 2797 r
974 2759 1008 2797 a
1029 2758 1054 2796 s
1077 2758 1104 2798 s
1125 2759 1157 2799 e
1175 2759 1218 2797 u
1238 2760 1302 2809 r,
1367 2742 1518 2818 Aug.
1568 2760 1603 2798 a
1643 2759 1688 2800 s,
1745 2739 1887 2798 tiori
1916 2738 2225 2816 diligentia
2244 2739 2624 2799 concinnavit
2649 2737 3037 2796 bibliothecam

404 2830 854 2899 FranciscO,
903 2830 974 2886 de
1017 2829 1236 2902 quibus
1277 2830 1404 2905 jam
1438 2830 1687 2905 egimus,
1747 2829 2113 2900 Scriptorum
2146 2828 2268 2890 Soc.
2302 2829 2445 2887 Jesu
2491 2831 2625 2904 post
2668 2844 2951 2885 excusum
2983 2844 3034 2885 a.

405 2919 530 2978 Val.
576 2918 956 2977 Andream
1001 2920 1064 2976 et
1114 2917 1553 2987 Swertium,
1619 2918 1690 2975 de
1756 2925 1919 2978 1608
1955 2918 2293 2994 catalogum
2323 2914 3034 2978 R.P.P.Ribadenei-

408 3008 627 3082 quibus
674 3026 839 3077 mox,
891 3007 1094 3065 Celsus
1138 3006 1211 3065 de
1260 3006 1577 3065 Rosinis
1625 3005 1689 3067 Ο.
1746 3024 1871 3063 rae
1903 3005 2026 3063 Soc.
2058 3005 2325 3081 ejusdem
2356 3006 2634 3083 theologi,
2657 3004 3035 3079 Antwerpiae

407 3097 554 3160 Cler.
586 3115 712 3155 can.
744 3115 864 3172 reg.
899 3096 1018 3165 lat„
1051 3095 1250 3164 abbae,
1300 3095 1469 3170 cujus
1500 3097 1691 3153 exstat
1753 3102 1919 3156 1643
1954 3094 2018 3151 in
2036 3093 2107 3164 f.;
2143 3095 2372 3153 accedit
2404 3096 2711 3171 catalogus
2732 3093 3032 3170 religioso-

405 3187 621 3262 lyceum
664 3186 1021 3243 lateranense
1065 3183 1391 3241 illustrium
1436 3183 1688 3258 scripto·
1746 3201 1882 3240 rum
1916 3182 1970 3239 S.
2001 3180 2041 3239 J
2044 3226 2075 3251 .,
2125 3184 2228 3258 qui
2261 3184 2550 3242 hactenus
2596 3201 2701 3258 pro
2750 3182 3035 3240 catholica

403 3294 539 3333 rum
574 3292 620 3333 s.
652 3273 959 3349 apostolici
990 3273 1213 3330 ordinis
1242 3292 1361 3349 reg.
1394 3272 1529 3331 cler.
1561 3289 1688 3330 can.
1746 3270 1861 3329 fide
1894 3273 1954 3328 et
1998 3272 2222 3345 pietate
2252 3273 2314 3329 in
2359 3272 2541 3329 variis
2585 3270 2795 3328 mundi
2842 3268 3032 3345 plagis

407 3363 727 3422 Salvatoris
762 3361 1147 3420 lateranensis
1178 3362 1372 3438 elogia
1402 3361 1461 3418 ll.
1484 3360 1585 3418 XX
1616 3361 1690 3419 ad
1748 3361 2089 3434 interempti
2138 3364 2309 3424 sunt:
2361 3378 2537 3435 quem
2588 3359 2925 3434 catalogum
2966 3357 3034 3414 in

404 3452 729 3511 faciliorem
776 3450 1038 3509 ordinem
1074 3451 1320 3527 digesta,
1372 3450 1435 3508 in
1468 3449 1689 3525 quibus
1746 3468 1899 3524 opus
1931 3444 2287 3531 dilatavit²)‚
2337 3448 2432 3507 cui
2467 3451 2758 3506 extremos
2806 3445 3036 3520 aliquot

405 3559 611 3600 eorum
643 3558 822 3616 opera
853 3539 1011 3597 edita
1055 3542 1439 3597 recensentur
1477 3539 1689 3597 editio·
1747 3556 1932 3596 annos
1981 3543 2314 3612 mortesque
2358 3538 2627 3594 illustres
2668 3534 2741 3593 ad
2774 3555 2823 3597 a.
2866 3543 3030 3595 1655

406 3648 630 3705 nesque
661 3631 947 3688 notantur
990 3631 1052 3686 et
1085 3647 1238 3703 quae
1277 3646 1414 3686 msc.
1459 3628 1693 3703 integra
1749 3626 1966 3702 adjecit
1993 3625 2255 3685 Joannes
2285 3625 2577 3684 Nadasi
2611 3624 2874 3699 ejusdem
2910 3624 3032 3682 Soc.

405 3719 798 3794 reliquerunt,
833 3717 896 3775 in
928 3717 1149 3792 quibus
1187 3716 1565 3775 bibliothecis
1597 3734 1690 3774 as·
1745 3716 1800 3775 J.
1856 3712 1917 3796 (†
1971 3711 2196 3795 1679),
2260 3717 2478 3773 Romae
2536 3721 2697 3776 1657
2750 3713 2814 3770 in
2865 3711 2902 3769 f.
2945 3744 3033 3755 --

405 3811 734 3877 serventur,
771 3805 1105 3873 adducitur,
1158 3806 1406 3864 Cesenae
1443 3814 1613 3867 1649
1647 3808 1688 3862 t.
1748 3804 2085 3862 Praeiverat
2129 3804 2337 3863 Daniel
2383 3802 2667 3862 Hainal
2702 3803 2755 3865 S.
2788 3801 2842 3859 J.
2890 3801 3036 3859 Sile-

410 3906 443 3958 2
481 3896 543 3955 iu
575 3896 610 3954 f.
648 3893 748 3977 (m.
786 3893 914 3976 30).
944 3929 1031 3938 --
1064 3893 1325 3953 Joannes
1356 3894 1426 3952 le
1458 3894 1691 3969 Paige
1750 3894 1875 3952 sius
1907 3891 2131 3951 Graecii
2164 3892 2461 3968 professor
2482 3890 2541 3971 (†
2564 3902 2617 3953 9.
2639 3892 2791 3967 Aug.
2821 3886 3032 3965 1661),

406 3986 675 4064 (Pagius)
710 3985 773 4044 O.
817 3985 1061 4052 Praem.‚
1115 3983 1415 4041 Sorbonae
1466 3983 1690 4051 doctor,
1748 3983 1854 4057 qui
1901 3982 2144 4058 collegit
2193 3982 2431 4040 Centum
2465 3982 2523 4039 S.
2555 3980 2616 4039 J.
2661 3981 2883 4057 heroes,
2931 3979 3037 4054 qui

1747 4071 1857 4129 hoc
1889 4071 2083 4145 primo
2114 4072 2313 4129 seculo
2345 4089 2414 4129 ex
2446 4070 2790 4146 theologica,
2840 4068 3034 4144 philo·

1751 4157 1994 4235 sophica
2038 4163 2098 4217 et
2130 4159 2529 4218 humanistica
2573 4159 2855 4217 facultate
2895 4174 3033 4231 pro-

408 4228 722 4282 tablement
759 4243 839 4279 un
865 4226 1090 4278 homme
1128 4225 1242 4277 tres
1268 4223 1692 4294 remurquable;
1751 4249 2010 4318 dierunt,
2061 4249 2286 4307 Graeeii
2326 4257 2511 4310 1640.
2558 4281 2644 4290 —
2687 4244 3035 4304 Franciscus

408 4298 474 4352 V.
504 4299 572 4353 de
601 4297 752 4351 Buck
786 4296 846 4349 in
875 4297 1003 4349 diss.
1034 4294 1476 4362 L‘Archeologie
1520 4294 1694 4347 Irlan-
1880 4336 1892 4348 .
2164 4337 2175 4348 .
2255 4337 2265 4349 .
2984 4331 2995 4342 .

408 4368 562 4424 daise
589 4387 662 4423 au
690 4370 933 4422 convent
949 4367 1016 4420 de
1035 4365 1086 4422 S.
1109 4369 1239 4421 Ant.
1256 4366 1322 4418 de
1341 4365 1473 4419 Pad.
1501 4369 1534 4418 a
1558 4365 1694 4418 Lou-
1749 4338 1934 4395 marm
1966 4337 2236 4413 ΤΟῙὝῙΕ
2251 4357 2271 4394 ¹
2287 4356 2329 4394 ¹²
2347 4355 2373 4394 S
2405 4338 2639 4411 praeter
2682 4332 2861 4410 Plura
2891 4332 3034 4390 mh·

407 4443 541 4494 vain
567 4440 627 4493 in
654 4439 870 4493 Etudes
895 4437 1056 4507 relig.
1085 4436 1241 4490 Paris
1267 4440 1407 4493 1869
1435 4454 1490 4505 p.
1515 4440 1692 4493 408-
1752 4427 1886 4501 quit
1917 4426 1957 4489 1.
1990 4427 2058 4483 de
2088 4426 2487 4483 cardinalibus
2507 4424 2564 4481 S.
2587 4423 2660 4485 R.
2680 4423 2750 4480 E.
2784 4421 3033 4495 scripto-

408 4515 547 4581 4373
587 4513 887 4573 586—603,
927 4511 988 4562 et
1029 4507 1294 4566 seorsim;
1338 4507 1549 4560 Reeves
1581 4508 1689 4560 Me·
1750 4515 1935 4584 ribus,
1968 4515 2182 4572 Romae
2225 4522 2410 4576 1641,

408 4582 553 4634 moir
578 4583 643 4635 of
663 4584 743 4635 St.
769 4579 859 4634 W.
888 4580 1020 4634 read
1049 4579 1237 4633 before
1266 4579 1363 4632 the
1389 4579 1453 4631 R.
1478 4578 1529 4633 J.
1555 4579 1694 4631 Aca-

409 4654 576 4721 demy
602 4657 691 4711 30.
717 4653 860 4706 Nov.
897 4657 1053 4710 1861.
1828 4653 1867 4705 11
1896 4649 1958 4699 ln
1987 4646 2164 4717 praef.
2192 4644 2398 4698 Annal.
2427 4643 2508 4696 Cf.
2529 4642 2835 4696 Goovaerts
2853 4639 3032 4693 Ecriv.

491 4732 523 4788 ¹)
553 4723 633 4777 Cf.
662 4724 790 4777 Affo
831 4722 1100 4777 Memorie
1143 4719 1299 4791 degli
1340 4720 1529 4774 Scritt.
1569 4737 1695 4788 par·
1752 4721 1820 4773 de
1846 4709 1886 4771 l’
1901 4718 2063 4771 ordre
2090 4718 2159 4770 de
2188 4716 2368 4769 Prem.
2395 4716 2463 4779 11,
2491 4719 2681 4771 7—10.

409 4810 556 4864 meg.
589 4796 651 4861 V,
678 4799 906 4852 55—61.
939 4849 942 4856 ,
1828 4793 1868 4862 2)
1897 4787 1977 4848 Cf.
2007 4786 2424 4855 Sommervogel
2452 4786 2493 4852 1,
2523 4787 2819 4841 151-155.
