3625 5193
604 240 727 294 475

841 228 1212 281 1601-1620.
1232 222 1282 277 S.
1303 224 1628 292 scripturae
1644 224 1936 292 interpret.
1954 223 2016 276 in
2034 222 2190 290 Hisp.
2220 223 2555 291 Sotomajor,
2571 223 2657 279 Jo.
2674 241 2708 277 a
2723 242 2765 281 a.
2786 224 2982 291 Maria,

3093 243 3217 295 476

596 410 731 468 duci
765 410 981 484 potuit,
1017 414 1086 466 ut
1117 429 1185 467 ex
1231 410 1312 467 eis
1358 409 1583 484 aliquid
1627 411 1689 468 in
1719 410 1872 485 pub·
1933 408 2087 484 plius
2135 408 2306 467 annis
2352 408 2692 485 primariam
2741 410 3077 468 moderatus
3127 417 3219 470 est

595 500 762 557 licam
810 499 998 556 lucem
1032 498 1362 566 emitteret;
1394 499 1752 573 importunis
1784 502 1875 556 ta-
1934 516 1976 555 s.
2012 497 2354 571 Scripturas
2388 495 2742 556 cathedram.
2797 498 2984 557 Tanta
3015 504 3219 559 autem

594 608 729 646 men
775 587 1096 645 amicorum
1152 588 1345 645 victus
1391 587 1666 662 precibus
1714 588 1877 662 prelo
1933 587 2265 645 attentione
2296 590 2359 643 et
2387 585 2569 644 animi
2602 587 2811 645 ardore
2858 589 3217 647 concinnan-

595 677 888 735 commisit
936 675 1198 750 praefata
1244 677 1664 734 commentaria
1711 678 1878 735 Com-

596 766 754 843 pluti
799 774 958 827 1588
998 766 1109 823 vol.
1135 775 1168 826 2
1194 765 1255 823 in
1281 774 1335 825 4.
1369 766 1685 823 Eruditum
1707 766 1879 840 plane

597 854 1073 930 profundumque
1123 873 1290 930 opus,
1344 855 1655 930 omnigena
1697 855 1878 912 refer-

595 949 727 1001 tum
759 943 1112 1010 eruditione,
1154 942 1312 1017 quod
1344 943 1645 1002 hominem
1679 943 1880 1019 arguit

595 1051 716 1091 non
748 1033 810 1090 in
843 1051 918 1092 ss.
955 1036 1192 1106 patrum
1225 1033 1475 1090 lectione
1495 1036 1749 1101 tantum,
1773 1032 1879 1090 sed

596 1122 660 1179 in
714 1121 1002 1179 hebraicis
1053 1121 1396 1196 graecisque
1445 1121 1877 1197 interpretibus

597 1211 831 1288 egregie
865 1214 1183 1278 versatum,
1208 1209 1472 1285 adeoque
1504 1210 1716 1268 merito
1750 1209 1876 1268 lau·

595 1299 799 1357 datum
833 1319 866 1357 a
898 1298 1020 1357 viro
1066 1299 1469 1357 eruditissimo
1517 1299 1722 1356 Garcia
1766 1300 1876 1358 Lo-

598 1406 742 1463 aysa
786 1387 1075 1463 singulari
1120 1387 1256 1445 data
1303 1388 1374 1445 ad
1407 1389 1704 1447 auctorem
1751 1389 1875 1463 epi-

597 1478 746 1535 stola
794 1477 984 1533 eidem
1030 1478 1193 1551 operi
1237 1477 1509 1552 praefixa,
1558 1482 1616 1534 et
1647 1498 1680 1534 a
1713 1477 1876 1535 Chri-

598 1566 880 1640 stophoro
922 1565 1213 1624 Collantes
1248 1567 1302 1623 S.
1336 1565 1408 1638 J.,
1443 1565 1547 1624 sed
1578 1570 1638 1623 et
1669 1587 1701 1622 a
1733 1567 1874 1623 Pos-

599 1654 818 1716 sevinO.
851 1653 953 1728 qui
987 1654 1160 1710 illum
1193 1653 1415 1713 nemini
1447 1673 1669 1723 eorum,
1693 1655 1879 1730 quiin

597 1743 755 1800 idem
787 1743 1080 1801 canticum
1114 1743 1474 1801 canticorum
1495 1746 1669 1801 antea
1689 1743 1875 1816 scrip-

598 1832 803 1900 serint,
827 1832 1032 1889 cedere
1048 1849 1148 1889 cen
1158 1835 1262 1890 set.
1297 1832 1496 1890 Refert
1519 1836 1716 1890 autem
1738 1850 1876 1890 auc-

598 1925 694 1979 tor
725 1921 920 1978 omnia
950 1920 1024 1978 ad
1055 1919 1378 1979 Ecclesiam
1426 1924 1739 1996 utramque
1771 1941 1877 1979 an·

598 2009 801 2084 tiquae
847 2009 993 2087 legis
1037 2013 1100 2066 et
1142 2028 1325 2068 novae
1345 2006 1404 2090 ¹).
1439 2043 1525 2055 --
1557 2010 1729 2068 Alter
1761 2011 1881 2069 fuit

598 2099 792 2174 patria
814 2098 1242 2173 Olisiponensis
1263 2099 1438 2156 natus
1454 2117 1499 2157 c.
1520 2109 1593 2161 15
1608 2108 1703 2162 26.
1724 2101 1878 2157 Nac-

598 2191 699 2245 tus
732 2189 988 2263 optimos
1021 2189 1335 2264 magistros
1368 2187 1609 2246 eximios
1642 2189 1784 2246 fecit
1816 2189 1878 2245 in

599 2276 898 2352 theologia
957 2294 1325 2352 progressus,
1390 2276 1490 2334 sed
1543 2281 1605 2335 et
1654 2277 1878 2354 linguis

600 2382 839 2440 graecae
889 2365 1311 2441 hebraicaeque
1371 2365 1637 2424 animum
1687 2366 1878 2442 appli-

601 2453 743 2523 cuit,
792 2473 1045 2528 quarum
1091 2454 1407 2528 perfectam
1440 2454 1690 2529 adeptus
1722 2455 1878 2529 peri-

600 2542 746 2601 tiam
793 2543 950 2601 viam
997 2543 1110 2601 sibi
1156 2543 1296 2600 fecit
1340 2542 1413 2601 ad
1466 2561 1509 2601 s.
1545 2543 1880 2619 Scripturae

600 2635 1062 2705 sanctorumque
1121 2635 1358 2705 patrum
1406 2632 1877 2708 intelligentiam,

599 2739 748 2795 quos
781 2720 884 2777 ille
918 2739 1023 2777 sua
1055 2720 1264 2794 lingua
1294 2720 1608 2793 loquentes
1646 2722 1880 2779 assidue

599 2809 847 2884 legebat,
883 2813 942 2865 et
975 2827 1039 2864 ex
1068 2809 1152 2867 eis
1172 2807 1725 2883 sacraeScripturae
1747 2828 1881 2867 sen·

601 2915 702 2955 sus
748 2898 832 2953 ita
878 2897 1155 2954 censebat
1199 2897 1573 2968 hauriendos,
1622 2901 1693 2955 ut
1736 2899 1881 2956 nihil

598 2992 842 3063 saperet,
876 2985 1299 3059 pronunciaret
1328 2985 1537 3063 adagio
1570 2986 1685 3045 sibi
1705 2986 1879 3045 fami-

601 3073 753 3141 liari,
800 3076 898 3148 qui
928 3074 1051 3131 sine
1072 3074 1346 3146 patribus
1383 3074 1687 3154 saper-eff).
1734 3076 1879 3135 Cum

603 3181 736 3235 spes
765 3162 1074 3238 affulgeret
1104 3164 1505 3222 restituendae
1524 3164 1662 3222 fidei
1681 3166 1879 3223 catho-

603 3251 748 3308 licae
782 3251 842 3307 in
874 3252 1093 3328 Anglia
1124 3253 1234 3310 sub
1266 3252 1450 3310 Maria
1481 3254 1700 3330 regina,
1734 3253 1880 3311 illuc

600 3339 935 3399 destinatus
982 3342 1097 3398 fuit
1141 3360 1277 3400 cum
1324 3342 1458 3400 aliis
1505 3343 1692 3401 doctis
1739 3343 1881 3400 viris

600 3429 831 3488 scholas
877 3430 1268 3489 humanitatis
1314 3450 1514 3507 regere
1557 3432 1766 3505 jussus
1806 3427 1879 3511 (c.

604 3540 651 3575 a.
697 3514 907 3597 1554).
943 3518 1067 3586 Qua
1099 3537 1202 3594 spe
1223 3524 1466 3595 propter
1484 3520 1703 3578 Mariae
1723 3539 1878 3577 mor-

551 3648 561 3657 .
602 3612 721 3663 tem
735 3611 1121 3664 evanescente
1143 3609 1205 3665 in
1217 3609 1488 3684 Belgium
1505 3608 1698 3679 rediit,
1713 3609 1877 3666 hinc-

599 3715 714 3769 que
748 3713 808 3753 se
842 3696 905 3752 in
947 3696 1315 3753 Germaniam
1347 3698 1618 3765 contulit,
1654 3702 1716 3756 et
1749 3698 1879 3756 red-

599 3784 900 3859 integrata
960 3784 1183 3857 synodo
1253 3785 1579 3843 tridentina
1651 3782 1878 3866 (1561)

596 3872 775 3947 jussu
809 3872 1141 3929 Sebastiani
1163 3874 1319 3947 regis
1341 3873 1427 3929 illi
1450 3874 1743 3931 interfuit.
1768 3875 1879 3931 Re·

601 3960 810 4017 ducem
855 3979 889 4016 a
935 3961 1184 4018 concilio
1231 3980 1361 4018 mox
1410 3961 1564 4019 idem
1611 3981 1727 4031 rex,
1774 3964 1879 4037 qui

599 4048 879 4106 Ludovici
893 4048 1218 4106 doctrinam
1231 4048 1732 4124 eruditionemque
1747 4071 1880 4125 pro·

602 4136 673 4192 be
707 4140 896 4201 norat,
945 4137 1014 4193 ad
1065 4136 1477 4195 illustrandam
1524 4140 1881 4197 academiam

604 4225 1124 4282 conimbricensem
1159 4225 1499 4295 destinavit,
1523 4229 1585 4286 in
1607 4248 1722 4303 qua
1745 4247 1880 4286 cum

604 4314 831 4389 ingenti
863 4314 1120 4371 nominis
1154 4314 1244 4371 sui
1267 4315 1423 4374 fama
1442 4317 1653 4393 viginti
1676 4321 1736 4376 et
1757 4339 1879 4375 atn-

682 4487 715 4531 1'·
745 4483 825 4534 Cf.
857 4482 1075 4535 Echard
1107 4484 1170 4547 II,
1200 4489 1320 4541 355.

678 4558 716 4605 fv
746 4553 964 4606 Echard
993 4555 1059 4617 11,
1085 4560 1206 4611 374.
1259 4556 1513 4611 Ceterum
1550 4557 1695 4610 alius
1723 4558 1769 4611 is
1797 4561 1883 4611 est

601 4639 634 4675 a
665 4623 705 4675 F
723 4644 751 4677 e
768 4642 794 4676 r
810 4624 842 4675 d
862 4625 878 4675 i
896 4643 934 4677 n
952 4642 979 4678 a
1000 4645 1036 4679 n
1053 4626 1088 4678 d
1105 4644 1135 4680 o
1165 4628 1232 4680 de
1261 4629 1594 4697 Sotomajor,
1622 4629 1721 4696 qui
1749 4630 1880 4681 scri-

1934 675 2025 732 dis
2047 674 2536 750 perficiendisque
2558 676 2680 734 suis
2697 677 2763 733 in
2784 695 2826 733 a.
2850 676 3039 735 biblia
3060 697 3217 737 com·

1932 764 2241 823 mentariis
2290 764 2584 833 incubuit,
2637 768 2707 822 ut
2758 784 2937 823 manu
2984 765 3223 825 dextera

1935 872 2003 910 ex
2034 853 2339 911 articulari
2371 853 2578 911 morbo
2613 853 2813 912 inutili
2856 854 3089 913 reddita
3137 856 3221 913 si·

1935 941 2124 999 nistra
2154 942 2227 999 ad
2262 941 2641 1000 scribendum
2673 942 2953 1001 facillime
2978 945 3220 1002 tandem

1934 1033 1995 1088 et
2025 1031 2143 1090 cito
2164 1048 2309 1088 usus
2330 1030 2527 1088 fuerit.
2563 1030 2726 1089 Obiit
2751 1041 2848 1092 29.
2873 1032 3013 1106 Maji
3049 1044 3214 1096 1610

1932 1139 1981 1177 a.
2015 1120 2226 1177 aetatis
2263 1129 2361 1182 84.
2397 1121 2512 1177 Sua
2542 1119 2604 1178 in
2633 1120 2825 1177 lucem
2846 1122 3017 1179 edere
3041 1140 3217 1181 cunc·

1933 1212 2158 1266 tantem
2193 1208 2458 1266 Clemens
2490 1208 2644 1266 VIII.
2694 1209 3017 1283 diplomate
3069 1229 3219 1285 pon-

1932 1297 2115 1355 tificio
2164 1297 2591 1371 perhonorifico
2641 1305 2738 1360 28.
2793 1299 2989 1356 Martii
3051 1309 3212 1362 1597

1933 1386 2231 1455 excitavit,
2254 1386 2350 1443 cui
2385 1392 2452 1443 ut
2470 1391 2721 1461 pareret,
2745 1387 2906 1461 typis
2923 1388 3223 1445 commisit

1936 1474 2238 1532 volumina
2269 1474 2400 1543 tria,
2435 1493 2687 1549 quorum
2711 1475 2956 1533 titulus:
2994 1478 3218 1534 Cantici

1932 1566 2284 1621 canticorum
2316 1563 2641 1621 Salomonis
2662 1567 3072 1638 interpretatiO,
3096 1566 3218 1623 Oli-

1934 1652 2138 1726 sipone
2169 1662 2329 1714 1599
2354 1653 2418 1709 in
2437 1652 2506 1722 f.;
2545 1663 2728 1721 16013
2763 1653 3002 1711 Parisiis
3030 1664 3217 1723 16053

1933 1742 2031 1799 Ad
2076 1743 2364 1800 canticam
2413 1743 2769 1799 canticorum
2822 1749 2987 1799 notae
3028 1751 3218 1815 poste·

1934 1832 2118 1888 riores
2149 1834 2201 1888 et
2232 1830 2529 1906 brevioreS,
2567 1830 2643 1887 ib.
2676 1840 2782 1891 161
2810 1843 2829 1893 l
2874 1833 2938 1888 in
2971 1841 3044 1900 4.‚
3069 1849 3217 1906 quas

1936 1919 2054 1978 scil.
2089 1923 2225 1994 post
2258 1919 2625 1993 superiorem
2658 1919 3217 1994 interpretationem

1933 2027 1964 2065 e
2011 2008 2285 2065 manibus
2333 2008 2606 2065 emissam
2658 2008 2989 2084 collegerat.
3048 2009 3215 2066 Com·

1934 2099 2253 2155 mamarius
2302 2097 2387 2154 ad
2420 2099 2685 2169 priorem
2736 2106 2785 2154 et
2832 2100 3216 2171 posteriorem

1934 2184 2106 2243 Pauli
2137 2205 2229 2260 ap.
2264 2188 2559 2260 epistola-m
2578 2187 2657 2243 ad
2682 2187 3034 2244 Timotheum
3048 2187 3218 2245 item·
3296 2202 3307 2215 ·

1934 2293 2049 2349 que
2085 2277 2144 2331 in
2175 2275 2470 2349 epistolam
2502 2275 2580 2332 ad
2632 2276 2840 2345 Titum,
2893 2275 2971 2332 ib.
3030 2286 3215 2336 1610.

1937 2363 2089 2420 Sunt
2134 2365 2274 2420 haec
2320 2364 2742 2421 commentaria
2782 2361 3058 2422 omnibus
3090 2384 3216 2423 om-

1933 2452 2098 2509 nium
2120 2451 2573 2526 disciplinarum
2594 2470 2906 2528 conspersa
2937 2453 3215 2524 flosculis,

1936 2558 2084 2613 quos
2127 2540 2392 2599 studium
2428 2541 2738 2617 multiplex
2771 2560 2836 2600 ac
2868 2541 3218 2600 felicissima

1935 2629 1990 2686 ei
2035 2630 2454 2704 suppeditabat
2504 2632 2779 2689 memoria
2837 2649 3063 2689 necnon
3095 2631 3214 2690 sin-

1934 2718 2157 2794 gularis
2187 2719 2499 2789 industria,
2534 2738 2842 2794 nunquam
2875 2720 3031 2777 enim
3058 2721 3217 2796 lege-

1935 2807 2056 2875 bat,
2091 2808 2239 2882 quin
2272 2809 2453 2867 simul
2485 2811 2813 2870 annotaret.
2858 2842 2940 2851 —
2987 2809 3020 2867 ,J
3041 2828 3215 2868 oan-

1935 2914 2059 2954 nes
2092 2917 2124 2954 a
2155 2897 2303 2955 Jesu
2336 2898 2534 2960 Maria,
2571 2901 2746 2956 antea
2789 2898 2985 2956 dictus
3032 2898 3217 2957 Joan·

1935 3003 2039 3043 nes
2072 2984 2143 3044 de
2175 3005 2216 3044 s.
2250 2987 2426 3044 Petro
2457 3005 2512 3047 ιι.
2552 2995 2649 3049 27.
2683 2986 2818 3049 Jan.
2860 2996 3024 3049 1564
3049 2987 3216 3045 Cala·

1934 3075 2299 3149 gurritanuS‚
2335 3075 2406 3133 ad
2439 3075 2812 3133 reformatam
2859 3077 3214 3134 excalceato-

1935 3181 2067 3219 rum
2115 3164 2546 3222 carmelitarum
2591 3164 2874 3223 farm'liam
2914 3172 3078 3227 1582
3115 3163 3217 3222 ad·

1938 3251 2156 3309 missus
2189 3256 2297 3310 est.
2331 3252 2477 3310 Cum
2509 3253 2573 3309 in
2605 3253 2922 3330 singularis
2955 3254 3214 3327 pruden-

1934 3340 2053 3397 tiae
2087 3345 2268 3416 atque
2318 3342 2671 3400 eruditionis
2719 3342 3016 3416 simulque
3062 3343 3216 3400 inte·

1935 3429 2173 3503 gritatis
2207 3434 2267 3487 et
2297 3430 2669 3490 innocentiae
2701 3432 2894 3489 virum
2914 3431 3214 3497 evasisset,

1935 3517 2021 3575 ire
2067 3519 2131 3575 in
2176 3519 2410 3576 Italiam
2450 3522 2655 3594 jussus
2702 3526 2792 3577 est
2841 3520 3216 3595 propagando

1936 3606 2214 3665 strictiori
2249 3608 2386 3665 huic
2418 3610 2539 3667 Deo
2571 3608 2865 3667 serviendi
2899 3612 3080 3683 atque
3113 3609 3217 3667 ho-

1934 3696 3006 3771 minibusproficiendiinstituto,quod
3019 3698 3216 3755 effhe-

1935 3785 2143 3843 resiam
2178 3790 2240 3844 et
2271 3806 2313 3847 s,
2344 3785 2382 3842 J
2386 3804 2636 3845 oannem
2667 3806 2701 3843 a
2733 3787 2915 3844 Cruce
2942 3790 3214 3844 auctores

1936 3892 2054 3931 non
2088 3874 2315 3931 dudum
2348 3875 2650 3934 habuerat.
2697 3875 3000 3933 Gradatim
3045 3874 3215 3933 func-

1936 3968 2035 4021 tus
2069 3966 2159 4020 est
2192 3982 2435 4021 munere
2467 3964 2817 4036 definitori8‚
2843 3963 2982 4022 dein
3002 3982 3215 4038 procu-

1935 4052 2165 4122 ratoriS,
2227 4051 2461 4110 demum
2524 4052 2849 4128 praepositi
2906 4052 3213 4128 generalis.

1938 4141 2150 4216 Magno
2200 4141 2262 4197 in
2308 4143 2496 4216 pretio
2545 4142 2778 4199 habitus
2818 4142 2937 4199 fuit
2969 4161 3003 4198 a
3036 4141 3217 4199 Paulo

1938 4229 2021 4296 V.‚
2057 4249 2090 4286 a
2137 4229 2494 4288 Bellarmino
2541 4234 2602 4289 et
2646 4251 2679 4288 a
2726 4249 2768 4287 S·
2802 4230 3004 4287 Franc.
3058 4230 3216 4287 Sales

1939 4314 1998 4398 (†
2035 4329 2112 4379 28
2149 4318 2283 4393 Maj.
2338 4316 2543 4398 1615).
2594 4321 2802 4377 Plures
2848 4322 2984 4393 post
3032 4336 3091 4375 se
3126 4337 3215 4375 re·

1936 4406 2114 4479 liquit
2164 4407 2463 4465 doctrinae
2522 4407 3029 4466 fructuosissimae
3080 4425 3214 4464 eru·

1936 4494 2297 4569 ditionisque
2373 4497 2689 4571 piissimae,
2768 4515 2885 4569 qua
2964 4495 3078 4553 sibi
3157 4498 3217 4551 et

1936 4584 2070 4641 aliis
2133 4586 2468 4658 praelucere
2519 4590 2696 4660 atque
2748 4584 3027 4658 opitulari
3077 4603 3213 4642 con-

603 4695 718 4762 psit
742 4699 986 4750 lissam-ia
1025 4702 1087 4752 de
1125 4704 1176 4752 Ia
1210 4703 1406 4767 Lefle'on
1445 4704 1636 4767 thebea,
1663 4701 1881 4752 Matriti
1938 4677 2164 4731 stanter
2243 4674 2447 4741 Vomit’
2534 4693 2654 4732 non
2736 4673 3216 4731 intermoriturae

603 4771 740 4823 1596
765 4767 824 4819 iu
851 4773 899 4824 4.

1936 4761 2072 4819 fidei
2153 4765 2212 4819 et
2291 4762 2475 4820 famae
2554 4768 2737 4821 testes
2821 4761 3018 4829 libros,
3111 4762 3216 4835 qui
