3625 5193
331 4871 400 4922 Ἃ

571 263 688 317 331
940 245 1593 304 1621—1640.·.Historia
1617 245 1806 301 eccles.
1834 243 2219 315 Dempsterus,
2246 243 2549 317 Cypraeus,
2575 245 2822 300 Blascus.
3063 260 3195 316 832

565 432 682 494 viri
701 433 1050 501 sanctitate,
1076 428 1286 503 literis,
1309 430 1705 508 dignitatibus
1724 433 1853 490 toto
1909 430 2037 507 glos
2067 433 2130 489 et
2159 427 2471 489 Hibernos.
2500 430 2665 489 .Inde
2700 432 2876 499 enata
2918 434 3012 488 est
3054 448 3196 489 con-

565 523 708 582 orbe
751 522 1033 591 illustres,
1086 523 1148 579 et
1192 520 1450 580 familiae
1499 521 1681 579 etiam
1725 538 1850 580 soo-
1904 519 2197 578 troversia
2241 520 2392 578 acris
2438 523 2503 578 et
2558 518 2768 578 biliosa
2825 537 2958 577 cum
3008 519 3199 594 scrip*

565 612 714 670 ticae
763 611 826 669 in
867 611 1069 669 varias
1117 609 1298 668 urbes
1356 609 1743 669 transmissae
1790 613 1853 668 et
1906 611 2034 667 tore
2064 607 2313 668 hiberno
2332 626 2642 685 anonymo,
2676 610 2848 683 cujus
2880 606 3033 667 liber
3055 626 3198 666 cum

565 700 875 777 praecipue
887 699 1249 758 Placentiam
1262 702 1661 758 recensentur.
1683 699 1851 759 Prae·
1911 697 2239 772 Dempsteri
2271 698 2655 774 responsione
2703 696 3043 773 prohibitus
3076 697 3204 756 fuit

564 789 807 848 miserat
829 790 950 865 jam
983 808 1032 852 a.
1075 796 1244 851 1622
1276 787 1354 845 ib.
1388 788 1461 855 ad
1491 806 1622 847 eam
1641 789 1849 867 Appa-
1906 806 1942 845 a
1971 787 2428 864 congregatione
2457 786 2680 846 Indicis
2717 796 2819 852 27.
2840 786 2964 845 Oct.
3007 795 3194 849 1623.

563 882 783 951 ratum,
799 896 933 937 cum
949 878 1258 953 menoloqio
1269 877 1568 936 Scotorum
1582 895 1690 935 seu
1701 896 1852 935 mar·
2272 874 2279 881 ’

563 967 863 1045 tyrologio
885 968 1103 1026 scotico
1130 970 1192 1025 et
1211 967 1641 1025 nomenclatura
1663 966 1846 1042 scrip·
1998 974 2143 1027 347.
2176 965 2378 1041 Magni
2426 966 2582 1024 fiunt
2631 963 2881 1023 Joannis
2932 964 3197 1039 Adelphi

563 1060 762 1115 torum
797 1060 1122 1125 scotorum,
1158 1073 1312 1129 opus
1345 1074 1548 1114 rarum
1586 1051 1680 1136 (fr.
1718 1049 1847 1134 45).
1906 1053 2251 1129 Cypraei,
2299 1054 2599 1129 quondam
2644 1053 2948 1112 lutherani
2989 1055 3192 1128 pasto-

563 1146 814 1205 Natione
847 1145 965 1204 fuit
995 1142 1247 1203 Thomas
1279 1144 1511 1213 Scotus‚
1551 1148 1849 1219 natusque
1903 1140 1988 1199 ris
2022 1141 2418 1214 slesvicensis,
2468 1143 2568 1202 sed
2601 1161 2651 1201 a.
2692 1151 2858 1204 1633
2899 1140 2975 1199 ad
3014 1140 3197 1199 fidem

564 1238 654 1294 est
703 1243 800 1296 23.
834 1235 986 1311 Aug.
1044 1242 1206 1295 1579
1254 1233 1420 1291 inter
1468 1242 1546 1294 29
1582 1232 1737 1292 filios
1788 1234 1850 1290 et
1905 1230 2255 1289 catholicam
2287 1232 2571 1302 conversi,
2614 1232 2874 1290 Annales
2903 1231 3198 1304 episcopo-

563 1324 718 1383 filias
741 1332 840 1385 24.
873 1324 945 1381 In
964 1322 1189 1392 Galliis,
1220 1323 1445 1398 Belgio,
1466 1321 1850 1398 postmodum
1903 1338 2038 1377 rum
2070 1316 2487 1379 slesvicensium
2518 1320 2697 1379 unius
2729 1338 2920 1389 verae,
2953 1323 3200 1378 sanctae

563 1414 625 1472 in
656 1412 832 1471 Italia
860 1412 1018 1471 vitae
1064 1410 1362 1486 reliquum
1407 1411 1621 1487 exegit,
1668 1415 1850 1485 atque
1906 1411 1967 1466 et
1996 1409 2352 1484 apostolicae
2382 1409 2674 1469 Ecclesiae
2718 1412 2957 1477 statum,
2996 1408 3193 1484 quoad

565 1501 883 1560 defunctus
915 1504 1009 1560 est
1039 1500 1339 1558 Bononiae
1373 1509 1427 1561 6.
1463 1500 1619 1575 Sept.
1662 1508 1847 1569 1625,
1905 1497 2034 1572 ejus
2067 1497 2375 1573 originem,
2420 1498 2905 1575 propagationem
2949 1515 3017 1555 ac
3058 1502 3190 1555 mu÷

563 1591 670 1649 ubi
715 1589 942 1664 aliquot
986 1606 1171 1648 annos
1216 1588 1419 1647 literas
1463 1588 1848 1647 humaniores
1906 1587 2194 1646 tationem
2226 1588 2292 1645 in
2335 1606 2519 1664 regno
2554 1587 2771 1646 Daniae
2803 1582 2870 1645 a'c
2918 1586 3197 1645 finitimis

564 1679 782 1738 docuit.
845 1677 1192 1737 celebratur
1252 1678 1494 1753 quidem
1543 1680 1850 1753 praestans
1907 1675 2154 1735 Slesvici
2185 1678 2248 1735 et
2278 1676 2579 1736 Holsatiae
2625 1676 2960 1746 ducatibus,
3008 1675 3190 1733 alias·

562 1768 730 1828 illius
755 1767 1054 1836 memoria,
1088 1766 1230 1825 adeo
1261 1769 1337 1825 ut
1352 1766 1589 1835 diceret,
1622 1767 1849 1825 nescire
1904 1782 2022 1839 que
2069 1783 2164 1823 res
2215 1766 2427 1840 quovis
2475 1766 2673 1825 seculo
2718 1765 2782 1824 in
2822 1763 3087 1824 Ecclesia
3125 1780 3197 1822 ac

564 1876 645 1928 se,
678 1856 820 1932 quid
856 1858 936 1915 sit
968 1856 1207 1925 oblivio,
1255 1858 1317 1914 et
1345 1855 1602 1915 infracta
1630 1855 1850 1915 laboris
1907 1852 2119 1927 politia
2148 1845 2524 1913 admirandas
2556 1872 2810 1928 vereque
2841 1852 3197 1912 memorabi-

563 1946 885 2006 assiduitas
917 1941 1396 2026 (quatuordecim
1441 1944 1615 2004 horas
1648 1945 1848 2020 quoti·
1905 1941 1993 2000 les
2024 1942 2145 2000 illic
2176 1946 2375 2019 gestas
2419 1961 2487 2003 ac
2516 1946 2885 2019 perpetratas
2930 1942 3203 2001 breviter

564 2036 658 2094 die
691 2034 909 2093 studiis
939 2034 1303 2110 impendisse
1333 2029 1580 2115 sertui->2
1626 2035 1718 2092 ast
1748 2052 1849 2092 ve·
1904 2033 1967 2089 et
1995 2029 2250 2089 dilucide
2296 2031 2748 2107 complectentes
2780 2048 2846 2089 ac
2893 2030 3190 2106 explican-

563 2123 896 2183 hementior
938 2123 1102 2181 illius
1148 2123 1356 2199 lingua
1404 2126 1466 2181 et
1494 2122 1722 2198 proprii
1748 2123 1848 2198 ju·
1905 2122 2012 2189 tes,
2060 2119 2333 2180 Coloniae
2385 2130 2552 2184 1634
2599 2121 2663 2179 in
2695 2130 2749 2177 R.
2799 2120 2970 2189 ,Quo
3017 2119 3199 2191 libro,

562 2213 704 2272 dicii
749 2212 1071 2273 obstinatio
1114 2212 1191 2270 ab
1219 2211 1425 2270 iisdem
1472 2228 1591 2270 non
1635 2230 1850 2286 parum
1903 2208 2107 2283 inquit
2136 2210 2193 2267 M
2212 2209 2509 2268 ollerus
2542 2210 2607 2268 in
2639 2228 2750 2268 sua
2770 2208 3025 2268 Cimbris
3053 2208 3191 2267 lite·

561 2304 866 2380 arguitur:
917 2300 1075 2360 unde
1125 2300 1333 2375 procul
1377 2300 1558 2359 dubio
1603 2299 1843 2369 factum,
1903 2299 2036 2357 rata
2069 2317 2123 2373 p.
2165 2307 2307 2368 119,
2355 2316 2491 2358 cum
2522 2302 2718 2358 cetera
2759 2298 2914 2356 nihil
2959 2297 3194 2356 doctius

562 2394 634 2450 ut
663 2392 926 2468 ejusdem
972 2390 1195 2464 pariter
1238 2389 1499 2448 calamus
1540 2389 1608 2446 in
1656 2389 1848 2448 varios
1906 2386 2128 2444 nihilve
2160 2387 2494 2446 accuratius
2526 2387 2590 2445 in
2623 2386 2915 2445 Cimbriae
2949 2389 3201 2445 nostrae

564 2498 789 2538 errores
820 2483 884 2538 et
911 2478 1194 2555 figmenta
1225 2478 1620 2553 abriperetur:
1655 2496 1849 2554 neque
1906 2475 2189 2534 hactenus
2235 2476 2523 2550 prodierit
2554 2475 2823 2545 historia,
2871 2474 3190 2550 omniaque

562 2587 780 2646 magna
824 2569 917 2627 est
965 2568 1094 2643 ejus
1138 2566 1202 2626 in
1246 2566 1546 2627 historicis
1595 2566 1848 2627 auctori-

561 2654 738 2739 tas1)‚
785 2659 901 2716 imo
931 2656 1203 2716 Labbeus
1237 2657 1642 2731 Dempsterum
1690 2675 1847 2714 com·

561 2749 746 2823 pellat
787 2746 1124 2804 fabularum
1172 2746 1434 2805 omnium
1479 2745 1847 2804 consarcina-

561 2840 764 2906 torem,
797 2833 1311 2893 fraudulentarum
1360 2834 1719 2909 ineptiarum
1754 2837 1843 2892 to-

560 2925 676 2982 ties
739 2922 1102 2993 convictum,
1167 2923 1539 2998 popularium
1604 2941 1846 2982 suorum

559 3015 903 3071 sanctorum
934 3029 1250 3069 numerum
1294 3013 1455 3071 ultra
1483 3031 1693 3071 verum
1717 3032 1846 3070 ffau·

561 3104 820 3179 gentem,
865 3099 1095 3158 fabulas
1125 3101 1205 3158 ‘in
1252 3101 1480 3176 patriae
1524 3119 1665 3160 suae
1708 3103 1845 3177 gra-

560 3191 706 3249 tiam
758 3191 1293 3259 consarcinantem,
1341 3190 1688 3266 scriptorem
1730 3190 1845 3247 im·

557 3279 898 3339 modestum
942 3284 1005 3337 et
1047 3279 1517 3347 conviciatorem,
1565 3279 1736 3352 cujus
1771 3279 1847 3337 in

556 3368 860 3445 plerisque
905 3367 1140 3427 vacillet
1183 3362 1406 3448 fide-212).
1470 3366 1845 3443 Quantopere

558 3459 790 3517 nitatur
819 3457 1046 3533 patriae
1077 3474 1221 3514 suae
1249 3457 1503 3532 gloriam
1534 3455 1709 3524 tueri,
1744 3475 1845 3530 pa-

560 3551 650 3606 tet
669 3547 763 3606 vel
793 3545 1019 3616 exinde,
1056 3545 1216 3619 quod
1245 3544 1310 3603 in
1331 3545 1844 3618 Scotorum-scrip-

557 3644 749 3694 torum
780 3636 1209 3694 nomenclatura
1231 3635 1530 3693 Bononiae
1558 3645 1584 3695 1
1601 3642 1723 3695 622
1752 3633 1842 3692 ed.

562 3735 617 3786 4.
666 3722 782 3806 (ed.
828 3736 877 3786 1.
924 3724 1002 3781 ib.
1061 3719 1251 3802 1619)
1302 3726 1620 3781 recenseat.
1655 3723 1844 3799 scrip-

557 3816 718 3872 tores
770 3822 957 3880 1603,
1010 3816 1250 3870 sanctos
1301 3821 1445 3880 679,
1498 3811 1702 3869 beatos
1741 3819 1841 3881 81,

558 3920 741 3977 papas
780 3911 833 3970 5,
869 3898 1198 3957 cardinales
1239 3910 1336 3969 1⁴,
1388 3899 1749 3974 patriarchas
1783 3911 1841 3970 4,

560 3988 859 4062 apostolos
899 3987 1170 4062 gentium
1204 3995 1304 4056 63,
1351 3987 1842 4048 monasteriorum

559 4082 723 4135 ext-ra
769 4075 1020 4133 Scotiam
1066 4074 1413 4133 fundatores
1453 4076 1839 4153 archiepisco·

558 4182 665 4240 pos
716 4169 777 4222 et
825 4163 1126 4239 episcopos
1181 4171 1336 4234 257,
1387 4164 1629 4224 abbates
1680 4168 1845 4223 extra

552 4253 811 4331 Scotiam
852 4262 1007 4324 1923
1039 4252 1465 4312 academiarum
1499 4254 1843 4313 fundatores

569 4354 636 4406 ll
677 4348 817 4413 etc.;
859 4342 962 4401 sed
992 4342 1149 4401 inter
1180 4342 1387 4403 Scotos
1418 4345 1686 4402 recenset
1716 4343 1840 4401 An-

637 4517 673 4585 ¹)
695 4513 946 4583 Cuperus
971 4515 1013 4567 t.
1037 4517 1087 4568 4.
1116 4513 1263 4582 Aug.
1292 4514 1398 4566 act.
1426 4511 1519 4566 SS.
1559 4512 1621 4566 in
1649 4510 1773 4566 vita
1798 4530 1843 4565 s.

557 4585 777 4639 Ichardi
806 4603 857 4638 n.
884 4589 934 4641 9.

633 4663 671 4728 2)
700 4657 781 4710 Cf.
810 4655 989 4709 Schliz
1016 4654 1052 4708 1.
1083 4672 1126 4709 c.
1155 4671 1212 4723 p.
1239 4657 1345 4710 174
1370 4672 1443 4726 s.;
1469 4653 1657 4723 Biogr.
1683 4655 1841 4708 univ.

1905 2564 1968 2623 in
2000 2564 2105 2624 illo
2138 2582 2372 2632 summa
2413 2564 2527 2624 fide
2557 2570 2619 2625 et
2663 2564 2975 2641 diligentia
3019 2582 3191 2624 enar·

1903 2657 2128 2723 rentur,
2163 2672 2229 2712 ac
2249 2658 2515 2714 veterum
2548 2655 2912 2713 testimoniis
2937 2654 3202 2730 aliisque

1905 2743 2305 2802 monumentis
2367 2743 2480 2802 fide
2541 2743 2911 2820 dignissimis
2973 2742 3189 2802 confir-

1902 2834 2161 2901 mentur,
2195 2849 2455 2891 summas
2487 2833 2699 2891 merito
2720 2829 3024 2909 utrique1)
3050 2851 3191 2890 auc·

1903 2921 2020 2978 tori
2051 2919 2276 2980 incolae
2308 2921 2655 2980 Chersonesi
2700 2920 2880 2998 hujus
2925 2921 3203 2979 universi

1903 3007 2123 3068 debent
2153 3009 2435 3086 gratias}
2471 3009 2939 3069 —-·Vin'centius
2984 3010 3192 3068 Blas-

1903 3093 2097 3179 cus2)
2131 3098 2203 3157 de
2233 3099 2465 3158 Lanuze
2498 3099 2745 3174 scripsit
2775 3099 3076 3157 Historias
3105 3118 3192 3156 ec·

1901 3188 2245 3246 clesiasticas
2274 3207 2311 3264 y
2340 3189 2624 3247 seculares
2652 3189 2722 3245 de
2754 3189 3014 3263 Arayon,
3064 3187 3199 3247 sive

1903 3275 2106 3352 magni
2155 3277 2349 3352 operis
2398 3276 2556 3335 Hier.
2609 3275 2933 3335 Zuritae
2972 3294 3191 3353 arago-

1902 3365 2173 3423 nensium
2225 3366 2533 3423 annalium
2583 3366 3068 3442 supplementum
3118 3383 3195 3423 ex

1901 3469 2018 3528 quo
2064 3453 2169 3511 ille
2215 3454 2393 3512 desiit
2436 3453 2508 3512 ad
2543 3473 2591 3511 a.
2632 3462 2819 3523 1618,
2872 3454 3191 3512 Caesarau-

1900 3546 2109 3618 gustae
2136 3543 2302 3604 1622
2338 3545 2382 3601 t·
2407 3552 2440 3604 2
2477 3543 2541 3600 in
2572 3543 2611 3603 f.
2644 3543 2953 3601 Rationem
2986 3545 3191 3600 autem

1900 3631 1963 3688 in
1995 3648 2103 3688 suo
2135 3650 2309 3707 opere
2329 3631 2541 3689 habuit
2569 3632 2634 3688 iu
2665 3631 2874 3707 primis
2906 3630 3221 3688 historiae-

1900 3719 2353 3795 ecclesiasticae,
2404 3738 2584 3795 quam
2633 3720 2737 3778 ille
2786 3738 2933 3795 pene
2982 3718 3186 3795 negle-

1899 3812 2081 3869 xerat.

1992 3978 2135 4033 348.
2171 3970 2255 4028 De
2296 3970 2646 4030 missionum
2690 3968 2940 4028 historia
2987 3969 3201 4044 plures

1899 4056 2063 4116 fuere
2078 4058 2333 4116 solliciti.
2348 4059 2647 4118 Antonius
2664 4057 2756 4117 Go
2768 4077 2806 4115 v
2817 4076 2850 4116 e
2863 4077 2895 4115 a
2915 4057 2980 4115 O.
2994 4058 3046 4116 S.
3068 4058 3201 4116 Au-

1980 4233 2014 4300 1)
2042 4227 2412 4282 Inchoaverat
2435 4227 2707 4282 nimirum
2728 4226 2893 4281 illum
2918 4226 2958 4280 P
2974 4243 3009 4281 a
3025 4245 3061 4281 u
3076 4227 3099 4281 l
3113 4244 3149 4280 u
3163 4243 3201 4280 ι

1898 4299 2024 4369 ejus
2041 4300 2222 4368 pater,
2248 4298 2496 4353 absolvit
2512 4315 2641 4353 vero
2659 4299 2953 4368 Adolphus
2979 4300 3188 4363 noster,

1899 4370 2001 4439 qui
2020 4386 2101 4435 ea,
2125 4386 2272 4438 quae
2286 4370 2410 4438 jam
2427 4373 2593 4440 pater
2611 4369 3017 4435 elaboraverat,
3046 4385 3191 4424 com-

1897 4441 2084 4510 plevit
2107 4440 2475 4508 correxitque.
2504 4441 2588 4496 Cf.
2614 4441 2800 4506 Raess,
2835 4440 2927 4494 die
2953 4441 3197 4494 Conver-

1900 4512 2044 4565 titen
2071 4515 2176 4568 etc,
2204 4511 2268 4577 V,
2294 4516 2400 4569 437
2426 4530 2495 4566 ss.

1973 4587 2012 4650 ²)
2041 4584 2205 4636 Alius
2234 4599 2267 4635 a
2300 4583 2586 4638 Ludovico
2621 4581 3193 4637 FernandezBlas·

1898 4671 1963 4708 co
1990 4654 2165 4709 Tertii
2192 4653 2255 4708 Ο.
2285 4655 2338 4708 S.
2365 4655 2406 4707 F
2409 4669 2469 4718 r..
2506 4654 2610 4723 qui
2638 4652 2959 4724 disputavit
2980 4654 3043 4707 de
3065 4657 3193 4706 um·-

556 4732 644 4791 11,
669 4731 739 4784 68
765 4744 832 4779 ss,
873 4725 1186 4779 secundum
1227 4743 1402 4794 quam
1427 4729 1597 4779 natus
1637 4729 1721 4779 est
1748 4743 1843 4795 pa-
1897 4729 2090 4781 versali
2106 4729 2458 4795 redemptione
2469 4745 2574 4795 per
2590 4729 2875 4794 Christum,
2899 4722 3190 4794 Complufi

556 4798 814 4853 rentibus
840 4796 1128 4850 catholicis
1143 4816 1156 4869 ;
1185 4796 1430 4851 Niceron
1456 4802 1544 4861 21,
1569 4801 1676 4854 370
1699 4813 1769 4850 ss.

1899 4801 2040 4854 1613
2068 4797 2128 4849 in
2154 4797 2193 4852 f.
