3625 5193
636 267 657 316 1
680 267 701 316 1
725 265 747 315 1
1398 244 1768 298 1564—1580.
1796 240 2045 294 Historia
2070 236 2467 295 ecclesiastica.
3121 257 3142 307 1
3166 252 3239 307 12

627 432 970 507 Hispaniam
1006 430 1198 500 rediit,
1232 429 1574 504 episcopatu
1589 446 1650 486 se
1672 427 1906 486 abdica·
1950 426 2199 485 vivendi
2248 426 2422 485 finem
2469 424 2609 482 fecit
2660 432 2758 487 23.
2807 423 2944 499 Maji
3002 421 3244 503 15781).

627 521 716 580 vit
749 517 994 601 (1551),
1029 519 1262 577 Pinciae
1313 517 1589 576 substitit
1637 520 1708 575 ut
1739 517 1908 575 aulae
1963 516 2136 574 'I'anti
2169 533 2303 572 eum
2334 512 2476 571 fecit
2507 513 2650 571 Pius
2683 512 2768 583 V.,
2820 515 2890 570 ut
2921 514 3051 588 ejus
3083 514 3243 571 sani-

626 610 866 685 propior
898 608 1178 667 Indorum
1208 607 1473 665 libertati
1506 606 1737 665 facilius
1768 624 1907 664 con·
1963 608 2164 674 tatem,
2200 621 2351 678 quae
2395 602 2674 677 perennis
2724 601 3122 660 abstinentiae
3163 603 3243 660 ri·

627 699 820 757 sulere
880 700 1095 773 posset.
1160 695 1424 755 Decessit
1440 691 1483 775 ¹)
1535 694 1909 755 venerandus
1963 711 2121 770 gore,
2184 691 2428 768 vigiliis,
2494 690 2773 749 studendi
2830 692 3244 766 scribendique

628 808 677 847 a.
714 797 793 849 92
830 805 1006 845 senex
1031 794 1129 849 31.
1151 786 1273 844 Jul.
1305 794 1486 848 1566.
1519 784 1666 859 EJus
1689 783 1911 859 scripta
1965 782 2163 841 labore
2222 779 2623 856 frangebatur,
2686 779 2875 840 Priori
2920 780 3245 840 coloniensi

624 878 800 953 plura
832 879 976 935 sunt
1007 875 1225 950 partim
1245 874 1488 943 inedita,
1507 872 1726 949 partim
1748 873 1909 931 edita
1965 869 2482 930 commendandam
2540 868 2918 943 judicaverit.
2983 870 3248 928 Plurima

625 966 852 1040 Hispali
880 974 1040 1027 1552
1065 965 1127 1022 in
1150 974 1220 1033 43
1253 964 1579 1021 Barcinone
1608 972 1790 1025 1646.
1825 961 1911 1020 Ea
1966 961 2276 1019 doctorum
2352 959 2638 1028 virorum,
2713 961 2785 1015 ut
2845 958 3246 1034 Gropperi.

624 1054 1033 1129 ferespectant
1052 1051 1909 1111 Indorumcausamzineorum
1963 1048 2456 1124 Eisengrein,
2514 1047 2860 1116 Susonis,
2909 1048 3244 1117 Tauleri,

625 1163 744 1201 uno
794 1142 1140 1220 aggreditur
1187 1141 1281 1200 Jo.
1335 1141 1651 1199 Genesium
1701 1139 1772 1198 de
1804 1138 1906 1197 Se·
1964 1137 2318 1213 Ruysbro
2341 1136 2530 1204 chii,
2564 1134 2831 1206 Fabri,
2880 1136 3244 1213 Staphyli

624 1231 880 1307 pulveda
896 1231 1215 1307 Hispaniae
1231 1230 1566 1289 Ciceronem
1585 1247 1692 1287 suo
1710 1229 1910 1287 seculo
1965 1230 2073 1285 etc.
2107 1244 2283 1301 opera
2314 1225 2491 1284 utilia
2508 1224 2693 1283 latine
2712 1225 3002 1295 reddidit3
3039 1234 3118 1287 22
3141 1244 3248 1300 pa·

625 1321 853 1379 dictum
922 1318 1019 1401 (de
1083 1337 1202 1393 quo
1274 1338 1452 1393 supra
1502 1338 1558 1393 p.
1614 1313 1741 1396 57),
1804 1317 1908 1392 qui
1964 1318 2128 1387 trum
2189 1317 2250 1373 et
2299 1314 2657 1389 scriptorum
2708 1314 3244 1372 ecclesiasticorum

625 1410 1035 1484 disputaverat
1079 1410 1148 1466 de
1164 1409 1347 1482 justis
1387 1408 1515 1465 belli
1545 1409 1737 1465 causis
1768 1424 1906 1465 con·
1965 1404 2153 1463 edidit
2184 1403 2486 1471 homilia83
2534 1420 2748 1460 novam
2780 1403 3088 1461 adornavit
3117 1421 3246 1460 con-

624 1506 717 1555 tra
748 1498 927 1557 Indos
961 1498 1237 1572 suscepti.
1271 1497 1416 1570 Ejus
1438 1496 1704 1555 Historia
1720 1496 1791 1553 de
1821 1496 1910 1553 las
1966 1494 2230 1551 ciliorum
2262 1486 2699 1573 collectioneffl)
2751 1492 3023 1550 Coloniae
3083 1502 3241 1554 1567

626 1587 834 1646 Indias
881 1581 982 1668 (ab
1028 1606 1077 1644 a.
1134 1581 1595 1664 1492—1520)
1648 1584 1909 1660 primum
1966 1602 2017 1640 v.
2072 1592 2142 1647 43
2196 1581 2470 1640 Sleidano
2520 1576 2891 1663 opposuit3):
2952 1582 3244 1638 Commen—

624 1676 848 1751 prodiit
896 1693 1039 1734 cura
1089 1675 1273 1749 Marq.
1327 1673 1398 1731 de
1444 1673 1787 1732 Fuensanta
1836 1672 1909 1730 de
1963 1672 2185 1729 tarium
2216 1670 2433 1728 brevem
2463 1687 2664 1728 rerum
2693 1671 2757 1728 in
2787 1671 2920 1728 orbe
2954 1677 3246 1747 qestarum

626 1765 793 1823 Valle
855 1784 893 1840 y
958 1765 1085 1823 Don
1165 1763 1307 1822 Jose
1373 1762 1615 1831 Sancho,
1680 1760 1909 1819 Madrid
1963 1760 2037 1817 ab
2072 1780 2121 1818 a.
2155 1759 2367 1817 salutis
2409 1767 2571 1822 1500
2595 1758 2665 1815 ad
2690 1778 2740 1817 a.
2780 1768 2965 1828 1564,
3001 1758 3247 1817 Lovanii

630 1862 791 1916 1875
829 1858 870 1910 t.
910 1864 962 1915 5.
1973 1859 2172 1916 15663
2205 1866 2340 1907 cum
2371 1847 2776 1906 additamento
2809 1847 2978 1906 Mich.
3027 1849 3101 1905 ab
3149 1847 3246 1904 Is·

719 1988 816 2040 53.
850 1977 1208 2035 L.1urentius
1229 1977 1266 2034 S
1283 1996 1322 2034 u
1341 1976 1470 2033 riu
1486 1995 1512 2034 s
1546 1970 1780 2056 (Sauer)
1803 1994 1904 2033 na-

624 2072 724 2126 tus
759 2071 851 2125 est
883 2066 1149 2124 Lubecae
1184 2062 1426 2148 (1522).
1491 2064 1761 2123 Coloniae
1812 2083 1906 2123 so-

624 2157 781 2214 cium
829 2156 1165 2213 studiorum
1216 2154 1427 2213 habuit
1458 2155 1701 2212 Petrum
1735 2154 1906 2212 Cani-

624 2246 797 2313 sium,
852 2244 955 2319 qui
1005 2244 1175 2302 illum
1229 2244 1303 2301 ab
1334 2244 1579 2313 haeresi,
1627 2262 1743 2317 qua
1781 2244 1907 2318 jam

624 2337 749 2392 erat
766 2334 1039 2402 infectus,
1073 2333 1145 2390 ad
1166 2332 1384 2392 avitam
1399 2332 1638 2391 reduxit
1651 2331 1825 2389 fidem
1835 2326 1904 2411 2).

622 2423 982 2481 Abundabat
1014 2441 1083 2480 ea
1115 2425 1310 2481 aetate
1326 2422 1594 2480 Cartusia
1608 2421 1903 2479 colonien·

626 2512 704 2569 sis
737 2512 878 2569 viris
912 2511 1248 2569 eruditione
1280 2516 1343 2569 et
1374 2510 1764 2568 sanctimonia
1785 2510 1904 2566 cla-

626 2601 891 2670 rissimis,
928 2600 1184 2658 Gerardo
1228 2599 1682 2668 HammontanO,
1716 2599 1904 2656 Theo-

626 2689 823 2747 dorico
875 2692 936 2746 et
983 2689 1261 2746 Brunone
1294 2687 1583 2757 Loheriis,
1636 2705 1811 2746 carne
1845 2690 1906 2744 et

624 2778 840 2853 spiritu
901 2776 1202 2846 fratribu8‚
1266 2776 1522 2834 Henrico
1588 2775 1903 2846 Helmesio,

626 2866 802 2924 Justo
852 2865 1248 2941 Lanspergio:
1303 2865 1473 2940 cujus
1526 2865 1905 2940 potissimum

625 2955 802 3013 odore
823 2954 1070 3011 allectus
1087 2953 1344 3023 videtur,
1379 2958 1449 3012 ut
1469 2955 1580 3013 hoc
1598 2957 1903 3013 austerum

622 3044 781 3101 vitae
814 3042 1113 3101 solitariae
1145 3060 1334 3118 genus
1366 3043 1626 3119 eligeret.
1669 3043 1905 3102 Vestem

627 3151 850 3190 sacram
884 3131 1083 3190 induit
1109 3141 1205 3194 23.
1229 3132 1397 3193 Febr.
1428 3142 1611 3194 1540.
1643 3132 1905 3207 Excepto

622 3221 787 3280 brevi
818 3220 1134 3279 intervallo
1166 3239 1395 3279 omnem
1428 3222 1610 3278 vitam
1632 3221 1905 3281 Coloniae

622 3310 819 3387 egitin
834 3310 1034 3385 quiete
1051 3310 1542 3384 operosissimam,
1573 3310 1637 3367 in
1665 3310 1904 3367 silentio

623 3399 1104 3458 facundissimam
1123 3402 1183 3457 et
1200 3400 1289 3456 tot
1310 3399 1531 3474 linguis
1563 3401 1711 3473 quot
1728 3398 1905 3456 editis

622 3488 792 3546 libris
825 3488 1113 3547 Ecclesiae
1147 3486 1363 3545 Christi
1414 3486 1902 3561 patrocinantem,

619 3578 683 3635 111
733 3577 1053 3635 solitudine
1106 3595 1239 3634 cum
1290 3575 1590 3634 catholicis
1652 3575 1905 3634 eruditis

622 3671 1073 3724 conversantem
1124 3664 1608 3740 religiosissimus
1641 3666 1901 3735 eremita,

623 3753 724 3811 sed
771 3754 1092 3829 apostolico
1144 3753 1266 3810 zelo
1328 3772 1436 3828 pro
1489 3753 1746 3811 Ecclesia
1795 3753 1902 3812 Dei

622 3843 938 3912 desudans,
973 3860 1079 3900 nec
1133 3847 1271 3899 ante
1324 3839 1684 3923 scribendiss)
1726 3862 1902 3917 quam

696 4015 735 4080 ¹)
764 4011 845 4067 Cf.
875 4011 1166 4064 Gutierrez
1195 4010 1279 4063 Fr.
1303 4009 1365 4070 Β,
1394 4009 1462 4063 de
1487 4010 1569 4064 las
1605 4012 1787 4075 CasaS,
1809 4029 1903 4064 sus

619 4081 861 4150 tiempos
905 4100 942 4150 y
970 4099 1035 4134 su
1080 4082 1430 4150 apostolado‚
1473 4081 1692 4135 Madrid
1732 4086 1902 4142 1878.

617 4153 959 4206 Baumstark
989 4153 1047 4207 Β.
1076 4153 1146 4206 de
1161 4155 1243 4208 las
1263 4153 1447 4217 Casas,
1471 4152 1743 4222 Freiburg
1756 4154 1794 4209 i.
1811 4155 1902 4209 Br.

621 4227 790 4283 1879ς
832 4223 1003 4278 Fabie
1030 4224 1177 4277 Vida
1216 4243 1252 4291 y
1293 4224 1522 4277 escrit-os
1550 4225 1639 4278 del
1667 4223 1727 4279 P.
1753 4225 1812 4279 F.
1842 4225 1903 4279 B.

618 4295 685 4348 de
713 4297 792 4349 las
821 4295 1006 4359 Casas,
1033 4295 1256 4348 Madrid
1287 4300 1426 4351 1880
1450 4298 1491 4350 t.
1520 4300 1569 4351 2.

694 4371 731 4434 ⁸2)
765 4365 875 4426 „Ex
921 4366 1204 4419 haeretico
1251 4366 1580 4431 catholicae,
1626 4366 1826 4434 inquit
1847 4367 1899 4420 b.

618 4438 657 4489 C
676 4454 708 4490 a
724 4455 759 4489 n
777 4437 796 4489 i
815 4455 839 4490 s
855 4438 874 4489 i
892 4456 928 4491 0
945 4457 970 4490 s
994 4437 1058 4490 in
1097 4455 1199 4491 suo
1247 4440 1605 4501 testamento,
1632 4455 1721 4491 me
1747 4438 1903 4506 adju-

616 4511 738 4562 tore
766 4508 1032 4563 Coloniae
1053 4510 1287 4564 factus.“
1333 4509 1414 4564 Cf.
1447 4507 1572 4563 Rie
1591 4527 1614 4562 s
1633 4527 1674 4573 s,
1702 4509 1900 4564 Petrus

618 4579 876 4632 Canisius
928 4596 972 4633 0.
1026 4585 1087 4652 1;
1151 4580 1247 4633 Ra
1264 4597 1333 4634 es
1350 4598 1391 4645 s,
1443 4581 1805 4635 Convertiten
1849 4587 1900 4646 2,

617 4654 723 4706 338
750 4667 817 4704 ss.

1963 1956 1990 1995 s
2005 1934 2175 2017 elt4)
2194 1954 2387 2011 usque
2402 1937 2475 1995 ad
2493 1957 2542 1995 a.
2569 1946 2754 2005 1586,
2769 1936 3038 1995 Coloniae
3064 1945 3245 2005 1586;

1963 2161 2226 2229 brenner)
2267 2159 2653 2213 Brabantinus
2703 2175 2771 2212 ex
2796 2158 3080 2212 causidico
3106 2159 3248 2212 mira

1963 2233 2066 2287 Dei
2097 2231 2285 2303 grafia,
2310 2231 2372 2285 O.
2391 2230 2580 2284 Carth.
2600 2229 3047 2284 illustrissimum
3066 2230 3248 2284 decus.

1963 2303 2047 2357 Ob
2059 2304 2400 2358 eminentem
2410 2302 2703 2373 pietatem,
2717 2305 2775 2355 et
2787 2301 2937 2355 vitae
2953 2301 3248 2371 religiosae

1962 2374 2440 2429 ferventissimum
2460 2372 2782 2442 exemplum
2807 2373 2880 2426 ad
2903 2376 3141 2427 mortem
3162 2391 3249 2427 us·

1961 2443 2724 2587 32{<}{⁶1‘{'}⁰13227¹323st¹÷¹³33
2764 2444 2809 2568 ’ἔ
2811 2444 3250 2586 ’31)ιῖωέἔὲἒὲ

1959 2586 2125 2644 Dion.
2175 2562 2437 2643 Riok’el
2465 2558 2552 2660 (Μ’,
2580 2591 2704 2660 909)
2732 2588 2886 2657 typis
2922 2557 3115 2642 edidit.
3167 2588 3246 2647 ef,

1961 2660 2290 2714 Hartzheim
2317 2660 2456 2714 bibl.
2483 2659 2585 2714 col.
2615 2677 2669 2728 p.
2697 2664 2783 2716 94.

2041 2738 2073 2796 ι)
2104 2730 2184 2785 cf.
2239 2731 2291 2784 H
2308 2748 2379 2785 ar
2397 2734 2459 2785 tz
2475 2732 2513 2784 h
2530 2749 2559 2786 e
2575 2731 2594 2782 i
2611 2749 2686 2797 m,
2742 2729 3012 2785 Biblioth.
3069 2729 3247 2790 colon,

1960 2806 2065 2859 218
2093 2819 2181 2866 sa,
2224 2803 2323 2856 ubi
2363 2802 2618 2872 ejusdem
2660 2818 2895 2871 operum
2922 2802 3248 2870 catalogum

1960 2874 2232 2943 reperies;
2286 2873 2605 2927 Niceron
2648 2877 2736 2937 21,
2775 2877 2883 2929 319
2924 2890 3024 2932 sa:
3077 2872 3248 2926 Raess

1961 2945 2329 2999 Convertiten
2355 2945 2421 3009 ΙΙ,
2448 2948 2554 3001 338
2580 2961 2649 2997 ss.

2035 3021 2075 3088 9)
2104 3016 2468 3071 Praeiverant
2504 3016 2558 3068 ei
2582 3015 2644 3068 in
2675 3015 2782 3069 hoc
2807 3031 2976 3083 opere
3003 3014 3249 3069 Jacobus

1959 3087 2016 3139 M
2030 3103 2059 3141 e
2073 3106 2100 3139 r
2115 3087 2135 3140 l
2151 3093 2170 3139 1
2186 3106 2222 3140 n
2240 3088 2257 3140 i
2276 3105 2314 3141 u
2330 3105 2374 3154 s,
2400 3087 2470 3140 de
2486 3087 2683 3159 quotes.
2713 3085 2766 3139 N
2770 3086 3003 3140 omencl.
3024 3087 3091 3152 ΙΙ,
3112 3091 3248 3144 1532

1962 3163 2020 3210 et
2050 3158 2247 3211 Petrus
2293 3158 2332 3212 C
2350 3159 2476 3211 rab
2496 3161 2574 3211 be
2620 3158 2776 3222 Min.,
2822 3157 2890 3212 de
2935 3175 3049 3226 quo
3075 3159 3146 3217 cf.
3173 3158 3248 3211 ib.

1961 3246 1997 3297 p
2038 3304 2081 3371 ⁸)
2109 3299 2318 3353 Roveri
2345 3300 2422 3353 Po
2442 3318 2476 3352 n
2496 3300 2658 3353 tani
2704 3298 2767 3359 Ο,
2800 3301 2981 3352 Carra.
3009 3303 3060 3370 (†
3088 3304 3246 3366 1567)

1962 3373 2094 3423 sunt
2120 3373 2320 3426 Rerum
2346 3374 2760 3426 memorabilium
2790 3371 2861 3423 ab
2876 3387 2928 3425 a.
2949 3375 3249 3428 1500-1560

1959 3442 2019 3494 in
2065 3442 2356 3511 republica
2399 3442 2708 3498 christiana
2755 3443 3045 3511 gestarum
3097 3441 3154 3499 ll.
3195 3447 3244 3505 5,

1962 3513 2227 3568 Coloniae
2269 3518 2424 3578 1559,
2471 3513 2682 3582 pariter
2721 3513 2993 3567 adversus
3037 3513 3246 3566 81011111-

1960 3603 2116 3646 num,
2164 3586 2324 3654 cujus
2369 3603 2462 3654 op.
2491 3585 2642 3640 Surii
2685 3602 2829 3654 opus
2869 3586 3015 3637 forte
3056 3587 3142 3638 est
3166 3601 3245 3637 re-

1961 3656 2241 3710 tractatio

2033 3730 2076 3798 ⁴)
2101 3726 2347 3781 Michael
2396 3728 2465 3780 ab
2511 3727 2739 3781 Isselt
2780 3726 3066 3781 Doccomii
3111 3734 3245 3790 (11011

1961 3798 2402 3863 Amorsfordiae)
2452 3799 2513 3852 in
2566 3798 2746 3852 Frisia
2797 3803 2967 3851 natus
3007 3797 3243 3851 Lovanii

1961 3869 2169 3922 studiis
2196 3885 2425 3937 operam
2472 3869 2722 3924 dederat.
2774 3869 3141 3924 Praevalente
3185 3873 3243 3921 in

1961 3940 2178 3993 ditione
2208 3940 2395 4007 patria
2421 3940 2640 3995 haeresi
2680 3942 2742 3994 in
2768 3940 3029 3993 exsilium
3054 3940 3134 3993 ire
3161 3943 3248 3993 est

1959 4014 2205 4066 coactus.
2232 4011 2526 4066 Coloniam
2570 4030 2626 4066 se
2652 4012 2911 4075 contulit,
2957 4010 3089 4064 inde
3117 4014 3246 4080 post

1960 4098 2138 4135 annos
2166 4082 2485 4151 complures
2513 4084 2566 4137 N
2571 4083 2933 4152 oviomagum
2963 4084 3022 4136 ct
3047 4084 3245 4151 postea

1961 4153 2371 4223 Hamburgum,
2400 4154 2499 4208 ubi
2525 4155 2683 4208 italis
2709 4153 3117 4208 mercatoribus
3153 4172 3243 4206 cu-

1957 4216 3243 4351 1100111103111(11130ῡὲ11

1958 4367 2200 4437 scripsit,
2229 4370 2298 4419 ut
2313 4370 2612 4423 Historiam
2629 4371 2751 4422 belli
2762 4370 3068 4422 coloniensis
3076 4366 3134 4420 ll.
3151 4368 3240 4430 tv,

1957 4442 2126 4501 1584:
2167 4442 2307 4496 1586
2351 4438 2438 4492 ed.
2484 4442 2655 4493 aucta
2695 4444 2753 4493 et
2791 4439 3125 4492 continuata
3170 4438 3239 4491 ad

1958 4527 2006 4563 a.
2059 4514 2221 4570 1586;
2273 4514 2430 4567 1620.
2479 4511 2526 4563 A
2573 4511 2618 4563 't
2656 4511 2746 4565 hic
2787 4511 2857 4564 de
2884 4509 3239 4563 Truchsessio

1957 4581 2400 4663 archiepiscopo,
2413 4582 2508 4648 qui
2527 4529 2756 4636 deficere
2766 4581 3054 4649 cogitabat
3073 4598 3105 4634 a
3118 4581 3238 4634 fide.

1958 4651 2204 4707 Cornehi
2245 4651 2477 4705 Mussi
2517 4653 2606 4723 (cf.
2648 4669 2776 4723 pag.
2823 4657 2914 4733 86)
2973 4658 3242 4707 conciones

691 4727 730 4792 ³)
794 4722 959 4777 Surio
1023 4723 1092 4775 ad
1159 4724 1519 4778 scribendum
1587 4729 1898 4794 perpetuus
1955 4741 2017 4778 ex
2045 4724 2235 4778 italico
2260 4723 2469 4777 latinas
2490 4724 2638 4790 fecit,
2658 4740 2966 4794 praemissa
2991 4724 3238 4792 ejusdem

615 4793 989 4847 hortatorfuit
1003 4795 1340 4848 GerardusC
1357 4795 1503 4848 alei
1522 4794 1652 4848 fici
1671 4795 1898 4867 s(Ka.lk·
1953 4795 2126 4848 Musei
2167 4795 2287 4847 vita
2327 4794 2593 4850 Coloniae
2620 4799 2777 4855 1603.
2830 4795 2960 4849 Alia
2987 4795 3238 4863 ejtlssdem
