3625 5193
486 245 607 298 405
1383 271 1390 274 -
1456 228 1573 287 Jac.
1605 226 1762 296 Davy
1789 226 2129 282 du-Perron.

2979 242 3105 297 406

482 416 699 474 veteris
733 415 1018 474 Ecclesiae
1064 413 1384 473 catholicae
1415 432 1765 473 consensum
1819 432 2103 487 roresque
2129 403 2281 472 tam„
2306 413 2491 473 solide
2525 413 2862 473 confutatos
2900 413 3108 488 depre-

480 524 548 563 ex
581 504 726 581 ipsis
757 503 1083 581 Augustini
1113 504 1396 579 operibus
1417 503 1608 563 decisa
1627 521 1762 579 pro·
1820 503 2045 572 hendit‚
2092 506 2164 561 ut
2202 502 2276 562 ad
2322 503 2746 563 catholicorum
2791 506 2985 561 castra
3013 523 3107 563 re-

477 598 805 671 ponuntur,
839 593 1110 669 Dilingae
1151 602 1313 656 1567
1349 593 1414 651 in
1438 603 1505 662 43
1538 594 1765 652 auctior
1822 611 2029 651 versus
2057 591 2250 666 (1577
2288 594 2384 652 vel
2426 587 2620 673 1578)
2654 592 2827 650 fidem
2859 592 3108 651 catholi-

479 691 657 758 atque
678 682 1047 743 emendatior
1075 694 1145 746 15
1158 691 1235 745 69
1258 704 1271 750 3
1305 682 1545 741 Parisiis
1571 693 1596 743 1
1614 693 1763 748 569;
1822 701 1949 742 cam
1969 681 2202 758 publice
2220 680 2580 751 defenderet,
2603 680 2923 757 pluresque
2943 682 3107 740 aber-

480 773 752 834 Coloniae
795 782 991 842 167ος
1033 771 1387 847 locupletior
1417 776 1478 830 et
1510 772 1764 847 copiosis
1821 774 2020 830 rantes
2058 771 2319 830 oviculas
2365 771 2436 829 ad
2471 770 2691 830 Christi
2734 768 2887 829 ovile
2932 770 3109 829 redu-

477 863 771 922 illustrata
791 860 1036 921 ‘scholiis
1069 861 1330 920 Viennae
1368 871 1393 921 1
1411 870 1553 924 717.
1593 873 1619 924 1
1637 870 1760 924 718
1822 865 1981 920 ceret
1998 857 2061 941 ¹),
2096 879 2164 919 ex
2197 857 2417 938 quibus
2446 857 2605 918 haud
2636 859 2922 937 postremi
2941 863 3113 918 erant

478 973 530 1012 v.
569 962 623 1014 2.
671 952 742 1009 In
772 950 880 1011 hoc
927 969 1099 1026 opere
1145 969 1266 1009 non
1313 951 1505 1008 solum
1553 950 1766 1027 probat
1822 947 2143 1011 Ninguarl.
2190 950 2262 1008 de
2297 950 2487 1026 Sancy
2533 950 2594 1009 et
2624 950 2799 1008 Henr.
2844 948 3107 1025 Sponda-

479 1042 758 1119 dogmata
789 1040 1080 1100 catholica
1123 1039 1459 1114 refellitque
1512 1039 1763 1098 haereti»
1820 1058 1937 1098 nus
1950 1044 2160 1115 postea
2176 1039 2534 1115 apamiensis
2549 1038 2859 1114 episcopus
2876 1033 2973 1121 (de
2989 1057 3109 1114 quo

480 1149 679 1190 corum
711 1148 938 1189 errores
986 1147 1054 1188 ex
1087 1128 1414 1205 Augustini
1460 1129 1761 1204 operibus,
1820 1125 2018 1209 infra).
2052 1127 2465 1190 Gratiavaluit
2482 1124 2643 1204 apud
2664 1127 2986 1187 Henricum
3004 1125 3107 1186 111.

484 1239 688 1280 verum
719 1219 897 1278 etiam
929 1219 1089 1278 locos
1121 1219 1281 1295 ipsos
1315 1218 1637 1296 Augustini
1668 1219 1764 1276 vel
1822 1218 2057 1277 lectoris
2089 1236 2337 1280 munere
2370 1217 2646 1294 fungens,
2681 1222 2744 1276 et
2770 1215 2909 1294 post
2927 1216 3109 1294 hujus

482 1310 630 1368 male
662 1308 999 1368 intellectos
1031 1308 1126 1365 vel
1171 1307 1470 1367 malitiose
1502 1308 1765 1367 detortos
1820 1310 2074 1367 mortem
2105 1326 2139 1364 a
2182 1307 2262 1365 ud
2285 1307 2596 1366 Henricum
2613 1306 2730 1376 IV„
2764 1307 2935 1382 cujus
2970 1323 3106 1365 con-

483 1405 659 1474 atque
690 1395 1041 1474 depravatos
1087 1396 1159 1455 ad
1201 1397 1489 1455 amussim
1532 1400 1768 1456 revocat
1822 1396 2114 1460 versionis
2140 1328 2304 1454 Eaud
2344 1396 2596 1457 ultimus
2642 1395 2873 1454 exstitit
2902 1400 3112 1455 auctor

481 1493 542 1548 et
573 1488 796 1546 sincere
840 1487 1294 1563 interpretatur,
1343 1487 1499 1562 quod
1532 1486 1766 1563 egregie
1821 1489 2002 1561 atque
2048 1489 2366 1562 promotor.
2423 1486 2668 1545 Romam
2720 1504 2755 1544 a
2803 1503 2941 1561 rege
2990 1504 3110 1545 una

482 1581 761 1653 praestat,
801 1575 960 1634 unde
982 1575 1204 1634 meruit
1222 1576 1763 1635 velaGoldasto
1823 1594 1958 1634 cum
2003 1574 2297 1642 cardinale
2346 1575 2558 1634 Ossato
2624 1574 2937 1651 ablegatus
2984 1573 3107 1633 Cle·

479 1667 592 1725 dici
610 1663 657 1748 ¹)
724 1666 1087 1734 ‚acerrimus
1150 1683 1394 1741 operum
1442 1664 1765 1742 Augustini
1821 1668 2079 1723 mentem
2102 1662 2259 1724 VIII.
2292 1664 2366 1723 ad
2396 1663 2849 1741 impertiendam
2882 1663 2976 1721 illi
3008 1665 3107 1721 ab·

481 1761 539 1814 et
553 1755 911 1831 conspicuus
929 1753 1352 1831 propugnator.
1367 1762 1394 1792 ⁴¹
1413 1754 1558 1830 Ejus
1577 1773 1765 1812 exem-

483 1847 641 1921 plum
678 1843 871 1903 secuti
902 1841 1218 1903 ediderunt
1265 1843 1369 1902 alii
1415 1844 1599 1902 simili
1641 1863 1761 1901 me·

487 1934 659 1994 thodo
707 1933 1129 1992 confessionem
1162 1935 1528 2012 cypr-ianam,
1577 1934 1763 1991 hiero-

479 2026 831 2100 nymianam,
866 2021 1312 2081 ambrosianam.
1351 2022 1612 2081 Decessit
1627 2022 1764 2080 Hie-

481 2131 762 2186 ronymus
782 2110 1074 2170 Monachii
1099 2121 1153 2171 9.
1171 2111 1209 2169 J
1212 2130 1304 2173 an.
1333 2122 1445 2175 161
1472 2124 1487 2172 1
1534 2111 1624 2169 vir
1646 2129 1765 2169 non

1824 1753 2181 1816 solutionem
2227 1754 2303 1812 ab
2350 1754 2577 1813 haeresi
2624 1753 2828 1821 movit,
2890 1771 2925 1811 a
2970 1771 3109 1830 rege

1823 1843 2063 1901 interim
2114 1842 2441 1902 ebroicensi
2489 1843 2835 1919 episcopatu
2881 1859 3108 1901 necnon

1822 1931 2270 2010 eleemosynarii
2317 1951 2565 1991 munere
2612 1936 2825 1991 auctus
2860 1927 3108 2013 (1595),

1823 2040 1942 2096 qua
1971 2022 2272 2080 occasione
2305 2021 2568 2080 Clemens
2590 2021 2753 2082 V111.
2776 2020 3109 2078 detractum

1823 2112 1893 2168 de
1925 2128 2034 2169 suo
2069 2110 2256 2187 digito
2276 2110 2674 2185 pontificalem
2704 2110 2991 2170 annulum
3016 2109 3108 2167 di-

485 2195 873 2281 eruditione2)
923 2201 1133 2276 magis,
1182 2220 1362 2275 quam
1414 2200 1764 2277 integritate
1821 2200 1945 2277 gito
2005 2199 2291 2259 neoelecti
2337 2199 2603 2258 Petronii
2663 2198 2915 2257 inseruit
2977 2216 3108 2256 ver-

489 2290 661 2359 vitae‚
692 2290 929 2365 pietate,
964 2289 1300 2348 humilitate
1334 2290 1707 2366 conspicuus,

585 2477 716 2531 175.
766 2467 1042 2526 Omnium
1092 2468 1538 2527 celeberrimum
1583 2468 1764 2543 hujus

483 2557 733 2634 epochae
765 2556 1112 2635 dogmatum
1154 2558 1580 2617 catholicorum
1627 2575 1763 2634 pro-

482 2653 870 2724 pugnatorem
915 2647 1172 2723 protulit
1209 2648 1423 2718 Gallia,
1475 2647 1513 2705 J
1519 2646 1765 2705 acobum

485 2737 687 2813 Davy
721 2737 829 2794 Du
862 2736 1166 2795 Perron.
1199 2737 1283 2794 Ex
1307 2736 1497 2796 nobili
1515 2736 1766 2795 Norma-

481 2826 612 2884 niae
643 2825 868 2883 familia
899 2829 1062 2883 ortus
1093 2826 1344 2901 primam
1374 2828 1566 2884 lucem
1598 2843 1764 2900 aspe-

482 2915 568 2973 xit
615 2913 669 2977 d.
722 2922 822 2975 24.
874 2907 1008 2992 (sec.
1056 2914 1204 2974 alios
1258 2910 1366 2996 25)
1414 2915 1559 2973 Nov.
1605 2923 1761 2977 1556

481 3005 737 3073 Bernae,
785 3020 904 3078 quo
950 3004 1076 3078 ejus
1122 3007 1396 3078 parentes
1439 3003 1767 3062 calviniana

480 3094 582 3152 lue
611 3092 819 3151 insecti
852 3094 1164 3169 profugere
1196 3094 1576 3171 cogebantur.
1620 3092 1765 3150 Dili-

482 3181 830 3258 gentissima
872 3202 905 3239 a
949 3187 1132 3257 patre,
1181 3183 1405 3242 medico
1453 3181 1766 3240 admodum

484 3271 691 3346 perito,
724 3270 1062 3343 institutae,
1110 3271 1329 3349 insigni
1371 3271 1588 3347 mentis
1629 3266 1765 3329 acu-⁴

484 3361 657 3429 mine,
686 3359 899 3436 judicii
933 3361 1267 3429 acrimonia,
1301 3360 1610 3420 excellenti
1641 3379 1763 3418 me-

487 3449 701 3508 moriae
746 3448 1030 3508 felicitate
1063 3446 1367 3524 praeditus
1413 3452 1562 3508 tales
1595 3449 1657 3507 in
1689 3450 1764 3507 li-

484 3539 625 3596 teris
658 3556 1010 3616 progressus
1042 3537 1198 3608 fecit,
1234 3544 1304 3598 ut
1335 3540 1430 3598 vix
1472 3547 1546 3601 12
1582 3556 1766 3598 annos

486 3631 664 3686 natus
695 3628 952 3687 latinum
975 3646 1367 3705 graecumque
1387 3628 1632 3687 calleret
1650 3627 1765 3685 idi-

485 3735 632 3785 oma,
663 3716 963 3776 orationes
995 3720 1175 3792 atque
1224 3719 1482 3777 carmina
1513 3718 1765 3776 conscri-

484 3805 667 3875 beret,
714 3807 779 3864 in
822 3805 1073 3864 mathesi
1119 3811 1179 3864 et
1225 3807 1357 3883 ipsa
1396 3806 1767 3883 philosophia

486 3895 807 3954 excelleret.
841 3895 1130 3971 Linguam
1165 3915 1401 3971 quoque
1433 3895 1767 3955 hebraicam

485 3983 692 4042 didicit
722 3984 866 4043 adeo
886 3983 1159 4061 perfecte,
1193 3988 1262 4043 ut
1282 3985 1506 4060 absque
1526 3985 1765 4062 punctis

484 4073 676 4149 legere
710 4078 928 4148 posset.
963 4072 1241 4134 Adultior
1272 4074 1463 4133 factus
1484 4078 1680 4133 totum
1704 4092 1767 4132 se

484 4180 554 4224 ss.
601 4166 836 4237 patrum
882 4166 943 4220 et
988 4163 1301 4238 praecipue
1346 4163 1400 4221 d.
1443 4163 1764 4240 Augustini

485 4255 545 4310 et
564 4251 815 4310 'rhomae
836 4253 943 4326 Aq.
965 4251 1202 4329 lectioni
1224 4252 1508 4322 sacrabat,
1531 4245 1762 4312 eorum-

485 4359 599 4416 que
633 4340 918 4399 doctrinis
949 4344 1140 4400 sectae
1161 4360 1302 4400 suae
1334 4341 1657 4400 falsitatem
1678 4360 1766 4399 er-

566 4586 601 4652 1)
627 4582 690 4635 In
716 4581 890 4651 praef.
927 4580 1000 4634 ad
1026 4599 1067 4635 s.
1097 4581 1386 4635 Valeriani
1426 4580 1767 4635 cimeliensis

487 4653 650 4726 epist.
667 4654 736 4707 de
751 4654 898 4707 bono
912 4652 1245 4724 disciplinae
1257 4671 1316 4718 s.,
1332 4652 1592 4707 Genevae
1612 4657 1765 4710 1601.

1823 2289 1914 2346 bis
1961 2289 2081 2347 illis
2126 2292 2335 2346 utens:
2386 2288 2612 2358 ,Inveni
2654 2288 2850 2346 virum
2899 2305 3108 2345 secun-

1822 2378 1966 2436 dum
1999 2396 2098 2436 cor
2129 2385 2361 2437 meum!
2410 2378 2594 2436 Roma
2631 2377 2694 2435 in
2727 2376 2979 2436 Galliam
3014 2396 3106 2436 re-

1824 2484 2028 2525 versus
2073 2485 2207 2525 mox
2257 2485 2420 2525 suam
2469 2466 2620 2525 adiit
2665 2464 2998 2533 dioecesim,
3047 2466 3107 2522 in

1822 2560 2218 2633 qua·strenue
2249 2575 2372 2616 rem
2415 2556 2759 2616 catholicam
2788 2555 3106 2632 promovit,

1825 2647 2164 2721 multosque
2183 2645 2259 2704 ad
2280 2665 2479 2705 veram
2497 2646 2674 2705 fidem
2692 2644 2944 2705 reduxit.
2967 2644 3108 2703 Gra-

1824 2728 2134 2795 vissimum
2167 2737 2345 2794 etiam
2367 2736 2591 2795 haeresi
2614 2732 2982 2794 calvinianae
3013 2733 3106 2791 in-

1822 2824 1976 2883 flixit
2020 2824 2240 2885 vulnus
2288 2829 2350 2883 et
2380 2844 2557 2901 quam
2591 2823 2870 2900 plurimis
2902 2823 3111 2882 attulit

1823 2914 2074 2972 salutem
2121 2915 2378 2990 gloriosa
2437 2915 2840 2991 disputatione
2906 2916 3111 2971 contra

1826 3003 2099 3063 Plesseo-
2119 3003 2493 3074 Mornaeum,
2549 3002 2998 3062 calvinistarum
3045 3002 3108 3060 in

1823 3092 2013 3150 Gallia
2073 3096 2279 3169 caput,
2341 3091 2845 3167 Fontisbellaquei
2907 3090 3111 3150 habita

1823 3176 2070 3262 (1600),
2119 3182 2182 3239 in
2214 3200 2334 3257 qua
2377 3182 2575 3256 ipsum
2608 3183 2935 3240 multorum
2982 3198 3108 3239 cor-

1822 3270 2120 3346 ruptionis
2166 3274 2439 3329 textuum
2474 3289 2542 3329 ex
2583 3270 2863 3346 operibus
2897 3286 2974 3332 ss,
3007 3289 3109 3346 pa-

1822 3363 1985 3417 trum
2018 3360 2270 3419 convicit
2300 3378 2331 3417 e
2363 3360 2666 3418 sententia
2689 3359 2958 3434 judicum
2976 3378 3106 3434 par-

1822 3448 1935 3507 tim
1947 3449 2389 3517 catholicorum,
2403 3447 3107 3524 partimCalvinianorum,

1823 3538 1999 3614 longe
2032 3538 2290 3613 plurium
2328 3532 2509 3620 (500)
2543 3555 2679 3595 eum
2701 3537 3109 3609 convicturuS‚

1822 3626 1939 3685 nisi
1972 3628 2281 3685 Mornaeus
2313 3626 2503 3684 morbi
2532 3630 2848 3701 praetextu
2878 3626 3107 3684 insalu-

1822 3718 1948 3774 tato
1979 3734 2135 3793 rege,
2168 3710 2612 3797 discessisset2).
2648 3715 2835 3773 Tanta
2859 3714 3112 3774 victoria

1902 3946 1938 4006 ι)
1969 3940 2050 3993 Cf.
2090 3940 2277 4003 Baesa,
2324 3939 2415 3992 die
2457 3938 2825 3994 Convertiten
2868 3938 2975 3992 seit
3013 3938 3112 3992 der

1825 4010 2230 4074 Reformation‚
2259 4012 2325 4075 11,
2351 4015 2456 4067 266
2477 4027 2547 4064 ss.

1899 4090 1938 4147 ²(
1964 4082 2135 4135 Plura
2161 4083 2231 4137 de
2269 4083 2377 4137 hoc
2402 4081 2706 4150 colloquia,
2746 4081 2912 4150 cujus
2937 4079 3109 4135 histo⁴

1822 4153 1965 4207 riam
1991 4155 2290 4207 Mornaeus
2312 4153 2738 4223 depravaverat,
2768 4151 3025 4205 invenies
3050 4152 3111 4206 in

1824 4225 1965 4279 actis
1980 4227 2030 4295 ej
2038 4226 2237 4279 uadem
2252 4224 2617 4287 authenticis,
2630 4240 2776 4290 quae
2794 4224 3111 4291 approban-

1824 4299 1880 4349 te
1906 4313 2038 4366 rege
2079 4296 2415 4367 prodierunt
2442 4295 2694 4351 Ebroicis
2725 4299 2860 4351 1601
2903 4294 3009 4346 hoc
3046 4294 3110 4346 ti-

1823 4368 1974 4422 tulo:
2004 4373 2157 4422 Actes
2183 4371 2245 4421 de
2268 4371 2321 4421 za
2338 4370 2650 4435 Confb·ence
2677 4369 2844 4420 tenue
2872 4368 3029 4417 entre
3058 4365 3109 4417 le

1825 4439 1975 4493 sieu'r
1994 4438 2222 4506 Eveque
2249 4439 2527 4492 d'Evreux
2546 4442 2603 4492 et
2621 4438 2673 4490 le
2696 4437 2846 4490 sieur
2865 4437 2942 4489 du
2963 4435 3107 4489 Ples-

1824 4512 1900 4564 sis
1939 4528 2009 4564 en
2046 4511 2312 4580 presence
2352 4509 2430 4563 du
2470 4510 2574 4562 Roi
2602 4512 2635 4561 a
2662 4506 3107 4561 Fontainebleau

1824 4581 1877 4635 le
1902 4587 1952 4637 4.
1981 4582 2050 4635 de
2075 4582 2191 4635 Mai
2220 4586 2375 4645 1600,
2401 4579 2622 4649 publiea
2650 4596 2754 4649 par
2775 4577 3111 4648 permission-

1824 4655 1882 4707 et
1905 4654 2153 4707 autorite
2194 4653 2264 4705 de
2291 4652 2363 4706 Sa
2389 4651 2642 4721 Majeste,
2684 4667 2818 4703 avec
2860 4649 2916 4702 la
2942 4649 3108 4702 Refu-

559 4730 603 4791 ὲ)
629 4724 759 4778 Alia
799 4740 889 4794 op.
930 4724 999 4777 cf.
1039 4741 1130 4795 ap.
1172 4723 1591 4793 Sommervogel
1617 4724 1765 4785 vm,
1825 4724 2011 4778 tation
2037 4725 2116 4778 du
2144 4725 2285 4787 faux,
2301 4721 2555 4776 discours
2583 4723 2652 4775 de
2693 4721 2749 4774 la
2775 4723 2956 4774 meme
2981 4736 3110 4775 con-

489 4800 785 4856 126—129.

1723 4842 1728 4847 .
1825 4795 2059 4861 ference‚
2077 4814 2181 4865 par
2196 4793 2425 4848 Messire
2441 4795 2471 4847 J
2477 4806 2683 4862 aeques
2702 4792 2861 4860 Davy
2882 4790 3109 4859 Eveqne
