3625 5193
620 280 744 334 339

614 447 813 507 nicum
871 449 1168 523 spectant;
1231 447 1360 522 ejus
1421 465 1660 522 quoque
1722 447 1894 504 sunt:

614 538 854 596 Summa
891 544 1259 610 peccatorum
1304 537 1642 609 capitalium
1685 553 1893 593 secun-

614 627 756 684 dum
787 641 1155 683 communem
1197 623 1532 700 opinionem
1563 624 1891 693 doctorum,

612 714 947 772 Florentiae
1019 723 1216 780 1579;
1279 715 1353 771 tr.
1416 713 1485 771 de
1533 712 1895 771 mirabilibus

612 804 878 876 operibus
896 803 1026 874 Dei,
1051 803 1375 860 Maceratae
1415 812 1614 872 159ος
1649 800 1891 860 Summa

611 895 865 950 omnium
897 893 1193 949 haeresum
1244 894 1305 948 et
1348 892 1652 966 catalogus
1703 889 1891 948 schis-

610 981 980 1050 maticorum,
1015 979 1440 1039 haereticorum
1461 982 1522 1038 et
1540 979 1887 1049 infidelium,

609 1069 943 1128 Florentiae
966 1078 1151 1140 1581,
1187 1087 1334 1144 opus
1348 1087 1567 1136 rarum,
1601 1087 1721 1126 non
1752 1068 1887 1125 inu-

608 1159 716 1217 tile
753 1178 856 1235 pro
878 1158 1129 1217 historia
1160 1156 1592 1215 reformationis
1613 1157 1676 1215 in
1694 1156 1886 1225 Italia,

610 1247 797 1305 Gallia
826 1251 886 1305 et
916 1247 1223 1322 Hispania.

708 1433 850 1485 149.
883 1424 1166 1483 Albertus
1199 1423 1665 1500 Bolognetti
1698 1424 1889 1481 Bono·

608 1512 834 1571 niensis
866 1532 923 1570 n.
961 1522 1060 1576 28.
1093 1515 1245 1589 Aug.
1283 1521 1471 1582 1538,
1515 1511 1784 1581 Paleotti,
1819 1512 1890 1570 de

609 1616 727 1676 quo
759 1619 908 1671 mox,
930 1602 1301 1678 propinquus
1335 1604 1397 1660 et
1415 1601 1763 1675 discipulae,
1789 1601 1887 1676 ju-

609 1689 689 1749 ris
720 1690 1029 1765 interpres,
1077 1690 1178 1748 sed
1224 1709 1359 1749 mox
1389 1690 1454 1749 in
1486 1689 1887 1766 legationibus

609 1778 910 1837 adhibitus
970 1779 1355 1838 renunciatus
1417 1781 1510 1837 est
1576 1778 1886 1854 episcopus

608 1868 834 1926 Massae
857 1871 918 1926 et
934 1868 1298 1943 Populoniae
1313 1870 1374 1925 et
1389 1887 1420 1926 a
1437 1866 1716 1943 Gregorio
1729 1866 1887 1926 XIII.

608 1974 769 2014 sacro
818 1957 1049 2014 senatui
1097 1956 1448 2033 adscriptus.
1511 1957 1558 2014 E
1592 1956 1887 2032 legatione

606 2046 874 2121 polonica
923 2046 994 2102 ad
1045 2046 1316 2104 conclave
1348 2063 1666 2121 properans
1699 2044 1886 2104 Villa-

606 2134 719 2192 chii
739 2134 894 2193 obiit
921 2143 1100 2198 1585.
1136 2135 1480 2212 Disputavit
1508 2135 1577 2193 de
1606 2136 1734 2212 leqe,
1749 2136 1888 2210 jure

606 2231 656 2281 et
675 2225 972 2302 aequitate,
1007 2224 1226 2299 quibus
1246 2223 1577 2300 insigniora
1596 2225 1888 2282 nonnulla

606 2313 990 2388 explicantur,
1054 2332 1204 2389 quae
1266 2313 1339 2370 iis
1390 2313 1462 2372 de
1510 2312 1688 2371 rebus
1730 2314 1886 2387 juris

607 2401 835 2476 peritus
884 2402 1161 2478 ignorare
1210 2403 1377 2462 nullo
1428 2401 1604 2461 modo
1653 2402 1882 2472 debeat,

577 2490 820 2548 Romae
859 2499 1044 2552 1570.
1079 2525 1162 2533 -
1198 2490 1436 2548 Gabriel
1468 2490 1883 2550 Paleottus

605 2579 902 2637 Bononiae
934 2599 966 2636 e
998 2579 1221 2638 familia
1239 2579 1460 2637 illustri
1478 2581 1657 2638 natus
1681 2588 1734 2640 4.
1757 2579 1882 2640 Oct.

612 2676 797 2736 1522,
829 2668 1019 2725 literis
1042 2669 1306 2743 apprime
1338 2668 1670 2726 instructus
1703 2670 1883 2728 mori-

603 2756 836 2829 busque
868 2756 1150 2830 angelicis
1183 2757 1244 2813 in
1276 2755 1670 2814 adolescentia
1700 2758 1883 2816 reful-

601 2843 697 2913 sit,
731 2862 908 2917 quam
940 2844 1317 2920 incorruptae
1349 2846 1720 2904 innocentiae
1751 2847 1880 2904 lau-

601 2931 734 2989 dem
765 2950 831 2990 ac
862 2932 1071 2990 famam
1123 2937 1248 2993 toto
1296 2934 1455 2992 vitae
1504 2953 1683 2993 cursu
1725 2936 1881 2994 inte·

600 3020 850 3097 gerrime
866 3022 1139 3083 servavit.
1160 3022 1198 3079 J
1201 3022 1328 3081 uris
1343 3022 1660 3098 utriusque
1675 3026 1883 3083 laurea

600 3109 810 3184 adepta
844 3106 1070 3191 (1546)
1099 3112 1336 3186 publice
1355 3111 1556 3170 docuit
1590 3108 1785 3193 (1546
1804 3149 1871 3159 —

604 3194 710 3280 56)
754 3199 1292 3275 jurisprudentiam
1346 3216 1561 3277 magno
1614 3203 1877 3260 omnium

596 3287 887 3363 applausu
901 3292 962 3347 et
979 3307 1242 3362 accursu,
1263 3292 1334 3347 ut
1354 3289 1649 3348 diceretur
1664 3291 1880 3350 Alciati

588 3377 809 3452 junior.
856 3377 1020 3437 Inter
1052 3398 1190 3437 suos
1222 3378 1548 3454 discipulos
1581 3379 1699 3438 fuit
1729 3399 1876 3455 quo-

596 3486 713 3541 que
742 3467 1106 3544 Hippolytus
1142 3467 1636 3537 AldobrandinuS,
1671 3474 1878 3544 postea

595 3575 864 3615 summus
909 3558 1172 3632 pontifex
1219 3557 1484 3616 Clemens
1517 3558 1673 3616 VIII.
1726 3559 1876 3616 Pau·

594 3646 690 3703 lus
724 3644 838 3713 IV.,
885 3647 989 3721 qui
1023 3646 1307 3705 Ecclesiae
1340 3650 1471 3705 turn
1503 3646 1875 3706 reformatio-

594 3733 656 3790 ni
687 3735 852 3792 totus
900 3734 1172 3793 intentus
1221 3735 1375 3793 viros
1425 3735 1614 3793 eidem
1659 3754 1873 3812 procu-

592 3821 808 3880 randae
840 3826 1008 3897 aptos
1053 3823 1316 3897 undique
1363 3824 1708 3894 venabatur,
1741 3843 1873 3900 per-

594 3910 839 3985 vulgata
886 3911 1136 3969 Paleotti
1182 3911 1339 3970 fama
1383 3916 1710 3971 commotus
1757 3914 1874 3970 Ro-

592 4018 746 4057 mam
769 4004 1074 4058 evocatum
1096 4018 1140 4058 s.
1163 4000 1346 4058 Rotae
1367 4000 1699 4059 auditorem
1732 4020 1871 4060 con-

592 4087 813 4156 stituit,
847 4089 1236 4163 maximisque
1280 4089 1538 4165 negotiis
1581 4109 1687 4165 pro
1720 4090 1873 4148 sedis

592 4175 940 4250 apostolicae
985 4177 1205 4236 honore
1250 4180 1310 4235 et
1353 4177 1543 4236 totius
1575 4178 1872 4237 Ecclesiae

591 4264 860 4324 utilitate
904 4265 1306 4342 transigendis
1356 4267 1655 4325 doctorem
1704 4267 1869 4326 adhi-

590 4353 736 4412 buit.
770 4355 913 4414 Pius
953 4353 1046 4412 IV.
1086 4354 1259 4412 illum
1304 4354 1377 4412 ad
1410 4355 1724 4413 concilium
1756 4357 1868 4414 tri-

589 4442 901 4501 dentinum
934 4443 1112 4511 misit,
1155 4444 1218 4502 in
1248 4463 1366 4519 quo
1398 4444 1537 4501 haec
1570 4444 1698 4519 ejus
1731 4464 1869 4520 par-

586 4534 680 4588 tes
733 4536 931 4590 erant:
966 4532 1199 4591 concilii
1230 4533 1464 4591 decreta
1498 4533 1758 4609 digerere
1793 4534 1866 4591 li-

586 4619 850 4693 terisque
896 4619 1203 4680 mandare:
1250 4622 1476 4697 legatos
1522 4622 1868 4696 apostolicos

1073 265 1439 319 1581—1600.
1465 261 1498 314 J
1503 278 1568 314 us
1594 260 1926 314 canonicum
1952 260 2011 313 in
2040 260 2107 315 It.
2133 258 2477 328 Bolognetti.
2506 257 2812 321 Paleottus,

3104 276 3228 328 340

1950 452 2107 506 esset
2136 445 2582 515 controversiae,
2632 444 2704 502 de
2738 445 2878 520 jure
2910 443 3230 518 responde-

1950 555 2042 594 re:
2091 535 2429 594 antistitum
2460 533 2770 609 opiniones
2803 551 2910 608 pro
2942 523 3231 591 constitu·

1948 625 2116 684 endis
2152 623 2404 683 decretis
2436 621 2803 681 conscribere
2836 624 2945 679 etc.
3006 621 3136 689 Qua
3168 622 3232 680 in

1948 733 2010 772 re
2045 717 2214 772 tanta
2245 713 2585 789 sapientiae,
2619 709 2971 780 sedulitatis,
3006 710 3139 768 fidei
3172 714 3234 768 et

1946 802 2312 879 integritatis
2345 801 2697 860 documenta
2726 798 3019 874 praebuit,
3038 802 3108 857 ut
3125 818 3228 873 pa-

1947 896 2067 951 tres
2097 892 2244 950 moti
2276 891 2526 966 dignum
2548 888 2898 966 judicarint,
2946 907 3121 962 quem
3155 888 3232 946 ob

1945 981 2157 1040 merita
2188 979 2446 1055 publicis
2478 978 2669 1036 literis
2702 976 2860 1053 apud
2892 976 3231 1052 pontificem

1945 1070 2260 1128 laudarent
2307 1067 2678 1143 eundemque
2729 1084 2869 1124 suae
2920 1065 3229 1124 sanctitati

1946 1159 2019 1218 ad
2049 1158 2306 1235 gratiam
2355 1156 2694 1215 enixissime
2733 1154 3230 1214 commendarent.

1944 1248 2139 1324 Igitur
2169 1247 2309 1305 Pius
2341 1264 2462 1304 non
2505 1247 2630 1303 tam
2678 1247 2914 1319 patrum
2955 1243 3229 1317 precibus

1944 1356 2121 1412 quam
2139 1335 2393 1394 Paleotti
2425 1332 2753 1392 virtutibus
2771 1331 3060 1408 impulsus
3070 1351 3225 1401 eum,

1945 1444 2063 1500 quo
2083 1425 2296 1482 reduce
2329 1443 2363 1481 a
2394 1422 2639 1482 concilio
2659 1422 2917 1480 multum
2939 1438 3072 1478 cum
3095 1421 3227 1478 aliis

1944 1514 2091 1574 viris
2125 1512 2497 1590 gravissimis
2527 1511 2599 1568 ad
2632 1509 3059 1586 promulganda
3103 1509 3223 1566 illi·

1943 1623 2014 1661 us
2047 1602 2259 1678 synodi
2291 1602 2525 1660 decreta
2538 1600 2839 1667 utebatur,
2880 1616 3034 1656 anno
3062 1607 3222 1660 1565

1945 1692 2007 1750 in
2042 1690 2429 1750 cardinalium
2480 1690 2683 1748 album
2714 1687 2926 1745 retulit
2957 1690 3014 1744 et
3050 1709 3097 1743 a.
3133 1705 3224 1744 se-

1943 1780 2152 1856 quenti
2201 1780 2540 1856 episcopum
2586 1776 3012 1835 bononiensem
3059 1775 3226 1833 dixit.

1943 1871 1994 1928 A
2026 1889 2070 1928 s.
2105 1869 2311 1928 Carolo
2343 1869 2409 1926 B.
2441 1868 2503 1926 in
2535 1865 2880 1942 episcopum
2927 1863 3044 1922 fuit
3088 1883 3226 1922 con-

1944 1964 2227 2020 secratus.
2278 1957 2568 2016 Omnibus
2618 1954 2758 2013 boni
2807 1954 3060 2029 pastoris
3104 1954 3225 2010 vir-

1940 2049 2179 2107 tutibus
2240 2046 2490 2114 refulsit,
2555 2043 2875 2119 quotannis
2929 2042 3222 2117 synodum

1941 2137 2342 2196 dioecesanam
2363 2134 2590 2202 habuit,
2624 2135 2904 2206 totusque
2920 2132 2983 2189 in
3000 2148 3066 2189 eo
3088 2131 3224 2200 suit,

1941 2228 2013 2284 ut
2042 2226 2386 2284 universam
2417 2222 2729 2281 dioecesim
2763 2220 3087 2279 secundum
3121 2219 3223 2278 de-

1941 2319 2100 2372 creta
2131 2313 2463 2372 tridentina
2494 2311 2853 2369 reformaret.
2904 2310 3047 2367 Cum
3080 2308 3222 2366 Gre-

1940 2404 2142 2479 gorius
2174 2401 2330 2459 XIII.
2373 2401 2793 2460 bononiensem
2825 2397 3127 2456 ecclesiam
3160 2398 3225 2455 in

1940 2490 2454 2567 metropolitanam
2500 2490 2755 2565 erigeret
2803 2481 3048 2568 (1582),
3097 2487 3224 2562 ipse

1939 2580 2167 2658 primus
2217 2578 2379 2638 illius
2414 2578 2891 2654 archiepiscopus
2926 2575 3223 2652 synodum

1939 2688 2175 2745 quoque
2197 2668 2616 2744 provincialem
2631 2667 2952 2725 celebravit
2973 2662 3028 2747 (1
3049 2660 3220 2746 586).

1941 2760 2178 2817 Scholas
2212 2762 2272 2815 et
2305 2757 2687 2815 seminarium
2707 2773 2813 2830 pro
2836 2754 3060 2813 clericis
3081 2773 3220 2828 ape-

1937 2848 2076 2918 ruit,
2113 2848 2241 2922 pias
2275 2846 2543 2905 instituit
2589 2844 2953 2907 sodalitates.
3000 2861 3221 2919 paupe-

1937 2957 2071 2995 rum
2103 2937 2228 3012 egit
2260 2954 2476 2994 curam.
2542 2933 2709 3001 Quod
2745 2951 2788 2991 s.
2825 2933 3063 2992 Carolus
3096 2931 3220 2989 Me·

1936 3025 2157 3083 diolani
2187 3024 2321 3093 fuit,
2354 3024 2656 3082 Bononiae
2686 3041 2809 3081 esse
2825 3022 2950 3096 ipse
2969 3020 3219 3080 studuit.

1939 3115 2160 3172 Domus
2207 3115 2335 3189 ejus
2380 3115 2506 3171 erat
2536 3110 2920 3171 seminarium
2954 3111 3219 3169 virorum

1936 3203 2283 3263 illustrium.
2320 3201 2530 3260 Studia
2561 3201 2826 3277 impense
2860 3204 2919 3258 et
2953 3198 3217 3259 liberali-

1933 3295 2026 3350 ter
2086 3292 2239 3350 aluit
2300 3294 2360 3349 et
2420 3290 2583 3349 fovit.
2646 3290 2715 3347 In
2776 3289 3033 3347 comitiis
3080 3291 3220 3364 post

1935 3380 2088 3439 Sixti
2120 3380 2186 3438 V.
2223 3384 2469 3438 mortem
2502 3379 2724 3437 habitis
2756 3397 2946 3437 unum
2978 3381 3215 3436 tantum

1935 3469 2285 3547 suffragium
2331 3487 2440 3545 pro
2480 3468 2893 3543 consequenda
2924 3468 3084 3525 Petri
3121 3485 3214 3523 ca·

1934 3559 2143 3617 thedra
2164 3559 2255 3616 illi
2270 3556 2478 3615 defuit.
2500 3558 2553 3614 S.
2568 3556 2809 3615 Carolus
2829 3558 3214 3616 Borromaeus

1933 3648 2039 3717 ,in
2072 3648 2279 3722 primis
2312 3646 2375 3704 G.
2409 3647 2744 3704 Paleottum
2767 3642 2855 3725 (in
2874 3638 3213 3724 con—ilium)

1931 3736 2267 3804 adhibebat,
2319 3755 2491 3810 quem
2528 3735 2721 3793 virum
2756 3734 2831 3791 ob
2863 3734 3212 3803 doctrinam,

1933 3825 2211 3900 pietatem
2260 3825 2321 3883 et
2364 3823 2788 3882 ecclesiasticae
2834 3823 3212 3882 administra-

1929 3914 2111 3972 tionis
2144 3913 2435 3989 insignem
2480 3932 2653 3972 usum
2700 3912 2939 3988 plurimi
2985 3930 3214 3985 semper

1929 3999 2189 4083 fecitl).‘
2230 4002 2491 4060 Decessit
2528 4000 2800 4063 22.Julii
2842 4008 3025 4061 1597.
3058 3999 3211 4058 Scri-

2007 4181 2043 4238 ι)
2072 4175 2157 4226 Ita
2181 4170 2425 4226 Basilica
2448 4169 2603 4224 Petri
2642 4170 2703 4223 in
2746 4169 2865 4223 vita
2891 4187 2932 4226 s.
2962 4169 3147 4224 Caroli
3171 4170 3209 4227 l.

1928 4249 1956 4301 1
1987 4260 2031 4297 c.
2061 4249 2108 4299 7.
2139 4244 2221 4298 Cf.
2250 4244 2417 4314 plura
2442 4242 2512 4295 de
2539 4242 2733 4296 eodem
2760 4258 2850 4312 ap.
2879 4240 3047 4324 Eggs‚
3076 4241 3212 4295 Pur·

1969 4333 2074 4369 ura
2097 4314 2264 4369 docta
2288 4315 2324 4368 l.
2352 4318 2403 4369 5.
2442 4332 2498 4366 n.
2526 4318 2625 4383 123
2673 4312 2946 4367 Fantuzzi
2989 4313 3211 4367 Notizie

1964 4386 2077 4455 egli
2105 4385 2367 4440 Scrittori
2394 4382 2685 4453 bolognesi
2707 4382 2802 4448 VI,
2820 4388 3085 4453 242—59;
3112 4384 3207 4438 Le-

1925 4458 2116 4512 desma
2142 4457 2211 4511 de
2238 4455 2358 4510 vita
2384 4458 2443 4509 et
2466 4458 2633 4510 rebus
2657 4454 2834 4525 gestis
2855 4457 2921 4509 G.
2947 4455 3207 4520 Paleotti,

1924 4528 2212 4583 Bononiae
2240 4532 2378 4584 1647
2404 4526 2464 4580 in
2491 4530 2561 4598 4.;
2590 4529 2735 4595 Aug.
2762 4526 2938 4580 Bruni
2978 4544 3008 4581 e
3036 4543 3098 4579 us
3125 4526 3206 4579 fa-

1924 4599 2202 4654 miliarem
2254 4600 2315 4652 in
2368 4599 2493 4652 Vet.
2552 4615 2654 4652 scr.
2706 4615 2798 4651 am
2842 4597 2880 4658 1.
2931 4545 3041 4650 coll]

1925 4674 2305 4730 1385-14382
2334 4673 2392 4724 et
2412 4670 2639 4734 Menae,
2668 4667 2767 4736 qui
2820 4685 2919 4723 use
2945 4595 3212 4723 dentatis}

588 4709 648 4765 0‘
707 4708 1041 4783 principum
1103 4713 1360 4768 01³t0r0³
1423 4709 1599 4780 adire,
1663 4727 1865 4769 001‘11112
1922 4740 2090 4795 Rara.
2119 4742 2183 4796 G.
2211 4740 2626 4794 Paleotti·s.1it..
2654 4739 2904 4794 Nachlass
2948 4740 3010 4793 in
3048 4740 3210 4795 Rem.

587 4797 834 4855 consilia
864 4799 1024 4856 ultro
1058 4797 1323 4874 citroque
1353 4798 1604 4867 referre;
1640 4799 1690 4857 si
1724 4798 1868 4875 quid
1924 4811 2162 4876 Qtlschr.
2189 4812 2283 4877 XI,
2312 4814 2512 4884 (1897),
2532 4814 2834 4869 333-429.
2860 4845 2923 4852 -
2953 4811 3116 4865 Alius
3136 4812 3206 4864 ab
