3625 5193
434 265 553 318 421

1358 247 1389 300 J
1394 263 1604 303 oannes
1631 248 1898 311 Busaeus,
1928 243 2127 297 David.

2926 261 3049 314 422

435 451 658 494 errores
705 436 830 490 tam
863 432 925 490 in
967 443 1080 501 13„
1127 451 1305 507 quam
1337 432 1401 490 in
1432 433 1564 491 aliis
1598 433 1717 491 col·
1772 429 2123 506 degarde,
2155 430 2232 487 ib.
2268 438 2427 491 1602
2452 430 2515 487 in
2539 441 2602 498 ⁴3
2637 428 3053 488 JoannisTri·

434 522 758 581 lationibus
805 521 980 580 obvia
1023 539 1152 579 esse
1197 521 1404 590 voluit,
1448 540 1717 597 quaeque
1772 519 1853 577 th
1874 518 2052 576 emii
2102 519 2192 576 ab.
2243 537 2418 594 opera
2460 521 2570 593 pia
2619 526 2669 576 et
2717 521 3055 593 spiritualia

434 611 867 686 digressionum
902 610 1092 668 instar
1109 610 1347 686 plenius
1366 610 1439 668 de
1461 610 1716 687 singulis
1775 610 2075 683 quotquot
2102 607 2349 683 reperiri
2386 610 2734 683 potuerunt,
2769 607 2846 665 ib.
2889 618 3052 671 1604

437 702 713 759 tractant.
752 699 956 757 Edidit
1000 702 1063 757 et
1093 717 1137 757 8.
1169 698 1452 757 Bernardi
1487 701 1556 758 de
1585 719 1717 758 con·

432 789 776 847 sideratione
820 788 875 848 ll.
923 788 984 846 V.
1021 820 1108 831 —-
1139 786 1402 846 Joannes
1448 789 1717 848 Busae-

433 875 578 958 us1)
631 873 849 958 (Buys)
900 877 954 938 S.
1001 876 1054 935 J.
1118 877 1607 953 Noviomagensis
1658 874 1718 957 (†

439 965 776 1042 Moguntiae
813 975 912 1028 30.
930 965 1066 1041 Maji
1096 977 1122 1028 1
1139 976 1257 1027 611
1281 985 1328 1024 8.
1350 967 1559 1024 aetatis
1585 963 1714 1046 64),

439 1074 483 1113 8.
515 1055 897 1131 Scripturam,
928 1054 1284 1130 theologiam
1309 1055 1714 1115 scholasticam

427 1147 493 1202 et
510 1144 882 1218 quaestiones
897 1143 968 1201 de
984 1143 1250 1202 moribus
1282 1163 1467 1203 annos
1490 1145 1609 1203 sere
1635 1153 1712 1206 22

440 1232 776 1308 Moguntiae
825 1233 1129 1307 professus
1171 1235 1280 1302 est,
1325 1233 1713 1300 innocentiae,

437 1321 786 1397 prudentiae
839 1321 1253 1395 virtutumque
1306 1323 1713 1398 religiosarum

434 1414 495 1468 et
523 1410 776 1487 insignis
822 1409 1126 1469 doctrinae
1177 1410 1455 1485 opinione
1503 1412 1716 1473 clarus.

1772 697 1838 754 in
1860 697 1898 754 f.
1917 718 1931 767 3
1965 695 2413 771 Raralipomena
2432 698 2839 771 opusculorum
2859 698 3053 756 Petri

1773 785 2119 855 BlessensiS,
2153 785 2324 844 Joan.
2358 784 2791 854 Trithemii,
2831 785 3053 845 Hinc-

1775 875 1961 932 mari
2011 874 2397 950 aliorumque,
2448 875 2527 935 ib.
2580 884 2742 938 1605
2793 875 2857 933 in
2908 885 2960 938 8.
2994 879 3056 934 et

1773 963 2047 1022 Coloniae
2105 963 2471 1039 Agrippinae
2522 974 2547 1024 1
2566 972 2709 1027 624.
2760 963 3053 1032 Quosdam

1778 1051 1962 1111 libros
1993 1071 2024 1109 e
2054 1052 2264 1128 lingua
2292 1053 2436 1111 itala
2467 1053 2650 1111 vertit
2679 1053 2741 1111 in
2779 1051 3050 1122 latinam;

1775 1140 1925 1199 alios
1957 1141 2082 1217 ipse
2128 1141 2458 1217 composuit
2488 1142 2706 1216 partim
2755 1143 3051 1211 asceticoS,

1774 1230 1881 1303 qui
1910 1230 2111 1306 magni
2141 1231 2293 1288 fiunt
2325 1234 2385 1289 et
2427 1231 2580 1289 inter
2609 1249 2759 1306 quos
2802 1233 3051 1290 maxime

1773 1319 2222 1377 commendatur
2252 1321 2381 1394 ejus
2402 1320 2783 1378 Euchiridion
2808 1322 3053 1392 piatum

1773 1409 2227 1478 meditationum,
2241 1408 2570 1484 saepissime
2582 1408 3052 1484 editum,partim

440 1499 709 1557 Plurium
773 1502 1043 1557 veterum
1114 1500 1468 1574 scriptorum
1531 1500 1718 1558 edidit
1771 1497 2109 1572 polemi008‚
2143 1501 2241 1555 ut:
2277 1498 2614 1574 Disputatio
2636 1498 2969 1574 theologica
2987 1499 3056 1555 de

437 1606 643 1663 opera:
708 1588 867 1644 Petri
917 1588 1249 1658 Blessensis,
1313 1589 1716 1647 bathoniensis
1757 1586 1984 1660 jejunio
1998 1593 2049 1643 et
2062 1586 2276 1644 delectu
2288 1586 2545 1645 ciborum
2556 1586 2837 1645 adversus
2848 1588 3052 1646 Chem-

433 1675 734 1751 quondam
749 1675 813 1733 in
829 1677 1046 1751 Anglia
1064 1677 1457 1737 archidiaconi
1475 1683 1536 1737 et
1558 1679 1717 1754 apud
1772 1674 1989 1733 uitium
2024 1677 2086 1732 et
2116 1679 2338 1734 ceteros
2362 1680 2690 1743 novatores,
2714 1677 3053 1752 Moguntiae

439 1766 905 1823 cantuariensem
922 1765 1520 1840 archiepcanoellarii
1540 1785 1717 1841 opera
1780 1774 1804 1823 l
1824 1771 1945 1825 583
2000 1763 2063 1821 in
2117 1774 2183 1831 43
2236 1763 2564 1840 disputatio
2614 1765 2944 1841 theologica
2987 1765 3055 1822 de

439 1873 598 1912 nunc
628 1854 890 1929 primum
921 1855 984 1912 in
1005 1854 1194 1912 lucem
1215 1855 1501 1930 producta
1514 1854 1580 1936 ¹),
1617 1876 1714 1913 va·
1762 1869 2022 1925 persona
2059 1852 2275 1910 Christi
2308 1856 2583 1912 adversus
2619 1853 3051 1927 ubiquetarioS,

436 1942 659 2019 riisque
690 1943 1071 2013 lectionibus,
1105 1943 1262 2002 notis
1295 1948 1357 2001 et
1399 1945 1715 2021 praefatio-

433 2032 609 2090 nibus
641 2031 956 2103 illustrata,
991 2033 1335 2108 Mogunt-iae
1364 2045 1528 2096 1600
1561 2033 1626 2092 in
1660 2044 1714 2094 4.

429 2116 697 2200 (recepta
741 2139 978 2195 quoque
1012 2121 1075 2178 in
1109 2121 1212 2180 SS.
1246 2121 1359 2182 ΡΡ.
1392 2122 1714 2181 bibliothe-

436 2227 564 2266 cam
614 2209 1007 2268 coloniensem
1041 2209 1151 2267 XII
1193 2229 1248 2286 p.
1304 2221 1337 2272 2
1392 2214 1453 2269 et
1499 2211 1716 2288 lugdu-

441 2316 682 2356 nensem
702 2297 902 2368 XXIV,
929 2297 1367 2380 911—1463);
1394 2302 1715 2358 Anasta-

1772 1941 1855 1999 ib.
1900 1948 2063 2003 1583
2098 1941 2163 1998 in
2198 1951 2272 2011 4.,
2307 1960 2441 2000 cum
2474 1944 2815 2018 apoloyetico
2848 1943 3053 2001 adver-

1774 2049 1874 2087 sus
1896 2028 2153 2098 Gerlach,
2177 2030 2335 2105 quod
2356 2031 2579 2106 prodiit
2597 2031 2676 2089 ib.
2699 2040 2883 2100 1588,
2903 2050 3053 2106 quae

1773 2117 1956 2176 editio
1987 2117 2209 2177 dicitur
2252 2139 2286 2176 a
2325 2121 2681 2178 nonnemine
2726 2121 3052 2189 rarissima;

1773 2211 1835 2263 et
1883 2209 2224 2281 refutatione
2283 2208 2709 2266 cavillationum
2770 2208 3049 2282 ejusdem,

1781 2304 1968 2365 1591,
2012 2305 2207 2363 1594;
2241 2314 2374 2354 cum
2407 2297 2590 2372 priori
2621 2307 2813 2364 1609;
2848 2297 3051 2373 dispu—

438 2387 539 2443 sii
574 2387 629 2447 S.
663 2387 727 2444 R.
762 2387 824 2444 Ε.
859 2387 1292 2446 bibliothecarii
1342 2388 1617 2448 historiae
1651 2390 1718 2445 de
1772 2384 1926 2442 tatio
1957 2385 2025 2441 de
2054 2385 2322 2443 descensu
2357 2385 2574 2443 Christi
2604 2387 2682 2442 ad
2712 2387 2930 2460 inferos
2951 2386 3049 2446 ad·

431 2477 566 2533 vitis
597 2474 699 2533 SS.
719 2476 1057 2550 Pontificum
1092 2495 1283 2552 usque
1315 2478 1387 2535 ad
1409 2478 1718 2537 Nicoiaum

437 2564 481 2621 I.
515 2564 757 2640 adjectis
790 2564 1022 2623 duabus
1063 2565 1199 2623 aliis
1246 2565 1386 2625 vitis
1434 2584 1501 2625 ex
1549 2567 1594 2625 G
1611 2566 1715 2625 ui-

439 2654 542 2712 lie
558 2655 581 2712 1
598 2674 652 2711 m
671 2673 705 2713 o
737 2653 1185 2713 bibliothecario
1218 2673 1351 2713 cum
1384 2657 1564 2714 variis
1598 2657 1716 2715 lec·

435 2743 700 2801 tionibus
721 2761 863 2801 mss.
885 2742 1152 2802 codicum
1166 2764 1178 2812 ;
1205 2745 1450 2802 accessit
1469 2746 1513 2801 L
1526 2764 1567 2802 u
1579 2745 1598 2802 i
1611 2745 1648 2803 d
1661 2750 1717 2803 t-

436 2852 474 2906 p
493 2851 524 2889 r
539 2851 572 2888 a
587 2850 626 2889 n
644 2832 680 2889 d
697 2832 734 2900 i,
761 2831 1064 2890 ticinensis
1095 2831 1342 2901 diaconi,
1366 2833 1716 2909 opusculum

429 2920 510 2978 de
540 2921 683 2979 vitis
716 2940 859 2978 rom.
892 2920 1270 2996 pontificum3
1316 2922 1459 2981 item
1498 2922 1718 2980 Albo-

440 3009 561 3067 nis
594 3009 955 3068 floriacensis
988 3010 1240 3085 epitome
1274 3012 1344 3068 de
1365 3011 1506 3068 vitis
1524 3011 1718 3085 ponti-

437 3098 612 3155 ficum
663 3117 731 3156 ex
776 3098 1077 3156 Anastasii
1130 3099 1378 3158 historia
1427 3103 1716 3174 excerpta,

441 3187 782 3262 Moguntiae
856 3195 1017 3250 1602
1073 3188 1134 3245 in
1189 3197 1257 3256 43
1321 3188 1721 3246 Hincmari

439 3276 762 3334 rhemensis
794 3275 1210 3351 archiepiscopi
1239 3278 1508 3353 epistolae
1527 3297 1594 3336 ex
1615 3297 1719 3338 me.

440 3363 564 3422 cod.
582 3364 970 3422 bibliothecae
1000 3365 1281 3423 ecclesiae
1318 3367 1599 3441 spirensis
1621 3366 1720 3424 de-

438 3453 727 3528 scriptae3
771 3471 1059 3512 accessere
1093 3454 1235 3513 haec
1270 3459 1719 3514 coaetaneorum

442 3542 693 3616 scripta:
753 3542 798 3600 Τ
817 3543 851 3598 h
871 3561 902 3599 e
921 3562 954 3599 o
972 3544 1004 3598 d
1026 3563 1065 3601 u
1083 3543 1104 3600 l
1123 3563 1161 3618 p
1179 3544 1250 3601 hi
1296 3543 1721 3602 aurelianensis

440 3630 698 3706 episcopi
721 3633 986 3704 epistolae
987 3650 1014 3705 ,·
1031 3634 1455 3691 constitutiones
1486 3633 1527 3690 C
1538 3653 1570 3689 a
1581 3652 1612 3689 r
1623 3652 1657 3689 o
1672 3632 1722 3689 li

445 3720 554 3788 M.;
601 3722 718 3777 vita
752 3739 791 3777 s.
828 3720 1233 3795 Wigberti,
1283 3721 1420 3779 socii
1469 3740 1511 3779 s.
1543 3722 1724 3780 Boni·

442 3807 577 3865 facii
610 3808 862 3883 archiep.
896 3809 1253 3885 moguntini,
1274 3814 1335 3867 et
1364 3813 1482 3868 vita
1515 3830 1556 3868 s.
1593 3812 1723 3869 Ru-

443 3918 480 3971 p
498 3915 529 3953 e
544 3916 574 3953 r
592 3898 651 3954 ti
674 3897 1022 3973 Bingiorum
1045 3898 1229 3968 ducis,
1249 3903 1490 3957 auctore
1510 3918 1553 3956 8.
1578 3899 1723 3956 Ηί1-

519 4017 556 4083 ¹)
585 4012 875 4083 Distingui
915 4014 1007 4066 hic
1047 4014 1214 4067 debet
1241 4034 1274 4067 a.
1300 4014 1414 4068 suis
1460 4015 1727 4068 fratribus

442 4086 490 4137 G
507 4085 770 4138 erhard
787 4103 817 4136 o
846 4088 892 4155 (†
919 4088 1097 4149 1581),
1125 4087 1222 4153 qui
1251 4087 1423 4139 etiam
1450 4086 1729 4153 quaedam

442 4157 651 4224 scripta
694 4156 963 4209 adversus
1007 4160 1389 4225 protestantes
1431 4158 1627 4222 edidit,
1673 4159 1732 4211 et

443 4226 486 4279 P
504 4231 615 4280 etr
632 4245 663 4281 o
691 4229 742 4280 S.
771 4229 821 4281 J.
849 4237 896 4297 st
925 4232 1100 4297 1587),
1128 4228 1233 4295 qui
1251 4248 1511 4282 &nimam
1534 4232 1727 4282 doctri-

444 4317 544 4353 nae
586 4302 914 4352 christianae
959 4301 1004 4352 b.
1049 4302 1197 4353 Petri
1241 4303 1445 4355 canisii
1484 4300 1728 4380 Scriptu-

443 4385 535 4423 rae
563 4369 904 4423 testimoniis
963 4373 1266 4438 atrumque
1287 4370 1583 4424 sententiis
1604 4370 1729 4423 illu·

445 4441 662 4501 stravit,
685 4439 906 4493 Prodiit
975 4458 1037 4494 oc
1064 4460 1194 4508 opus
1220 4446 1606 4496 catechisticum
1634 4442 1728 4495 Co-

443 4512 629 4567 loniae
648 4516 786 4568 1569
802 4511 863 4563 in
878 4516 937 4581 4;
967 4511 1192 4565 auctius
1208 4515 1264 4565 et
1279 4513 1577 4566 correctius
1591 4516 1727 4569 1577

443 4583 502 4635 in
531 4584 568 4637 f.

525 4660 564 4724 2)
593 4653 877 4721 Deceptus
928 4655 1014 4706 est
1063 4654 1106 4706 B
1123 4672 1158 4707 u
1176 4672 1200 4707 s
1217 4671 1249 4707 a
1266 4671 1294 4707 e
1314 4673 1350 4708 u
1369 4673 1409 4718 s,
1463 4671 1526 4707 ea
1577 4655 1727 4708 enim

443 4741 616 4795 opera,
634 4726 756 4791 jam
783 4725 1034 4777 ediderat
1070 4726 1314 4780 Jacobus
1355 4727 1408 4779 M
1428 4746 1455 4781 e
1474 4745 1500 4779 r
1517 4726 1569 4779 li
1587 4745 1620 4779 n
1635 4744 1671 4779 ιι
1689 4744 1727 4793 8,

443 4796 673 4850 Parisiis
702 4800 856 4852 1579.

1773 2491 1979 2532 versus
2022 2473 2325 2531 decretum
2366 2474 2403 2531 1.
2438 2474 2788 2533 Concordiae
2831 2475 3051 2534 Luthe-

1774 2580 2072 2633 ranorum,
2106 2562 2373 2623 Coloniae
2412 2573 2575 2627 1586
2611 2564 2675 2622 in
2710 2573 2779 2635 43
2812 2565 2882 2623 de
2912 2565 3050 2641 bap·

1774 2654 1935 2710 tismi
1964 2655 2306 2728 necessitate,
2343 2657 2405 2711 et
2435 2653 2787 2712 nominatim
2809 2653 2881 2712 de
2902 2655 3050 2713 Con·

1776 2741 2038 2800 stantino
2070 2742 2147 2804 M.
2178 2761 2254 2800 an
2284 2742 2348 2799 in
2379 2742 2495 2801 fine
2527 2743 2683 2801 vitae
2702 2743 2886 2801 fuerit
2906 2722 3065 2819 bap-⁶

1775 2831 2013 2900 tizatuS,
2066 2838 2233 2893 1689
2281 2832 2345 2890 in
2380 2841 2445 2901 43
2491 2833 2561 2890 de
2602 2832 2844 2890 statibus
2874 2834 3051 2891 homi-

1774 2921 1887 2995 nis,
1912 2919 2254 2995 Moguntiae
2283 2930 2466 2989 1613,
2489 2940 2640 2996 opus
2660 2940 2862 2980 rarum
2877 2918 2922 3002 ¹)
2946 2926 3053 2979 etc.

1778 3007 2077 3082 Opnscula
2122 3009 2251 3084 ejus
2300 3010 2586 3085 polemica
2630 3011 2899 3086 spiritum
2933 3011 3049 3085 spi·

1777 3099 1914 3154 rant
1932 3098 2402 3156 mansuetudinis
2422 3101 2482 3157 et
2502 3098 2784 3158 caritatis.
2805 3132 2890 3143 --
2911 3101 3055 3176 Ejus

1779 3184 1996 3244 sodalis
2042 3186 2302 3245 «Ioannes
2358 3188 2598 3245 David
2661 3188 3056 3247 Cortracensis

1777 3278 1914 3333 ante
1947 3293 2123 3333 suum
2156 3276 2217 3334 in
2238 3276 2576 3334 societatem
2599 3276 2931 3352 ingressum
2951 3297 3055 3353 pa-

1776 3365 1930 3421 triae
1962 3364 2221 3422 civitatis
2252 3365 2566 3440 parochuS,
2607 3369 2697 3423 ter
2747 3366 2820 3424 ab
2855 3367 3056 3424 haere·

1778 3452 1917 3510 ticis
1950 3452 2013 3510 in
2045 3454 2317 3511 exsilium
2351 3454 2560 3527 pulsus
2602 3457 2708 3510 est.
2757 3454 3056 3512 Vilissimo

1779 3544 1841 3599 et
1891 3540 2210 3599 durissimo
2262 3545 2451 3600 strato
2514 3542 2817 3614 utebatur,
2879 3561 3058 3619 penes

1780 3629 1940 3705 quod
1964 3630 2200 3704 jacebat
2232 3630 2463 3688 loculus
2498 3630 2879 3706 sepulchralis
2901 3651 3057 3690 mor-

1781 3718 1861 3775 tis
1894 3719 2164 3777 monitor.
2216 3719 2478 3777 Gandavi
2525 3720 2650 3777 suis
2681 3720 3059 3779 concionibus

1783 3807 1991 3878 effecit,
2035 3810 2104 3865 ut
2138 3808 2425 3884 imagines
2473 3811 2808 3868 sanctorum
2842 3810 3059 3884 passim

1784 3915 1888 3971 per
1921 3896 2129 3954 urbem
2179 3898 2251 3954 ab
2280 3897 2674 3956 iconomachis
2707 3899 3059 3957 deturbatae

1784 3985 2023 4059 publico
2054 3985 2409 4061 privatoque
2447 4005 2577 4043 aere
2623 3993 3060 4061 reponerentur.

1787 4074 1999 4131 Sancte
2062 4074 2375 4133 defunctus
2439 4080 2531 4132 est
2581 4077 2952 4151 Antwerpiae
3007 4088 3059 4137 9.

1785 4163 1881 4221 vel
1916 4172 1972 4224 4.
2004 4165 2262 4239 Augusti
2303 4172 2466 4226 1613
2512 4184 2559 4220 8.
2594 4165 2803 4222 aetatis
2839 4174 2935 4227 67.
2969 4184 3058 4222 re-

1787 4251 1945 4309 lictis
1992 4270 2169 4325 quam
2216 4253 2491 4327 plurimis
2543 4249 2678 4333 (30)
2725 4254 2795 4310 de
2828 4260 3060 4310 contro-

1785 4341 1980 4398 versia
2029 4342 2328 4416 opusculis
2379 4343 2473 4400 vel
2521 4342 2786 4398 asceticis
2837 4343 2900 4398 in
2950 4342 3061 4398 lin-

1785 4448 1904 4503 gua
1936 4426 2242 4510 belgica2).
2278 4466 2363 4473 —
2395 4431 2653 4489 ‚Iacobus
2688 4431 2919 4504 Bajus
2956 4428 3062 4499 (du

1866 4586 1902 4653 ¹)
1930 4583 2010 4636 Cf.
2052 4581 2168 4634 alia
2210 4582 2461 4651 ejusdem
2504 4598 2671 4649 opera
2715 4580 2870 4650 apud
2914 4581 3065 4633 Som-

1787 4652 2071 4722 mervogel
2100 4654 2163 4717 ΙΙ,
2190 4657 2452 4710 416-39.

1862 4732 1900 4795 9)
1929 4725 2009 4778 Cf.
2039 4724 2372 4787 Sotvellum,
2402 4723 2666 4777 Biblioth.
2695 4723 2894 4791 Script.
2923 4722 2972 4775 S.
2995 4721 3026 4774 J
3033 4742 3064 4793 .;

1787 4796 2204 4863 Sommervogel
2236 4796 2300 4858 ll,
2326 4800 2624 4851 1544-53.

2642 4886 2740 4939 14*
