3625 5193
1173 231 1547 283 1621-1640,
1575 226 1885 298 Theologia
1911 228 2087 282 schol.
2116 228 2355 288 'Panner‚
2383 222 2698 288 Moncaeus‚
3123 241 3255 293 (340

625 242 750 296 639

621 410 939 485 imperator
984 410 1268 471 Viennam
1303 411 1630 482 accersivit,
1677 416 1750 471 ut
1797 432 1902 489 pro
1930 419 1936 474 1
1945 415 2144 491 judice
2173 413 2709 480 controversiarum,
2745 410 3037 469 Monachii
3084 421 3247 473 1599

621 500 872 559 Mai-tino
905 500 1135 558 Becano
1156 500 1516 577 theologiam
1548 502 1901 576 explicat-0123
1959 505 2023 562 in
2058 513 2128 573 43
2162 504 2510 577 defensionis
2531 500 2813 558 Ecclesiae
2832 500 3110 557 libertatis
3130 499 3188 558 u.
3210 503 3260 558 2

619 588 1029 647 Ferdinandus
1079 608 1217 649 vero
1249 589 1326 650 II.
1357 591 1668 667 pragensis
1700 591 1902 650 acade-
1959 596 2165 652 contra
2208 597 2456 651 venetae
2500 608 2709 648 causae
2754 592 3033 663 patronos
3080 587 3257 650 Joan.

618 677 774 736 miae
834 678 1143 737 constituit
1192 680 1622 738 cancellarium.
1688 680 1904 740 Suecos
1960 681 2391 740 Marsilium
2454 678 2898 753 neapolitanum
2962 683 3022 735 et
3074 677 3257 735 Pau·

617 766 855 842 fugiens
885 771 1158 826 mortuus
1191 772 1284 826 est
1313 769 1378 826 in
1407 768 1621 827 itinere
1652 770 1905 843 patriam
1960 773 2113 829 lum
2145 773 2427 830 venetum
2445 767 2735 826 Servitam
2770 770 2897 836 eto„
2933 766 2996 823 in
3027 765 3257 841 quibus

617 874 825 913 versus
845 856 908 914 in
929 875 1096 931 pago,
1120 876 1297 932 quem
1316 861 1530 916 vocant
1550 857 1776 927 Unken‚
1804 866 1902 919 25.

619 944 757 1019 Maji
799 954 958 1007 1632
1007 964 1056 1002 a.
1092 947 1304 1004 aetatis
1340 957 1438 1006 60.
1504 947 1606 1004 Vir
1649 947 1768 1005 fuit
1811 948 1904 1004 in-

619 1033 794 1108 genio
826 1034 965 1102 acri,
989 1035 1161 1104 seri0,
1187 1035 1407 1104 sedulo,
1433 1053 1754 1110 paucorum
1774 1055 1902 1094 ver-

618 1123 848 1192 borum,
898 1142 1250 1199 magnarum
1300 1125 1765 1200 cogitationum3
1817 1125 1904 1183 la·

619 1211 762 1278 tine,
796 1230 1018 1287 graece,
1066 1213 1333 1271 hebraice
1379 1214 1614 1289 egregie
1659 1213 1903 1281 doctus;

584 1303 591 1309 ’
621 1299 895 1358 historiae
929 1301 1357 1360 ecclesiasticae
1387 1302 1650 1376 peritus;
1686 1321 1764 1364 88.
1798 1322 1904 1376 pa-

620 1391 781 1446 trum
829 1391 888 1447 et
931 1391 1309 1464 antiquitatis
1357 1391 1609 1466 diligens
1641 1395 1704 1448 et
1734 1391 1902 1449 inde-

620 1476 813 1535 fessus
859 1479 1307 1554 pervestigator.
1371 1479 1586 1556 Magna
1635 1484 1762 1538 erat
1810 1479 1904 1537 illi

619 1565 775 1640 apud
810 1585 1009 1625 omnes
1054 1569 1376 1626 auctoritas
1417 1573 1539 1626 tam
1572 1588 1605 1626 a
1638 1568 1901 1627 moribus

621 1673 797 1727 quam
829 1656 902 1712 ab
920 1655 1267 1715 eruditione.
1302 1657 1548 1715 Michael
1564 1676 1597 1714 a
1614 1676 1655 1715 8.
1678 1657 1716 1714 J
1720 1657 1902 1733 oseph

621 1739 916 1823 (bibliogr.
964 1744 1096 1802 crit.
1143 1746 1187 1814 Ι,
1241 1743 1345 1824 99)
1409 1746 1482 1804 de
1544 1764 1610 1803 eo
1658 1747 1902 1804 scribit:

626 1833 826 1898 ,Inter
874 1833 1086 1891 aetatis
1131 1853 1276 1892 snae
1328 1835 1634 1910 theologos
1666 1840 1902 1893 contro-

619 1921 912 1990 ve1·sistaS‚
959 1941 1108 1996 quos
1155 1941 1274 1980 una
1305 1924 1617 1982 Germania
1649 1925 1903 1998 optimos

618 2009 845 2078 habuit,
879 2010 1107 2083 primus
1139 2012 1192 2069 ei
1225 2012 1387 2070 locus
1413 2014 1550 2087 jure
1583 2013 1900 2089 designan-

618 2097 730 2155 dus
764 2104 869 2167 est,
906 2099 1020 2157 nisi
1066 2101 1199 2174 quis
1231 2103 1553 2160 contendat
1584 2102 1901 2176 primatum

618 2186 817 2261 potius
852 2189 1079 2247 Becano
1112 2189 1312 2247 deberi
1334 2194 1577 2266 propter
1607 2190 1899 2266 insignem

618 2276 731 2333 viri
765 2277 1306 2351 perspicuitatem.‘
1370 2279 1560 2348 Quare
1604 2281 1668 2337 in
1711 2280 1903 2355 elogio

617 2365 668 2422 ei
704 2366 778 2422 ab
810 2365 1108 2425 academia
1146 2368 1597 2444 ingolstadiensi
1646 2369 1899 2438 decretn,

620 2454 902 2528 ,scriptis
955 2474 1130 2530 quam
1192 2457 1469 2530 plurimis
1532 2457 1702 2514 libris
1765 2456 1901 2515 fidei

616 2547 1022 2619 propugnator
1072 2545 1463 2603 solidissimus
1516 2548 1578 2603 et
1638 2545 1899 2620 pruden-

615 2631 929 2689 tissimus‘
964 2632 1313 2690 affirmatur.
1366 2634 1603 2692 Potiora
1634 2634 1901 2708 ejusdem

617 2738 792 2794 opera
823 2724 988 2777 sunt:
1034 2721 1308 2778 Universa
1351 2723 1625 2797 theoloqia
1655 2724 1900 2781 seholas·

615 2809 748 2882 tic-a,
783 2809 1153 2883 speculativa,
1175 2812 1436 2884 practica
1468 2812 1548 2868 ad
1579 2813 1899 2871 methodum

615 2914 659 2952 s.
698 2896 960 2967 Thomae,
993 2897 1341 2973 Ingolstadii
1387 2909 1569 2969 1626,
1603 2910 1761 2963 1627
1784 2921 1836 2959 v.
1862 2912 1896 2963 4

616 2983 681 3039 in
711 2983 768 3049 f.‚
803 3002 951 3060 opus
983 2986 1156 3059 plane
1186 2986 1582 3065 egregium¹);
1617 2991 1896 3064 Disputa-

614 3073 830 3129 tionum
881 3075 1324 3149 theoloyicarum
1373 3080 1435 3135 in
1484 3096 1674 3136 omnes
1697 3088 1900 3152 partes

617 3160 887 3220 Summae
916 3165 1249 3240 theologicae
1277 3187 1325 3224 s.
1355 3167 1603 3225 Thomae
1623 3169 1731 3242 Aq.
1756 3169 1810 3227 ll.
1839 3172 1897 3241 4,

614 3268 869 3324 quorum
901 3252 1124 3328 singuli
1159 3254 1415 3330 singulis
1437 3256 1710 3329 partibus
1739 3258 1896 3331 ejus·

613 3338 744 3396 dem
777 3359 1038 3400 summae
1070 3344 1442 3417 respondent,
1476 3344 1553 3402 ib.
1586 3353 1748 3407 1618
1780 3364 1832 3403 v.
1860 3355 1892 3405 2

612 3428 673 3485 in
709 3439 782 3497 8.,
817 3447 951 3487 cum
982 3433 1372 3503 supplemento
1408 3443 1443 3493 4
1479 3434 1897 3508 complectenti

612 3517 1036 3593 disputationes
1070 3521 1192 3578 scil.
1225 3521 1297 3579 de
1329 3522 1457 3597 ipsa
1490 3540 1534 3579 s.
1568 3522 1897 3598 theologiae

612 3606 872 3675 scientia,
896 3608 968 3665 de
989 3610 1109 3667 Deo
1142 3613 1201 3667 et
1234 3609 1543 3668 attributis
1566 3611 1801 3681 divinis,
1824 3612 1896 3670 de

610 3696 858 3769 angelis,
875 3695 946 3753 de
963 3715 1040 3753 88.
1065 3699 1279 3755 missae
1304 3700 1605 3763 sacrificio,
1623 3700 1702 3758 ib.
1729 3711 1801 3761 16
1816 3710 1892 3761 20

611 3782 672 3839 in
697 3794 750 3844 S.
786 3784 1033 3858 Reliqua
1057 3786 1176 3842 sere
1202 3788 1399 3844 omnia
1425 3794 1568 3845 sunt
1596 3789 1895 3863 polemica.

612 3871 700 3927 De
735 3872 896 3928 verbo
929 3873 1038 3929 Dei
1069 3877 1280 3945 scripto
1313 3883 1362 3932 et
1383 3894 1490 3933 non
1513 3880 1729 3949 scripto
1759 3881 1898 3937 etde

691 4060 726 4123 ¹)
755 4057 1035 4110 Scheeben
1082 4058 1300 4113 Handb.
1348 4062 1444 4115 der
1488 4062 1645 4117 kath.
1696 4065 1892 4135 Dogm.

609 4126 648 4177 l.
676 4131 723 4181 1.
768 4145 819 4180 n.
850 4133 1018 4184 1095:
1072 4129 1456 4187 Deutschland
1501 4135 1687 4188 zahlte
1728 4139 1896 4189 ausser

611 4196 715 4250 den
736 4198 1226 4265 eingewandertcn
1253 4221 1362 4256 nur
1385 4204 1584 4257 einen
1613 4207 1897 4260 wahrhaft

609 4272 816 4334 grossen
844 4270 1164 4337 Theologen
1185 4278 1249 4332 A,
1281 4274 1325 4325 T
1342 4292 1374 4327 a
1390 4293 1427 4327 n
1446 4295 1481 4327 n
1499 4293 1528 4329 e
1544 4294 1586 4342 r,
1615 4278 1722 4330 (len
1751 4285 1891 4331 wiir·

1961 860 2279 935 praecipua
2340 860 2400 917 et
2461 855 2894 915 ecclesiasticae
2955 853 3257 913 libertatis

1960 950 2342 1007 fundamenta
2403 949 2785 1021 exponuntur
2847 960 2907 1002 et-
2970 944 3254 1003 adversae

1954 1043 2169 1097 'causae
2218 1038 2590 1095 firmamenta
2631 1033 3008 1102 refelluntur,
3042 1032 3252 1108 Ingol-

1961 1127 2137 1185 stadii
2178 1136 2342 1190 1604
2379 1126 2442 1183 in
2478 1137 2546 1194 43
2583 1123 2876 1180 Lutheras
2897 1140 3002 1180 seu
3022 1122 3250 1180 Anato-

1960 1218 2110 1274 miae
2152 1214 2523 1290 confessionis
2568 1218 2926 1288 anqustanae
2947 1231 3011 1284 p.
3044 1215 3130 1284 1.,
3186 1211 3247 1268 in

1959 1325 2079 1378 qua
2109 1306 2307 1364 decem
2342 1301 2676 1361 rationibus
2731 1301 2803 1357 ab
2837 1301 2965 1374 ipso
2998 1300 3251 1374 ejusque

1959 1393 2343 1452 confessionis
2376 1390 2688 1467 praecipuo
2723 1394 2960 1448 auctore
2990 1389 3253 1446 Luthero

1959 1482 2287 1558 desumptis
2300 1479 2617 1556 praecipue
2635 1479 3100 1544 demonstratur,
3118 1496 3247 1534 eam

1959 1573 2126 1630 nulla
2147 1571 2275 1642 fide,
2301 1568 2402 1629 sed
2414 1570 2584 1644 justa
2618 1567 2818 1642 potius
2847 1566 3252 1625 exsecratione

1958 1661 2199 1736 dignam
2232 1678 2378 1728 esse,
2413 1659 2489 1715 ib.
2530 1665 2694 1718 1613
2733 1656 2797 1714 in
2834 1667 2905 1725 43
2956 1655 3244 1714 Ecclesia-

1957 1753 2133 1808 sticus
2164 1768 2271 1807 seu
2305 1749 2648 1806 Anacomiae
2685 1745 3057 1816 confessionis
3086 1763 3144 1819 p.
3166 1748 3246 1819 2„

1957 1839 2022 1896 in
2054 1857 2171 1914 qua
2203 1839 2402 1896 decem
2423 1833 2755 1894 rationibus
2776 1833 2849 1891 ab
2873 1834 3018 1908 ipsis
3044 1833 3244 1890 Eccle-

1959 1928 2077 1985 siae
2111 1945 2279 1986 verae
2313 1926 2474 1985 notis
2507 1943 2572 1981 ac
2604 1922 3074 1998 proprietatibus
3107 1940 3245 1996 per-

1959 2016 2162 2091 spicue
2193 2016 2654 2080 demonstratur,
2686 2011 2985 2070 ecclesiam
3019 2010 3245 2069 confes·

1958 2105 2145 2164 sionis
2180 2109 2545 2181 augustanae
2562 2120 2763 2159 veram
2786 2100 3107 2158 Ecclesiam
3129 2117 3252 2157 non

1957 2212 2104 2262 esse,
2152 2213 2286 2252 curn
2334 2193 2527 2250 solida
2571 2196 3058 2265 argumentorum
3109 2206 3248 2245 con·

1958 2283 2292 2350 trax-iorum,
2344 2299 2548 2340 eorum
2598 2279 2662 2337 in
2712 2278 2939 2353 primiS‚
2989 2295 3141 2351 quae
3186 2278 3250 2334 in

1957 2371 2273 2430 acatholico
2326 2369 2624 2429 volumine
2669 2367 2791 2425 Jac.
2824 2366 3246 2425 Heilbronneri

1956 2461 2353 2524 continentur,
2389 2456 2701 2522 solutione,
2736 2456 2814 2513 ib.
2846 2456 2909 2513 in
2946 2466 3000 2515 4.
3035 2454 3108 2511 Se
3141 2473 3248 2529 op-

1957 2549 2154 2624 posuit
2187 2549 2365 2607 etiam
2397 2548 2560 2606 dirae
2606 2544 2821 2621 agendi
2852 2544 3070 2602 rationi
3106 2562 3247 2602 con·

1957 2644 2051 2696 tra
2093 2657 2264 2715 sagas
2316 2636 2662 2710 censuitque
2715 2634 2948 2692 licitum
2995 2633 3249 2691 subinde

1956 2747 2084 2787 esse
2131 2728 2307 2786 certis
2354 2727 2466 2784 sub
2511 2722 2955 2783 conditionibus
2997 2740 3101 2796 pro
3137 2741 3247 2793 pe-

1956 2817 2132 2875 cunia
2164 2820 2372 2874 mutuo
2405 2815 2543 2872 data
2573 2812 2833 2887 accipere
2865 2829 3123 2869 usuram.

2049 3004 2189 3056 279.
2224 2994 2358 3052 Jam
2379 2992 2558 3066 paulo
2579 2990 2784 3064 plures
2821 2988 3055 3046 scholae
3073 2988 3243 3045 theo-

1956 3084 2118 3158 logos
2161 3084 2225 3140 in
2275 3083 2470 3138 Gallia
2515 3078 2866 3152 reperimus.
2930 3076 3244 3151 Philippus

1957 3174 2363 3230 Moncaeus
2411 3170 2462 3227 S.
2505 3168 2559 3225 J.
2607 3165 2973 3235 Parisiensis,
3020 3183 3243 3223 sacram

1954 3261 2313 3335 theologiam
2347 3255 2719 3331 Mussiponti‚
2763 3254 2996 3312 Flexiae
3028 3272 3094 3312 ac
3126 3253 3245 3311 Lu·

1954 3350 2133 3407 tetiae
2197 3347 2486 3423 singulari
2538 3345 2797 3403 omnium
2852 3342 3242 3400 admiratione

1953 3438 2257 3513 professus
2292 3438 2397 3497 est.
2430 3434 2570 3493 Fuit
2589 3434 2682 3491 illi
2717 3431 3010 3507 profunda
3038 3433 3128 3489 vis
3149 3431 3242 3488 in·

1953 3527 2130 3603 genii,
2185 3526 2333 3584 acris
2375 3523 2590 3599 judicii
2643 3522 2808 3596 vigor
2858 3525 2919 3578 et
2967 3537 3241 3577 consum-

1954 3620 2111 3673 mata
2141 3615 2205 3672 in
2237 3615 2414 3672 rebus
2452 3609 2797 3687 theologicis
2820 3607 3032 3684 peritia
3056 3607 3116 3686 (1·
3139 3616 3242 3668 22.

1955 3706 2077 3761 Oct.
2123 3702 2333 3780 1619),
2382 3702 2552 3775 cujus
2603 3703 3024 3775 argumentum
3071 3716 3240 3773 prae-

1952 3794 2055 3850 bet
2113 3810 2263 3867 opus
2326 3791 2742 3865 posthumum:
2807 3788 3243 3859 Dc'sputatt'ones

1951 3882 2281 3957 theoloqieae
2325 3881 2389 3936 in
2435 3878 2665 3952 aliquot
2715 3877 2963 3933 selectas
2999 3875 3053 3934 d.
3086 3874 3239 3933 Tho-

1951 3990 2078 4028 mae
2111 3990 2226 4044 qq„
2271 3968 2510 4026 Parisiis
2554 3975 2715 4027 1622
2751 3965 2812 4022 in
2850 3974 2903 4024 4.
2938 3997 3026 4005 —
3058 3964 3239 4021 Joan-

1950 4077 2055 4118 nes
2103 4052 2555 4137 Puteanus1)
2605 4055 2668 4116 Ο.
2705 4055 2756 4115 S.
2790 4054 2945 4128 Aug.
2993 4051 3239 4141 Tolosae

2029 4289 2061 4347 ¹)
2090 4283 2251 4337 Alius
2303 4302 2335 4337 a
2384 4288 2584 4343 celebri
2650 4290 2913 4360 Erycio
2980 4291 3237 4346 Puteano

609 4338 780 4409 digen
806 4344 1290 4421 u.ebenbiirtige11
1321 4347 1550 4401 Schisser
1576 4348 1737 4416 Greg.
1781 4366 1891 4402 von
1952 4353 2238 4408 Venlonae
2284 4358 2544 4413 Geldriae
2590 4363 2893 4431 superioris
2935 4363 3145 4434 oppido
3185 4380 3232 4415 a.

611 4410 904 4493 Valentia:
932 4414 1085 4495 seine
1112 4417 1397 4485 theologia
1423 4420 1756 4473 scholastica
1777 4422 1893 4476 in4
1953 4429 2088 4481 1574
2132 4432 2285 4491 nat0,
2327 4447 2495 4496 quem
2541 4433 2614 4486 ob
2656 4434 2995 4488 eruditionis
3023 4435 3232 4488 famam

611 4481 708 4539 Bd.
741 4483 795 4534 F.
844 4486 918 4565 ist
962 4504 1050 4539 ein
1079 4486 1252 4540 Werk
1296 4494 1482 4543 ersten
1511 4490 1732 4560 Ranges
1775 4492 1890 4545 und
1946 4513 2041 4548 rex
2071 4498 2383 4554 catholicus
2411 4501 2853 4575 historiographi
2880 4506 3054 4559 titulo
3077 4505 3235 4559 auxit

608 4556 841 4617 erganzt
878 4574 936 4607 m
979 4559 1250 4612 manchen
1279 4559 1542 4614 Punkten
1585 4563 1682 4615 das
1711 4564 1892 4617 seines
1947 4571 2004 4620 et
2028 4569 2159 4622 urbs
2184 4587 2420 4625 romana
2443 4573 2505 4625 in
2521 4574 2729 4628 civium
2750 4576 3233 4646 patriciorumque

609 4624 853 4704 Lehrers.
908 4627 986 4678 Ex
1033 4628 1134 4681 hoc
1180 4648 1269 4699 op.
1299 4632 1592 4686 Rocaberti
1631 4634 1688 4685 in
1730 4650 1889 4687 suam
1949 4656 2244 4692 numerum
2290 4659 2417 4696 cum
2464 4648 2587 4698 tota
2615 4648 2949 4715 posteritate
2994 4649 3231 4703 solemni

607 4695 742 4747 b1bl.
769 4714 914 4751 max.
946 4702 1101 4766 pont.
1139 4703 1176 4755 t.
1208 4709 1232 4758 1
1279 4703 1488 4771 recepit
1515 4722 1568 4769 q.
1595 4710 1630 4760 4
1670 4705 1812 4773 disp.
1843 4712 1889 4761 1.
1946 4713 2432 4767 senatusconsulto
2462 4731 2509 4767 a.
2541 4722 2680 4774 1603
2707 4719 3025 4787 adscripsit.
3066 4719 3232 4773 Justo

611 4772 652 4821 t.
679 4772 728 4822 3.

1948 4781 2154 4852 Lipsio‚
2183 4802 2351 4850 quem
2370 4787 2601 4854 juvenis
2628 4791 2834 4842 summi
2864 4791 3093 4857 fecerat,
3139 4791 3233 4844 da·
