3625 5193
446 267 566 318 909

759 245 1203 298 concionatores.
1233 243 1359 296 Van
1387 242 1606 307 Oonsel,
1634 241 1916 312 Francois,
1944 241 2012 297 de
2041 241 2365 308 [brendano¹
2395 242 2587 297 Boden
2614 244 2719 296 etc.

2943 263 3064 324 910

439 431 731 492 inclaruit.
796 432 942 490 Cum
994 431 1389 488 humanarum
1440 428 1727 488 mentium
1781 448 1924 488 nere
1956 429 2018 486 in
2050 430 2292 490 civitate
2312 430 2509 505 patria
2531 431 2774 489 functus
2796 435 2903 502 est,
2936 450 3067 489 mu-

441 522 782 580 caecitatem
815 522 876 578 et
904 520 1264 580 dementiam
1285 522 1570 588 cerneret,
1604 519 1728 576 zelo
1783 519 1943 576 neris
1977 519 2070 577 8111
2101 519 2364 579 fructum
2395 520 2673 578 omnibus
2697 538 3067 578 communem

442 612 545 670 Dei
586 614 786 668 motus
828 609 1204 668 vehementer
1241 607 1518 678 indoluit,
1568 610 1628 665 et
1658 610 1730 665 ut
1783 625 1910 666 esse
1955 607 2150 667 voluit
2179 607 2358 667 editis
2406 608 2783 668 concionibus
2829 608 3068 667 morali—

442 700 583 758 huic
604 701 936 758 occurreret
954 698 1109 756 malo
1129 699 1315 756 totam
1347 696 1469 755 fere
1495 696 1730 755 Italiam
1783 697 1898 755 bus
1930 699 1991 754 et
2022 697 2470 768 doctrinalibus,
2518 697 2738 773 quibus
2783 697 3068 756 catechis-

442 788 782 865 peragravit
826 806 892 846 ac
934 786 1386 846 ferventissimis
1433 785 1729 845 concioni-

442 880 555 937 bus
588 878 788 936 fideles
818 876 893 935 ad
913 879 1415 935 sacramentorum
1449 874 1727 950 frequen-

440 968 588 1026 tiam
637 967 938 1034 incitavit,
989 965 1128 1024 dein
1176 964 1396 1023 libellis
1445 964 1729 1040 pietatem

443 1055 810 1132 spirantibus
831 1054 1007 1113 editis
1024 1054 1304 1130 prodesse
1331 1053 1543 1123 voluit,
1577 1071 1729 1128 quae

442 1146 795 1221 prodierunt
826 1149 887 1203 et
920 1143 1163 1202 seorsim
1196 1147 1256 1201 et
1286 1142 1577 1201 collectim
1611 1142 1729 1201 Ro-

443 1254 574 1293 mae
616 1244 780 1296 1614
814 1235 874 1291 et
905 1232 1220 1291 Mediolani
1260 1240 1423 1293 1640
1459 1235 1501 1290 t.
1539 1241 1595 1302 2,
1636 1231 1728 1289 in-

441 1329 534 1383 ter
566 1341 719 1398 quae
754 1321 976 1381 eminet
1010 1322 1147 1379 Lux
1178 1323 1431 1380 Animae
1460 1321 1526 1379 in
1563 1329 1596 1382 3
1633 1341 1727 1396 pp.

443 1415 642 1471 Prima
687 1417 779 1470 est
824 1412 1114 1486 speculum
1145 1411 1397 1468 Animae
1408 1433 1432 1485 ;
1477 1409 1731 1469 secunda

444 1501 668 1560 Hortus
708 1502 988 1559 orationis
998 1522 1024 1575 ‚·
1071 1500 1250 1558 tertia
1306 1499 1731 1559 Testamentum

444 1594 672 1650 animae
704 1608 838 1648 cum
858 1591 996 1648 Deo.
1030 1588 1257 1647 Obiisse
1277 1588 1517 1647 videtur
1546 1596 1729 1651 1621.

538 1781 571 1831 3
583 1779 616 1830 8
629 1779 681 1832 5.
714 1769 881 1826 Inter
898 1770 1319 1826 concionatores
1338 1768 1517 1843 hujus
1537 1766 1729 1842 perio-

1782 806 1948 844 mum
1998 787 2281 860 explanat
2328 788 2398 844 de
2435 788 2768 860 praeceptis
2821 787 3072 864 decaloyi

1782 876 2144 950 Antverpiae
2183 885 2344 938 1621
2383 876 2447 934 in
2484 887 2553 946 83
2592 877 2661 934 de
2689 876 2800 950 fide
2832 878 2885 934 et
2915 895 3070 953 sym-

1784 964 1925 1040 bolo,
1974 964 2046 1022 de
2079 982 2201 1041 spe,
2250 964 2516 1024 oratione
2548 964 2843 1024 dominica
2886 969 2946 1023 et
2977 983 3070 1023 sa-

1784 1053 2077 1112 lutatione
2122 1054 2407 1131 angelica,
2458 1053 2705 1113 Lovanii
2760 1063 2958 1122 16253
3004 1054 3073 1111 de

1800 1139 1921 1200 VII
1957 1145 2351 1212 sacramentis,
2400 1142 2472 1201 de
2517 1142 2795 1203 sacrificio
2835 1144 3069 1211 missae,

1784 1230 1857 1290 de
1888 1232 2143 1306 peccatis
2173 1234 2301 1302 etc„
2335 1232 2695 1308 Antverpiae
2736 1242 2892 1295 1631
2934 1232 2996 1290 111
3016 1241 3071 1295 8.

1784 1354 1871 1364 -
1937 1321 2393 1397 christophorus
2474 1321 2547 1379 de
2626 1321 2733 1379 Av
2756 1322 3070 1380 endafio

1787 1410 1852 1468 Ο.
1909 1410 2095 1474 Carm,
2161 1411 2496 1479 Pincianae,
2560 1429 2735 1485 quem
2797 1411 3071 1485 aequales

1785 1498 2272 1574 chrysostomum
2305 1499 2638 1574 Hispanum
2669 1499 2965 1559 vocabant
2998 1499 3072 1557 ob

1785 1588 2005 1646 mirum
2067 1607 2315 1647 acumen
2364 1588 2609 1665 ingenii,
2675 1592 3072 1664 conceptuum

1786 1676 2180 1748 affluentiam,
2245 1676 2478 1736 dicendi
2538 1677 2952 1736 dexteritatem
3014 1679 3076 1734 et

1786 1765 2139 1830 eruditionis
2185 1767 2634 1826 exuberantiam
2683 1763 2747 1847 (†
2784 1777 2838 1829 8.
2904 1767 3073 1825 Febr.

445 1858 536 1926 di,
591 1875 843 1932 quorum
886 1859 1011 1933 jam
1061 1857 1327 1933 plurium
1368 1856 1732 1914 mentionem
1789 1850 2301 1936 1628),plurimas
2317 1856 2566 1930 reliquit
2584 1855 3073 1929 concione8,qua-

444 1948 704 2016 fecimuS,
751 1947 910 2005 haud
951 1966 1162 2021 parum
1188 1945 1471 2004 laudatur
1503 1944 1729 2004 Guilel-
1786 1964 1920 2003 rum
1955 1945 2175 2003 multae
2206 1945 2270 2002 in
2301 1945 2649 2020 praecipuas
2692 1946 2883 2003 tot-ius
2928 1942 3072 2002 anni

444 2054 578 2094 mus
613 2036 1033 2094 Oonselius
1081 2034 1218 2111 (van
1259 2029 1500 2112 Oonsel)
1549 2034 1732 2110 Belga
1785 2035 2144 2093 festivitates
2176 2034 2362 2092 latine
2385 2034 2731 2109 prodierunt
2751 2034 3074 2107 inscriptae

445 2123 804 2200 Antverpiae
853 2128 1035 2182 natus
1085 2137 1141 2188 9.
1173 2128 1325 2201 Aug.
1365 2135 1391 2186 l
1410 2133 1550 2185 571.
1602 2123 1729 2180 Ali·
1787 2125 1990 2181 Aurea
2011 2142 2224 2181 corona
2242 2126 2587 2196 sanctuarii,
2609 2123 2881 2182 Coloniae
2906 2133 3070 2186 1660

447 2212 716 2288 quandiu
775 2212 837 2269 in
887 2219 1182 2273 conventu
1245 2212 1469 2272 ordinis
1533 2211 1730 2287 patrio
1786 2213 1851 2269 in
1887 2223 1940 2273 4.
1973 2246 2060 2255 —-
2093 2212 2164 2270 In
2196 2212 2438 2271 Polonia
2482 2211 2727 2270 emicuit
2768 2211 3068 2270 Fabianus

447 2301 803 2377 theologiam
848 2305 939 2360 est
969 2304 1281 2377 professae,
1330 2307 1391 2360 et
1425 2300 1729 2359 conventi·
1786 2300 2223 2362 Birkowski
2275 2301 2338 2358 O.
2389 2300 2592 2359 Praed.
2651 2300 3073 2375 Leopolitanus

448 2391 561 2449 bus
593 2390 878 2467 brugensi
926 2393 1330 2467 gandensique
1376 2389 1639 2466 praefuit
1670 2386 1731 2468 (†
1790 2385 2303 2471 (1566—1636),
2339 2389 2443 2463 qui
2468 2389 2765 2465 primariis
2797 2408 2938 2448 suae
2969 2408 3072 2447 na-

450 2491 505 2541 3.
539 2480 697 2555 Sept.
742 2476 952 2559 1630).
985 2481 1067 2538 Ex
1100 2480 1378 2557 pluribus
1407 2498 1559 2554 quae
1590 2478 1729 2536 reli·
1785 2479 1967 2537 tionis
2017 2478 2528 2537 concionatoribus
2579 2478 2759 2553 hujus
2806 2479 2934 2537 aevi
2978 2496 3072 2536 ac-

448 2569 581 2644 quit
626 2568 905 2645 operibus
918 2563 966 2649 1)
1014 2574 1156 2629 sunt
1200 2590 1284 2632 ex.
1317 2588 1403 2646 gr.
1454 2569 1733 2644 Syntaoeis
1786 2571 2079 2627 censetur.
2142 2567 2444 2627 Laudatur
2494 2567 2622 2626 stili
2673 2567 2864 2643 ipsius
2913 2567 3073 2626 nitor

446 2659 896 2718 instructissima
922 2659 997 2717 ad
1013 2660 1336 2735 expeditam
1355 2657 1548 2716 divini
1564 2657 1731 2716 verbi
1789 2660 1970 2733 atque
2001 2657 2246 2733 puritas.
2283 2658 2362 2718 Cf.
2384 2657 2589 2716 Liidke
2613 2657 2730 2716 KL.
2763 2658 2838 2725 11,
2878 2666 2996 2719 861
3028 2675 3072 2714 s,

447 2748 863 2806 tractationem
909 2767 977 2806 ex
1027 2749 1208 2808 variis
1255 2747 1637 2823 conceptibus
1687 2766 1729 2805 s.
1788 2782 1875 2792 —
1906 2747 2167 2806 Joannes
2216 2746 2288 2805 de
2319 2747 2470 2823 Loy
2491 2767 2525 2805 a
2546 2765 2576 2806 c
2627 2747 2689 2805 Ο.
2725 2747 2909 2807 Carm.
2942 2746 3070 2822 regi

448 2837 790 2913 Scripturae
838 2837 1044 2895 ordine
1077 2837 1447 2912 alphabetico
1496 2838 1730 2894 00110111-
1788 2836 2013 2895 Galliae
2048 2857 2082 2895 a
2113 2835 2398 2905 0011811118,
2433 2836 2821 2911 eleemosynis
2846 2840 2905 2893 et
2938 2853 3072 2894 con-

447 2929 604 2995 nata,
628 2927 988 3001 Antverpiae
1015 2936 1179 2989 1622
1201 2948 1215 2996 ;
1257 2935 1454 2995 1627;
1487 2924 1731 2983 Parisiis
1789 2926 2060 2985 cionibus
2082 2926 2321 3002 collegit
2348 2925 2439 2982 La
2460 2926 2852 3002 Bibliotheque
2881 2924 3074 2983 sacre‘e

456 3024 618 3077 1665
655 3017 762 3073 etc.
811 3015 1060 3074 Victoria
1094 3036 1161 3074 ac
1193 3017 1529 3090 triumphus
1557 3030 1730 3087 spon-
1788 3033 1867 3073 ou
1899 3014 2116 3072 recueil
2161 3015 2263 3072 dee
2313 3014 2450 3089 plus
2483 3014 2674 3072 beaux
2722 3033 2983 3073 sermons
3015 3016 3076 3070 et

447 3122 546 3161 sae
594 3102 809 3161 Christi
857 3106 1244 3179 apostolicae,
1297 3103 1618 3163 catholicae
1669 3122 1735 3161 80
1789 3103 2072 3162 1101110Ιί08
2107 3104 2177 3161 de
2211 3122 2285 3161 ss,
2320 3104 2493 3161 Perea
2527 3110 2654 3171 etc„
2698 3103 2867 3161 Paris
2910 3112 3072 3164 1634

446 3210 723 3250 romanae
743 3193 1065 3252 Ecclesiae:
1100 3194 1247 3252 item
1267 3212 1436 3252 casus
1472 3210 1538 3251 ac
1561 3193 1733 3251 ruina
1788 3196 1833 3250 t.
1873 3204 1926 3255 l.
1950 3186 2051 3273 (m.
2078 3188 2204 3271 80).
2231 3227 2307 3235 --
2333 3192 2553 3251 Eodem
2575 3196 2839 3267 tempore
2861 3192 3075 3248 Petrus

447 3280 869 3351 calvinisticae,
903 3283 1269 3359 evangelicae
1290 3283 1732 3356 haereticaeque
1789 3282 1837 3338 B
1854 3282 1874 3337 l
1891 3300 1924 3338 a
1942 3301 1980 3338 n
1996 3300 2026 3339 c
2041 3281 2079 3338 h
2096 3301 2129 3340 0
2147 3276 2235 3358 t1)
2259 3281 2320 3339 O.
2343 3281 2570 3346 Minim,
2601 3281 2838 3355 collegit
2859 3277 3075 3336 Biblio-

448 3388 804 3446 synagogae‚
843 3369 1051 3446 lingua
1084 3371 1415 3440 vernacula,
1465 3369 1734 3429 Gandavi
1787 3371 2006 3428 thecam
2056 3372 2542 3428 concionatoriam
2593 3390 2662 3427 ss.
2717 3370 2965 3426 Patrum
3015 3369 3077 3424 et

459 3467 618 3521 1625
670 3460 734 3517 111
785 3468 853 3527 8;
905 3461 1349 3536 Hieroquphica
1393 3478 1568 3518 sacra
1614 3460 1649 3517 i.
1683 3478 1732 3518 e.
1789 3459 2177 3518 celebriorum
2225 3477 2497 3517 romanae
2529 3457 2822 3516 Ecclesiae
2853 3458 3069 3514 Docto-

446 3566 640 3606 rerum
688 3567 984 3607 sacrarum
1029 3553 1090 3607 et
1130 3550 1365 3608 divinae
1411 3549 1733 3623 sapientiae
1788 3561 1941 3615 rum,
1991 3547 2234 3605 Parisiis
2279 3556 2460 3609 1631.
2509 3556 2702 3616 1633;
2757 3565 2933 3620 quam
2981 3563 3075 3602 so-

448 3655 797 3695 arcanorum
831 3655 1027 3696 sacrae
1060 3642 1233 3696 notae
1272 3658 1340 3696 ex
1373 3657 1415 3697 s.
1450 3637 1640 3695 literis
1674 3640 1734 3695 et
1789 3637 1950 3695 dales
1997 3635 2245 3694 Michael
2294 3635 2366 3693 de
2413 3636 2470 3692 18
2501 3635 2554 3691 N
2572 3654 2710 3693 oue
2742 3653 2879 3692 cum
2913 3629 3073 3691 Auc-

446 3726 736 3784 Ecclesiae
797 3726 1105 3786 doctorum
1169 3727 1405 3802 scriptis
1469 3726 1733 3785 studiose
1788 3726 1940 3782 tario
1992 3724 2229 3783 Parisiis
2286 3733 2453 3785 1644
2515 3724 2577 3781 in
2631 3734 2686 3785 4.
2750 3726 2810 3780 et
2862 3723 3076 3780 Petrus

451 3814 752 3884 collectae,
817 3835 883 3873 ac
926 3816 992 3873 in
1043 3816 1308 3874 ordinem
1356 3815 1623 3873 redactae
1672 3819 1734 3873 et
1789 3813 2011 3871 Piart
2040 3813 2117 3870 ib.
2161 3821 2358 3881 16533
2407 3822 2568 3875 1655
2606 3813 2668 3870 in
2701 3813 2737 3869 f.
2772 3812 2931 3888 typis
2964 3811 3075 3869 ite-

448 3902 710 3962 breviter
759 3906 1099 3980 explicatae,
1151 3904 1512 3980 Antverpiae
1567 3913 1727 3966 1627
1788 3922 1922 3961 rum
1986 3902 2296 3960 dederunt.
2353 3935 2430 3944 —-
2487 3901 2838 3960 Franciscus
2899 3901 3075 3959 Lab-

448 3992 511 4051 in
554 4002 661 4062 123
702 3993 896 4050 Clavis
925 3995 1147 4052 cellarii
1176 3994 1414 4053 divinae
1446 3996 1506 4051 et
1526 3993 1733 4051 huma·
1788 3989 1970 4050 bata
2020 3991 2074 4049 S.
2122 3991 2176 4049 J.
2228 3991 2812 4068 caesaraugustanus
2866 3986 2927 4071 (†
2977 3998 3076 4052 26.

448 4100 558 4139 1180
589 4082 912 4156 sapientiae
943 4083 1018 4141 ad
1049 4083 1356 4142 conciones
1401 4082 1735 4140 formandas
1790 4082 1959 4139 Mart.
2001 4076 2195 4160 1631)
2229 4082 2464 4154 praeter
2509 4079 2626 4138 alia
2670 4080 2911 4156 collegit
2942 4083 2996 4139 A
3004 4096 3076 4153 p-

450 4189 553 4243 per
572 4174 765 4229 totum
787 4191 1028 4243 annum,
1062 4176 1302 4232 auctore
1322 4171 1492 4229 Mich.
1523 4171 1732 4227 Fran·
1781 4176 2064 4245 paratum
2097 4171 2566 4228 concionatorum
2600 4188 2707 4227 eeu
2740 4169 2899 4228 locos
2921 4186 3078 4226 com-

450 4259 560 4331 001
582 4277 608 4316 s
660 4260 953 4319 Insulensi
1018 4261 1081 4319 Ο.
1134 4260 1334 4319 Praed.
1400 4254 1461 4341 (†
1517 4254 1731 4341 1502),
1790 4278 1998 4317 1111111οε
2032 4258 2106 4316 ad
2126 4259 2433 4317 conciones
2455 4257 2660 4318 ordine
2689 4257 3073 4333 alphabeticO,

450 4345 608 4420 quod
655 4365 852 4422 opusc.
896 4350 970 4408 ab
1020 4350 1272 4409 infinitis
1316 4349 1546 4407 mendis
1591 4367 1733 4424 pur·
1788 4348 2069 4424 Lugduni
2096 4356 2432 4410 1615--21
2474 4352 2516 4404 t.
2544 4358 2577 4411 3
2612 4346 2677 4404 111
2698 4346 2767 4415 f.;
2802 4345 3076 4404 Coloniae

452 4435 616 4510 gavit
630 4435 967 4513 iterumque
983 4437 1547 4513 edidit,Antverpiae
1570 4448 1677 4499 161
1697 4448 1730 4499 3
1798 4447 1963 4498 1629
2005 4439 2111 4495 etc.

450 4527 559 4583 ΘΜ·
593 4558 677 4569 '-
710 4525 972 4587 Joannes
1018 4528 1066 4585 B
1084 4528 1276 4586 Oden
1318 4526 1733 4584 Sssvaeduoen’
1866 4576 1904 4636 ι)
1932 4571 2092 4624 Alius
2120 4570 2319 4624 Petrus
2344 4570 2526 4622 Blan
2545 4569 2718 4622 chot
2751 4567 2937 4621 senior
2964 4566 3076 4620 dic·

452 4613 547 4680 sie,
583 4614 687 4689 qui
719 4614 825 4675 diu
846 4617 1100 4692 pastoris
1134 4620 1193 4674 et
1214 4615 1583 4675 ecclesiastae
1605 4635 1732 4672 mu·
1788 4645 1883 4697 ms
1927 4643 2048 4695 emt
2095 4642 2402 4695 advocatus
2452 4639 2638 4720 regius
2680 4638 3076 4708 Bourgognius

1787 4714 2121 4768 interfectus
2148 4730 2197 4766 a.
2239 4716 2394 4778 1632,
2433 4729 2532 4779 qul
2570 4710 2852 4765 nonnulla
2879 4710 2951 4763 ad
2976 4711 3075 4779 jus

1789 4786 2105 4854 spectantia
2131 4783 2330 4839 edidit.

496 4742 503 4743 ἶ
527 4792 564 4848 ¹)
593 4785 676 4839 Cf.
704 4786 925 4841 Echard
954 4787 1021 4851 ΙΙ,
1040 4791 1162 4845 465.
