3625 5193
956 253 1327 308 1601—1620.
1354 248 1547 308 Theol,
1575 247 1822 302 moralis.
1850 249 2116 315 Sanchez,
2140 249 2431 313 Mendoza‚
2460 249 2715 304 Carraria
2741 252 2844 304 eto.

591 269 711 324 595
3080 268 3208 321 596

584 438 834 497 eruditis
866 441 938 496 ut
968 437 1073 514 qui
1102 437 1302 495 lumen
1335 435 1561 495 adferat
1606 436 1863 503 veritati,
1922 433 2199 492 Panormi
2251 444 2416 498 1648
2470 435 2532 493 in
2562 435 2603 497 f.
2666 436 2935 494 Ceterum
2979 435 3208 495 adverti

582 527 935 586 decisionem
985 525 1194 595 causis,
1244 526 1567 584 terminum
1630 525 1863 601 litigiis.
1921 523 2113 592 debet,
2148 523 2209 581 in
2240 523 2433 582 indice
2466 524 2530 584 ll.
2576 524 3009 600 prohibitorum
3050 524 3206 602 legi:

583 616 848 674 Clemens
879 615 1054 682 VIII..
1088 614 1230 673 dum
1263 614 1563 690 quondam
1597 613 1864 687 quaestio
1924 612 2221 680 ,Sanchez
2264 613 2533 672 Thomas.
2599 613 3081 688 Disputationum
3132 614 3211 672 de

582 705 865 780 quaedam
917 705 1129 763 Romae
1178 705 1525 780 agitaretur,
1590 703 1863 761 consulto
1920 705 2282 759 sacramento
2329 701 2692 760 matrimonii
2721 706 2920 760 tomus
2966 711 3022 764 3.
3070 703 3206 765 edit.

582 793 838 853 Sanchez
887 811 1065 868 opere
1113 793 1493 851 vehementer
1536 791 1863 850 admiratus
1919 796 2142 848 venetae
2159 791 2851 866 sicealiarum‚aquibus
2868 791 3127 867 l.8disp.
3150 800 3211 851 7.

581 886 673 942 est
733 882 955 941 subtile
1005 881 1258 940 hominis
1304 899 1568 950 acumen,
1621 898 1863 955 peracre
1919 878 2220 937 detractus
2251 882 2344 937 est
2373 879 2607 956 integer
2636 898 2922 938 numerus
2946 891 3002 946 4,
3036 881 3210 953 cujus

573 971 885 1046 judicium,
933 990 1129 1029 raram
1174 970 1675 1046 perspicuitatem,
1740 969 1860 1027 sin-

581 1061 851 1138 gularem
883 1063 943 1118 et
972 1059 1331 1134 exquisitam
1370 1059 1434 1117 in
1483 1059 1661 1117 rebus
1693 1057 1861 1116 inda-

580 1148 790 1226 gandis
822 1147 1138 1217 solertiam,
1187 1149 1249 1206 in
1298 1147 1599 1206 tradendis
1649 1147 1860 1204 facilli-

581 1257 738 1296 mam
768 1237 1128 1306 methodum,
1181 1237 1244 1294 in
1290 1236 1630 1296 evolvendis
1676 1236 1862 1294 citan-

581 1327 791 1402 disque
806 1325 1150 1384 auctoribus
1166 1327 1601 1385 exactissimum
1620 1328 1679 1383 et
1693 1324 1864 1401 plane

580 1416 938 1474 indefessum
971 1414 1258 1484 studium,
1292 1414 1565 1488 serioque
1598 1432 1864 1489 pronun-

583 1505 780 1575 ciavit,
814 1504 1051 1562 nullum
1083 1522 1351 1579 unquam
1383 1504 1729 1579 scriptorem
1762 1520 1858 1559 ex·

583 1593 830 1662 stitisse,
867 1592 970 1666 qui
1005 1591 1212 1650 dubias
1235 1592 1308 1650 de
1328 1592 1704 1651 matrimonio
1724 1608 1863 1649 con-

582 1681 902 1740 troversias
950 1681 1195 1738 uberius
1247 1685 1308 1739 et
1356 1680 1690 1739 accuratius
1724 1699 1864 1738 eno-

581 1769 778 1828 dasset
790 1764 855 1850 1).
889 1769 1277 1844 Praecipuum
1297 1770 1560 1844 ejusdem
1582 1787 1732 1844 opus
1754 1771 1863 1826 est:

585 1859 668 1917 De
697 1878 741 1916 s.
775 1860 1134 1917 matrimonii
1178 1866 1539 1916 sacramento
1592 1857 1863 1933 disputa·

580 1948 809 2006 tionum
841 1947 898 2004 ll.
929 1946 996 2016 X,
1046 1947 1282 2005 Genuae
1323 1957 1484 2010 1602
1534 1950 1576 2005 t.
1614 1956 1647 2007 3
1694 1947 1759 2004 in
1791 1946 1864 2013 f.;

583 2037 812 2094 Matriti
866 2045 1064 2104 16053
1130 2036 1394 2094 Venetiis
1452 2045 1651 2106 16063
1715 2035 1863 2093 Ant-

579 2126 830 2201 werpiae
856 2137 874 2186 1
894 2134 972 2188 60
986 2137 1016 2186 7
1038 2121 1205 2207 (haec
1216 2125 1399 2184 editio
1416 2130 1476 2184 et
1487 2127 1675 2183 altera
1696 2134 1863 2188 1614

582 2233 722 2290 prae
756 2213 968 2273 ceteris
999 2209 1435 2294 aestimantur),
1488 2214 1702 2272 deinde
1737 2232 1865 2273 sae-

580 2303 716 2378 pius
752 2303 972 2379 alibiss).
1033 2303 1282 2363 Illorum
1319 2304 1727 2378 Compendium
1773 2300 1862 2360 al-

571 2394 866 2465 phabetico
913 2393 1252 2467 dispositum
1301 2392 1685 2450 confecerunt
1728 2392 1864 2449 Em·

580 2482 820 2541 manuel
834 2482 1004 2539 Laur.
1036 2482 1306 2539 Soares
1340 2481 1641 2556 Olisipone
1669 2489 1822 2541 1621
1850 2501 1862 2549 ;

582 2571 853 2631 Coloniae
911 2579 1076 2633 1624
1128 2570 1193 2628 in
1232 2579 1328 2632 12.
1380 2572 1440 2628 et
1486 2587 1655 2645 saepe
1700 2569 1862 2638 alibi,

581 2660 761 2718 etiam
792 2660 856 2717 in
889 2660 1085 2734 Migne
1125 2677 1308 2717 cursu
1337 2659 1514 2717 theol.
1548 2658 1668 2727 XX,
1706 2666 1863 2720 387-

585 2758 743 2817 6003
798 2748 1145 2806 Vincentius
1196 2743 1578 2826 Riccius3)
1644 2745 1863 2804 messa-

580 2836 800 2904 nensis,
834 2836 1279 2911 protonotarius
1299 2837 1674 2911 apostolicus,
1708 2835 1860 2893 Mes·

581 2943 759 2983 sanae
802 2934 963 2987 1630
1014 2927 1058 2986 t.
1094 2934 1165 2992 2;
1215 2925 1480 2983 Andreas
1526 2925 1865 2983 Cadaeus

578 3014 866 3087 Epitome,
899 3012 1131 3071 Brixiae
1172 3023 1335 3076 1656
1369 3015 1432 3071 in
1469 3022 1538 3083 83
1587 3013 1862 3089 Bergomi

587 3112 787 3171 1660;
835 3102 914 3159 ad
961 3102 1323 3176 aphorismos
1363 3104 1581 3161 redacti
1631 3102 1864 3177 prodie-

578 3194 725 3250 runt
799 3191 1120 3249 Andomari
1205 3200 1401 3261 1629;
1494 3190 1862 3248 Francofurti

584 3290 771 3343 1722.
835 3280 1186 3356 Apologiam
1238 3281 1473 3356 scripsit
1518 3279 1863 3338 Vincentius

1919 967 2194 1026 initium:
2248 969 2327 1026 At
2375 968 2858 1043 frequentissima
2901 988 2969 1027 ac
3011 969 3210 1028 verior

1919 1057 2212 1114 sententia
2240 1057 2423 1115 habet
2454 1057 2516 1115 id
2535 1075 2734 1133 posse:
2766 1058 2902 1116 finis
2937 1075 3097 1116 vero:
3130 1058 3212 1115 Et

1918 1146 2009 1204 his
2040 1145 2251 1203 diebus
2282 1146 2345 1203 in
2375 1145 2671 1222 praetorio
2694 1147 3038 1223 granatensi
3072 1164 3210 1204 sen-

1918 1235 2143 1294 tentiae
2204 1253 2341 1310 pars
2391 1235 2535 1293 haec
2582 1234 2827 1293 definita
2874 1237 2978 1294 est.
3040 1236 3207 1294 Decr.

1926 1336 1979 1386 ⁴.
2036 1324 2203 1381 Febr.
2264 1332 2488 1384 1627}
2554 1323 2726 1382 Ratio
2788 1324 3207 1399 prohibitionis

1919 1430 2039 1470 non
2071 1415 2164 1470 est
2193 1413 2451 1471 auctoris
2481 1413 2768 1482 doctrina,
2821 1413 2924 1471 sed
2968 1414 3209 1473 omissio

1921 1501 2087 1559 illius
2120 1501 2369 1571 numeri‚
2387 1502 2451 1559 in
2483 1520 2601 1576 quo
2625 1502 2750 1577 ipse
2774 1503 2876 1578 jus
2906 1502 3209 1578 pontificis

1920 1592 2129 1648 tuetu'r
2170 1589 2537 1667 legitimandi
2583 1591 2733 1649 filios
2782 1591 3044 1650 invisum
3087 1592 3206 1649 rei-

1921 1679 2192 1754 publicae
2237 1683 2481 1738 venetae
2515 1679 3004 1750 moderatoribus3
3067 1680 3209 1738 hinc

1922 1787 2110 1843 poena
2141 1768 2343 1842 potius
2374 1768 2573 1826 infidis
2606 1768 2931 1827 editoribus
2962 1769 3082 1827 fuit
3111 1770 3206 1826 in-

1922 1857 2097 1915 flicta.
2132 1858 2292 1931 Opus
2324 1859 2539 1932 morale
2582 1860 2645 1915 in
2680 1865 2997 1931 praecepta
3039 1859 3209 1916 deca-

1921 1947 2052 2023 loqi,
2089 1946 2314 2003 Matriti
2355 1956 2520 2008 1613
2556 1952 2598 2004 t.
2638 1956 2670 2007 2
2708 1948 2773 2005 in
2805 1948 2872 2016 f.;
2939 1947 3206 2005 Venetiis

1922 2036 1982 2093 et
2013 2035 2287 2093 Coloniae
2331 2044 2491 2097 1614
2527 2040 2634 2094 ete.
2685 2040 2746 2094 et
2777 2036 3013 2109 saepius
3045 2034 3207 2098 alibi.

1924 2124 2048 2181 Hoc
2080 2126 2279 2181 tamen
2312 2123 2376 2180 iu
2396 2142 2488 2198 op.
2517 2124 2640 2198 agit
2671 2127 2908 2182 tantum
2940 2124 3012 2181 de
3042 2125 3206 2200 prin-

1922 2213 2090 2287 cipiis
2120 2213 2182 2269 in
2213 2230 2429 2288 genere
2460 2217 2524 2271 et
2554 2214 2624 2270 de
2645 2213 2877 2272 duobus
2912 2213 3208 2289 prioribus

1921 2301 2250 2376 praeceptis
2265 2305 2444 2376 atque
2474 2302 2601 2361 suse
2620 2301 2692 2360 de
2714 2302 2871 2360 votis
2888 2301 3208 2377 religiosis.

1926 2391 2181 2448 Consilia
2211 2408 2311 2448 seu
2343 2392 2617 2463 opuscula
2637 2392 2905 2466 moralia,
2927 2390 3208 2467 Lugduni

1927 2488 2094 2542 1634
2127 2498 2180 2536 v.
2218 2487 2251 2539 2
2289 2479 2352 2536 in
2385 2478 2421 2539 f.
2464 2489 2661 2549 1655;
2703 2490 2901 2549 16713
2936 2479 3208 2539 Coloniae

1930 2577 2128 2637 164ος
2180 2569 2423 2626 Parmae
2464 2578 2666 2639 1723„
2720 2569 2782 2628 in
2828 2568 3047 2644 quibus
3080 2569 3209 2647 agit

1923 2658 2271 2732 praesertim
2303 2658 2374 2715 de
2399 2658 2540 2734 jure
2572 2667 2631 2715 et
2655 2659 2897 2734 justitia
2917 2658 3205 2737 (commu-

1921 2747 2127 2817 tativa,
2161 2746 2567 2815 distributiva,
2596 2742 2971 2829 judicativa)‚
3005 2747 3079 2804 de
3111 2747 3206 2805 ul-

1921 2835 2086 2893 timis
2118 2835 2552 2905 voluntatibus‚
2586 2836 2658 2894 de
2683 2836 2913 2911 jejunio
2929 2838 2990 2894 et
3005 2837 3204 2894 obser-

1922 2924 2154 2983 vatione
2185 2924 2487 2994 festorum,
2522 2924 2594 2982 de
2607 2924 2910 3000 judicibus
2942 2928 3003 2982 et
3033 2942 3205 2983 accu-

1921 3015 2132 3083 satore,
2196 3013 2267 3070 de
2329 3014 2550 3072 ordine.
2633 3013 2845 3072 Omnia
2907 3012 3206 3072 Sanchesii

1921 3120 2098 3177 opera
2132 3102 2379 3161 collecta
2411 3102 2681 3177 prodiere
2732 3102 2995 3162 Venetiis
3035 3110 3200 3164 1740

1921 3210 1974 3249 v.
2014 3201 2044 3252 7
2082 3193 2143 3248 in
2178 3192 2215 3249 f.
2275 3191 2344 3248 In
2389 3210 2452 3249 re
2500 3191 2922 3251 m..trimoniali
2956 3191 3207 3249 Sanchez

1922 3286 2130 3340 auctor
2163 3282 2251 3338 est
2270 3280 2557 3349 classicum
2579 3281 2641 3338 in
2667 3280 3207 3357 praeceptistamen

578 3370 990 3428 Tancredi:
1043 3370 1130 3427 De
1171 3389 1215 3431 s.
1256 3371 1619 3429 matrimonii
1661 3387 1863 3426 sacra·
1921 3369 2057 3427 hinc
2091 3369 2227 3427 inde
2258 3369 2435 3427 nimis
2469 3369 2778 3446 benignus.

577 3466 760 3518 mento
805 3463 847 3517 t.
903 3468 958 3528 2,
1005 3458 1068 3517 in
1133 3459 1352 3534 quibus
1415 3458 1743 3533 explicatur
1803 3460 1866 3515 et

577 3549 918 3607 vindicatur
962 3548 1231 3606 doctrina
1276 3547 1528 3605 Thomae
1590 3547 1861 3617 Sanchez,

2015 3556 2158 3609 257.
2193 3545 2526 3604 Ludovicus
2559 3546 2914 3604 Mendoza
2969 3546 3030 3604 Ο.
3067 3544 3204 3603 Cist.

1923 3632 1983 3718 (†
2015 3654 2061 3694 c.
2098 3656 2147 3695 a.
2189 3630 2382 3714 1612)
2419 3634 2749 3710 composuit
2781 3635 3080 3693 Summam
3116 3641 3201 3691 to-

655 3740 694 3805 ¹)
721 3734 941 3789 Similia.
965 3735 1137 3789 habet
1165 3735 1286 3788 Nic.
1317 3735 1603 3789 Antonius
1631 3734 1690 3788 in
1731 3735 1863 3787 bibl.
1921 3722 2038 3783 tius
2070 3725 2374 3801 theoloyiae
2415 3726 2655 3783 moralis
2700 3725 2924 3799 septem
2977 3722 3204 3781 arbori·

576 3806 720 3874 hisp.
751 3822 914 3859 nova.
966 3806 1226 3859 Ceterum
1271 3807 1406 3859 haec
1447 3806 1864 3875 desumpsimus
1920 3812 3209 3889 buscomprehenggm‚Mat1-itil598‚-.Pgu-

579 3893 643 3931 ΒΧ
671 3877 906 3930 SOtVeffl
932 3876 1066 3928 bibl·
1094 3876 1282 3944 ⁸⁰¹'iPt’
1312 3878 1362 3929 S·
1389 3877 1421 3930 J
1426 3918 1436 3929 ·
1920 3903 2017 3960 lus
2050 3902 2412 3960 Carraria
2462 3901 2525 3960 Ο.
2559 3900 2763 3959 Praed.
2798 3901 3066 3970 Insuber,
3101 3900 3205 3957 Ca-

655 3955 693 4012 2)
722 3947 802 4000 Cf.
832 3947 1246 4015 Sommervogel
1288 3948 1404 4010 VII,
1432 3951 1695 4003 530—37.
1749 3947 1799 3998 N
1807 3966 1864 4000 u·
2015 3992 2025 4002 .
2238 3991 2249 4002 .
2476 3991 2487 4002 .
3118 3988 3129 3999 .

578 4020 872 4071 merantur
897 4018 1051 4071 ultra
1079 4016 1164 4070 ed,
1193 4022 1278 4072 22,
1922 3992 2031 4050 sali
2066 3992 2493 4049 Montisferratl
2514 3993 2694 4049 natus
2715 3985 2776 4071 (†
2805 3987 2998 4065 1619)
3020 4007 3205 4063 scrlp-

651 4094 691 4151 ³)
720 4088 882 4141 Alius
926 4106 960 4141 a
1002 4088 1034 4141 J
1052 4104 1288 4141 oanne
1334 4087 1396 4141 R.
1434 4088 1493 4140 Ο.
1522 4088 1656 4143 Min.
1688 4088 1862 4142 strict.
1920 4080 1999 4138 sit
2035 4080 2384 4138 Canonicam
2430 4087 2480 4137 et
2525 4082 2803 4138 moralem
2847 4078 3205 4153 theoloyiam,

579 4158 710 4213 Oba.
737 4160 897 4229 cujus
924 4162 1007 4213 est
1041 4169 1342 4227 apparatus
1366 4163 1439 4212 ad
1465 4162 1864 4227 imayinativam
1921 4170 1984 4227 in
2018 4188 2136 4243 qua
2167 4171 2372 4226 exacta
2402 4170 2747 4245 regularum
2784 4166 2938 4242 jul-ig
2983 4166 3206 4224 veritas

579 4235 811 4286 doctoris
826 4234 1193 4310 sublimissimi
1205 4232 1567 4311 aascitandam
1585 4229 1702 4283 sive
1722 4248 1865 4311 opus
1925 4258 2089 4315 -uxfa
2119 4258 2196 4315 tri
2245 4258 2416 4315 licem
2440 4276 2726 4315 sensuma
2769 4255 2957 4315 eritm·
2971 4258 3032 4314 et
3051 4256 3207 4313 mul-

578 4301 955 4372 complectens
1004 4317 1285 4369 principia.
1332 4301 1643 4355 catholicae
1695 4319 1864 4356 smen-
1913 4278 1937 4332 J
2203 4278 2239 4332 p
2728 4277 2766 4332 p

578 4374 708 4439 tiae,
750 4375 932 4444 ipsam
974 4372 1268 4425 scientiam
1311 4372 1757 4440 methodumque
1798 4389 1865 4426 ea
1920 4350 2115 4404 tarum
2148 4346 2635 4445 spefflogifflrum’
2672 4345 2954 4421 legalium
2988 4363 3055 4406 ΒΟ
3084 4362 3208 4402 mo-

578 4447 768 4499 omnia
815 4443 1144 4513 inquirendi
1195 4445 1252 4497 et
1291 4459 1412 4496 com
1458 4444 1667 4499 oriendi
1711 4462 1864 4514 prae·
1919 4435 2133 4493 ralium
2152 4436 2578 4494 difficultatum
2599 4436 2758 4492 clara
2777 4435 3067 4493 resolutio
3082 4435 3207 4490 tra·

579 4516 738 4569 vium
765 4517 834 4570 ad
862 4514 1179 4585 analogias,
1208 4515 1398 4569 metho
1442 4533 1502 4570 os
1529 4519 1587 4571 et
1607 4516 1729 4570 loca
1749 4533 1863 4569 ma·
1920 4524 2102 4595 ditur,
2137 4524 2434 4583 Bononiae
2476 4533 2641 4585 1619
2694 4542 2748 4581 v,
2786 4531 2820 4584 2
2853 4522 2918 4580 in
2957 4533 2979 4584 1
3022 4525 3063 4580 t„
3084 4522 3149 4579 in
3166 4520 3205 4580 f,

579 4587 899 4667 spesqaffica’
929 4603 1074 4655 quae
1100 4586 1159 4639 3¹¹
1177 4587 1212 4668 ¹:
1231 4588 1555 4641 sententiar
1560 4606 1673 4676 qm’
1692 4587 1863 4668 9¹¹⁰d'
1919 4645 2006 4654 -—
2039 4613 2387 4672 Franciscus
2419 4613 2490 4670 de
2524 4613 2569 4670 P
2587 4630 2617 4671 e
2636 4612 2691 4670 li
2709 4631 2749 4688 g
2765 4611 2843 4669 in
2862 4611 2983 4669 nis
3016 4609 3208 4668 Italus

578 4657 769 4709 libetis
797 4661 854 4711 et
880 4658 1239 4712 theorematis
1264 4658 1296 4711 J
1302 4674 1348 4711 0.
1377 4658 1532 4711 Dnns
1559 4660 1709 4711 §coti
1736 4674 1864 4710 con·

579 4727 853 4792 tingatur,
898 4729 1261 4795 enucleanda,
1309 4729 1489 4782 Ticini
1539 4727 1696 4797 Regii
1725 4733 1866 4786 1550
1920 4701 2165 4777 reliquit
2210 4702 2508 4760 Summam
2542 4702 2849 4777 theoloyiae
2892 4699 3130 4758 moralis
3159 4704 3211 4755 et

578 4797 639 4849 iu
665 4802 714 4854 4.
1921 4791 2313 4864 speculativae,
2347 4790 2614 4848 Venetiis
2664 4799 2841 4851 1614.
