3625 5193
422 285 546 338 901
1413 266 1560 320 Frid.
1588 267 1749 335 Spee,
1778 264 2042 324 Gavanti.

2920 286 3044 340 902

420 453 488 510 in
519 451 736 527 oppido
771 451 1199 510 Kaiserswerth
1244 470 1427 529 prope
1471 453 1712 511 Dussel·
1771 453 1900 512 Mox
1946 453 2221 528 subjicit:
2268 454 2665 521 ,Excellentis
2711 454 2890 524 huius
2937 454 3054 512 viri

423 541 698 617 dorpium
736 550 834 603 25.
868 540 1035 602 Febr.
1078 551 1231 603 1591
1269 542 1512 616 juvenis
1543 542 1714 600 enixe
1768 543 2050 601 memoria
2083 542 2335 601 eruditis
2381 543 2565 601 etiam
2595 545 2656 600 et
2686 542 3055 618 sapientibus

430 631 677 705 expetiit
707 629 1018 689 missiones
1063 630 1316 689 indicas:
1353 632 1476 690 voti
1515 635 1714 689 tamen
1769 631 1833 688 in
1865 632 2057 705 pretio
2089 650 2219 689 esse
2253 632 2428 690 debet
2473 632 2548 689 ob
2580 632 2982 707 conscriptum
3016 633 3054 690 1.

427 738 545 777 non
592 724 685 778 est
729 719 922 777 factus
969 738 1236 794 compos:
1286 720 1422 778 hinc
1468 720 1530 777 in
1571 719 1712 778 Ger·
1769 721 1867 778 cui
1899 720 2151 779 titulus:
2201 721 2403 778 Cautio
2433 721 2757 779 criminalis
2787 723 2915 791 etc„
2952 721 3057 796 qui

427 808 625 867 mania
669 808 997 883 plurimum
1058 808 1352 868 laboravit
1401 828 1524 867 non
1586 809 1715 866 sine
1771 809 1891 868 fuit
1909 828 2265 886 magnopere
2297 809 2629 868 celebratus
2660 810 2844 884 inque
2866 811 3057 868 varias

430 915 708 956 successu
758 915 864 971 pro
927 897 1277 956 reducendis
1331 897 1404 956 ab
1455 898 1716 956 Ecclesia
1771 898 2009 974 linguas
2051 899 2436 960 translatus.‘
2499 898 2655 959 Frid.
2698 898 3059 974 Bierling

433 986 642 1049 deviis.
675 986 1046 1060 Aliquandiu
1078 987 1348 1045 Coloniae
1367 987 1717 1063 theologiam
1772 988 1998 1062 pariter
2016 988 2390 1045 Lutheranus
2411 987 2499 1045 ita
2514 987 2726 1045 scribit
2741 983 2817 1066 ¹):
2858 987 3060 1055 ,Inter

429 1076 711 1134 moralem
760 1074 994 1142 docuit,
1060 1075 1164 1132 ubi
1224 1080 1285 1133 et
1333 1076 1716 1134 Busenbaum
1773 1076 2105 1152 singularia
2138 1094 2278 1134 sane
2326 1075 2700 1135 referendum
2746 1077 2899 1135 circa
2944 1076 3061 1134 ista

425 1165 793 1240 discipulum
825 1163 1054 1232 habuit,
1088 1164 1193 1238 qui
1226 1165 1351 1223 suis
1373 1164 1716 1239 praelectio·
1771 1174 2045 1240 tempora
2075 1165 2269 1223 virum
2287 1164 2629 1240 pontificiae
2654 1165 2929 1242 religioni
2954 1165 3061 1224 ad-

429 1254 611 1312 nibus
656 1253 985 1328 plurimum
1035 1257 1128 1311 est
1173 1271 1319 1311 usus
1371 1255 1431 1312 in
1477 1254 1716 1312 coucin-
1773 1254 2003 1312 dictum
2062 1253 2208 1311 talia
2270 1254 2526 1312 scribere
2587 1273 2797 1313 ausum
2854 1254 3059 1323 fuisse,

431 1343 630 1402 nanda
662 1360 771 1400 sua
800 1341 1077 1411 medulla,
1125 1347 1197 1400 ut
1228 1342 1356 1417 ipse
1387 1346 1598 1419 gratus
1631 1342 1717 1401 fa·
1774 1361 1928 1418 quae
1962 1342 2134 1401 hodie
2170 1343 2264 1401 vix
2295 1343 2453 1401 inter
2497 1346 2897 1419 protestantes
2928 1344 3062 1401 ubi-

434 1436 616 1490 tetur.
664 1431 829 1489 Obiit
861 1431 1123 1490 caritatis
1165 1431 1407 1489 victima
1452 1432 1514 1489 in
1547 1432 1715 1491 obse·
1774 1450 1892 1507 que
1941 1432 2202 1506 proferre
2252 1432 2387 1490 licet
2436 1432 2662 1490 homini
2712 1432 2956 1490 candido
3004 1435 3064 1491 et

432 1520 573 1596 quio
604 1520 868 1578 militum
899 1520 1267 1578 infirmorum
1294 1530 1347 1581 7.
1370 1523 1520 1597 Aug.
1553 1530 1713 1583 1635
1775 1521 2048 1579 veritatis
2098 1520 2355 1589 amanti,
2407 1520 2523 1579 nisi
2573 1520 2848 1596 illepidus
2898 1540 3061 1580 mur-

429 1630 481 1668 a.
534 1609 746 1668 aetatis
797 1618 897 1670 44.
946 1609 1089 1667 Fuit
1139 1609 1390 1685 insignis
1441 1610 1631 1683 plane.
1661 1612 1722 1667 et
1776 1610 2138 1668 murationes
2158 1609 2470 1668 adversum
2499 1628 2561 1667 se
2581 1610 2835 1668 excitare
2855 1610 3062 1668 velit.‘

432 1717 568 1757 vere
614 1699 747 1773 pius
795 1701 984 1772 poeta,
1037 1701 1108 1756 ut
1153 1701 1414 1756 testatur
1461 1698 1720 1756 bellissi-

432 1805 596 1845 mum
630 1788 759 1860 ejus
808 1805 958 1860 opus
1007 1787 1567 1864 stutz-Nachtiyall,
1613 1787 1720 1845 Co·
1873 1795 2016 1850 382.
2049 1787 2213 1846 Inter
2244 1805 2361 1858 eOS,
2412 1787 2520 1862 qui
2568 1787 2639 1846 de
2688 1807 2750 1845 re
2795 1789 3065 1863 lituryica.

436 1877 628 1934 Ioniae
671 1885 853 1944 1649,
902 1875 1215 1950 aliquoties
1248 1876 1492 1946 editum,
1541 1875 1718 1934 etiam
1780 1875 2169 1950 scripserunt,
2191 1877 2412 1934 eminet
2432 1876 2919 1934 Bartholomaeus
2940 1876 3063 1934 Ga-

437 1983 548 2023 sec.
581 1964 728 2023 XIX.
762 1967 836 2022 ut
869 1983 990 2023 cur.
1023 1964 1206 2023 Balke
1239 1966 1396 2022 inter
1428 1965 1722 2023 Deutscbe
1778 1965 2034 2034 vanti,
2098 1969 2278 2022 natus
2341 1965 2623 2023 Modiciae
2688 1961 2941 2044 (Mouza)
3004 1966 3068 2023 in

440 2053 678 2113 Dichter
723 2053 825 2111 des
868 2064 964 2117 17.
998 2053 1221 2124 Jahrb„
1264 2054 1495 2128 Lipsiae
1536 2063 1721 2122 1879,
1779 2053 2034 2111 dioecesi
2079 2054 2537 2122 mediolanensi,
2592 2054 2655 2112 Ο.
2702 2055 2907 2123 Barn.‚
2962 2072 3069 2113 cu-

430 2163 471 2200 a
532 2143 865 2201 cultoribus
932 2142 1350 2201 humaniorum
1412 2142 1724 2201 literarum
1773 2143 1875 2218 jus
1927 2142 2107 2200 etiam
2155 2142 2271 2200 fuit
2322 2143 2697 2217 praepositus
2753 2142 3070 2219 generaliS,

434 2250 670 2307 semper
698 2231 892 2307 magni
937 2231 1182 2300 factum,
1230 2250 1368 2291 vere
1398 2231 1725 2305 pretiosum
1782 2233 1990 2289 auctor
2036 2230 2355 2307 liturgicus
2387 2232 2564 2306 plane
2596 2230 2867 2306 insignis,
2919 2231 3072 2288 Hinc

439 2320 513 2379 ob
567 2321 907 2379 unctionem
967 2324 1028 2378 et
1085 2339 1256 2378 sensa
1329 2319 1723 2378 devotissima.
1782 2319 2050 2378 Clemens
2090 2319 2242 2381 VIII.
2278 2338 2411 2377 eum
2445 2320 2683 2378 Romam
2731 2318 2946 2377 accivit
2975 2325 3069 2378 at-

438 2409 648 2483 Neque
679 2410 878 2469 minus
912 2409 1245 2484 pretiosum
1266 2414 1359 2467 est
1389 2409 1549 2467 aliud
1576 2426 1725 2483 opus
1783 2427 1899 2484 que
1942 2408 2388 2485 congregationi
2435 2408 2522 2466 illi
2566 2407 2853 2483 adjunxit,
2904 2409 3073 2484 cujus

439 2499 760 2557 asceticam
804 2497 1165 2556 nitidissima
1207 2516 1382 2572 prosa
1426 2498 1724 2573 conscrip-
1782 2497 1998 2555 studiis
2031 2497 2391 2556 concredidit
2431 2497 2681 2555 missalis
2730 2499 2908 2571 atque
2940 2497 3073 2555 bre-

439 2591 602 2646 tum:
665 2588 793 2647 Das
835 2588 1076 2664 yiilden'e
1139 2587 1531 2664 Tuyendbuch,
1583 2586 1639 2645 d.
1686 2586 1725 2644 i.
1785 2585 1956 2644 viarii
1987 2586 2481 2646 reformationem.
2517 2587 2582 2645 In
2606 2585 2859 2645 eundem
2893 2585 3073 2645 finem

438 2677 647 2735 Werke
693 2678 817 2735 und
866 2677 1191 2753 Uebungen
1242 2676 1345 2735 der
1391 2677 1520 2734 drei
1563 2679 1724 2753 gott·
1781 2676 1957 2734 illum
1978 2676 2250 2734 Urbanus
2273 2675 2427 2734 VIII.
2461 2676 2679 2734 iterum
2707 2676 2949 2734 Romam
2981 2676 3073 2733 in-

438 2766 635 2825 lichen
651 2766 993 2842 Tugenden‚
1029 2765 1189 2841 quod
1209 2766 1511 2825 Leibnitio
1543 2766 1604 2822 in
1626 2766 1725 2823 de·
1783 2763 2014 2823 vitavit.
2061 2765 2269 2840 Neque
2316 2765 2510 2823 solum
2556 2765 2620 2823 in
2651 2764 2828 2823 Italia
2874 2764 3072 2822 erudi-

441 2854 587 2913 liciis
632 2855 764 2924 fuit,
815 2853 1089 2914 Coloniae
1133 2864 1315 2921 1649,
1368 2872 1544 2929 saepe
1589 2853 1727 2912 dein

435 2944 682 3013 editum,
708 2962 818 3005 sec.
841 2943 1014 3002 etiam
1038 2942 1187 3005 XIX.
1208 2946 1278 2999 ut
1305 2952 1500 3014 1829;
1529 2951 1724 3012 185ος

455 3041 650 3101 1887;
685 3034 856 3107 cujus
889 3032 1067 3090 etiam
1102 3034 1407 3107 segmenta
1439 3032 1726 3106 quaedam

441 3139 707 3180 seorsum
740 3121 1103 3196 prodierunt.
1152 3120 1607 3178 Celeberrimum
1634 3125 1724 3178 ta·

433 3229 577 3268 men
609 3229 744 3268 eum
777 3209 1040 3268 reddidit
1071 3227 1253 3284 opus:
1293 3209 1498 3268 Cautio
1529 3210 1726 3267 crimi-

437 3301 591 3357 nalis
623 3318 728 3357 seu
775 3298 846 3357 de
878 3297 1255 3374 processibus
1303 3302 1506 3356 contra
1537 3317 1724 3375 sagaS,

442 3389 481 3446 l.
513 3388 587 3445 ad
632 3388 1022 3463 magistratus
1069 3387 1412 3446 Germaniae
1457 3406 1724 3445 necessa-

442 3477 584 3546 rius,
618 3483 752 3536 tum
783 3480 983 3535 autem
1016 3475 1368 3534 consiliariis
1401 3480 1462 3535 et
1497 3475 1725 3534 confes-

443 3566 615 3624 sariis
647 3565 1002 3642 principum,
1057 3565 1535 3638 inquisitoribus,
1561 3565 1726 3639 judi-

434 3654 626 3723 cibus,
680 3654 1011 3723 advocatiS,
1047 3653 1421 3713 confessariis
1471 3672 1722 3721 reorum,

440 3743 956 3802 concionatoribus
987 3742 1145 3800 lectu
1174 3742 1551 3814 utilissimus,
1586 3761 1724 3800 auc-

439 3834 573 3889 tore
605 3832 829 3891 incerto
849 3832 1122 3907 theologo
1144 3850 1405 3894 romano.
1439 3830 1725 3890 Rinthelii

450 3930 605 3984 1631
648 3921 709 3978 in
734 3930 792 3984 8.
823 3925 884 3978 et
903 3920 1062 3988 alibi,
1098 3938 1215 3995 quo
1236 3920 1565 3995 plurimum
1586 3938 1723 3977 con-

440 4009 601 4080 tulit,
650 4012 875 4067 uttam
920 4008 1188 4067 crudeles
1220 4012 1282 4066 et
1324 4008 1539 4083 injusti
1588 4027 1723 4083 pro-

434 4116 636 4157 cessus
667 4102 873 4157 contra
920 4115 1090 4174 sagas
1134 4097 1429 4174 gradatim
1476 4098 1724 4174 abroga-

439 4191 664 4255 rentur,
718 4186 994 4262 quocirca
1038 4204 1181 4244 vere
1219 4186 1619 4244 benemeritus
1652 4186 1724 4243 de

436 4273 756 4333 Germania
793 4275 910 4334 dici
943 4275 1136 4334 debet.
1186 4275 1340 4332 Hinc
1378 4275 1557 4331 etiam
1588 4293 1722 4349 pro-

440 4366 734 4422 testantes
780 4364 1014 4440 magnis
1064 4363 1344 4422 encomiis
1391 4382 1527 4422 eum
1559 4382 1723 4421 exor-

441 4455 604 4511 nant.
641 4452 839 4520 ,Fi-id.
874 4451 1064 4529 Spee
1097 4452 1350 4521 Jesuita,
1395 4453 1481 4510 ita
1510 4451 1723 4509 Leib-

434 4541 517 4599 ni
534 4542 593 4598 ti
612 4561 652 4600 u
667 4561 694 4600 s
714 4537 774 4624 ¹),
809 4560 966 4600 unus
992 4560 1024 4599 e
1046 4540 1566 4615 praestantissimis
1585 4559 1724 4599 suae

441 4630 741 4689 societ-atis
759 4667 773 4687 Α.
798 4675 811 4687 .
833 4680 847 4694 .
869 4630 935 4688 111
964 4630 1141 4689 odore
1161 4626 1494 4689 sanctitatis
1515 4629 1678 4687 obiit.
1695 4637 1721 4667 <

518 4822 557 4889 ι)
578 4818 924 4875 Theodjceae
950 4806 1007 4888 p.
1037 4824 1063 4876 1
1093 4828 1119 4885 ς,
1145 4824 1232 4877 96.
1257 4824 1342 4876 97.

1782 2853 1966 2912 tionis
1999 2855 2128 2928 ejus
2173 2853 2332 2913 fama
2373 2853 2814 2931 divulgabatur,
2865 2853 2967 2911 sed
3015 2856 3077 2912 et

1785 2942 1860 3000 ad
1891 2945 2121 3001 exteras
2166 2943 2503 3018 penetravit
2547 2942 2848 3019 regiones3
2897 2962 3074 3017 quam

1783 3031 1860 3089 ob
1905 3049 2031 3089 rem
2082 3031 2400 3090 cardinalis
2448 3031 2709 3089 Harrach
2768 3032 3075 3107 pragensis

1783 3120 2256 3196 archiepiscopus
2303 3139 2441 3178 eum
2484 3138 2683 3179 secum
2728 3120 2948 3177 habere
2982 3139 3074 3178 sa-

1785 3209 1938 3285 tegit
1998 3228 2104 3283 pro
2166 3209 2580 3269 reformatione
2642 3208 2869 3266 rituum
2937 3228 3076 3266 suae

1784 3297 2146 3356 dioeceseos:
2210 3297 2297 3355 ita
2328 3302 2389 3356 et
2438 3298 2638 3372 plures
2670 3296 2896 3353 Galliae
2948 3296 3073 3371 epi·

1783 3386 1945 3461 scopi
1980 3386 2069 3443 illi
2105 3405 2316 3445 novam
2349 3384 2703 3460 pontificalis
2754 3384 3075 3442 editionem

1783 3475 2133 3533 concredere
2184 3475 2521 3532 voluerunt.
2585 3473 2860 3531 Urbanus
2914 3471 3073 3533 VIII.

1783 3565 2021 3621 tantum
2052 3563 2246 3621 virum
2289 3560 2572 3619 beneficio
2618 3561 2933 3619 universae
2964 3561 3072 3618 Ec—

1782 3652 1998 3710 clesiae
2017 3651 2081 3709 in
2102 3651 2388 3710 Breviarii
2408 3650 2636 3708 romani
2661 3649 3073 3708 emendatione

1782 3745 2138 3816 occupatum
2162 3740 2342 3797 Roma
2374 3739 2674 3797 discedere
2698 3757 2818 3796 non
2850 3738 3069 3813 permi-

1782 3830 1875 3887 sit.
1935 3828 2132 3887 Sexies
2184 3829 2425 3887 Romam
2476 3828 2675 3903 ipsum
2728 3827 3074 3887 consulendi

1782 3917 1981 3995 gratia
2012 3917 2253 3975 advenit
2285 3918 2346 3974 P.
2380 3916 2607 3975 Boudie
2640 3917 2702 3974 Ο.
2738 3917 2790 3978 S.
2826 3917 2965 3974 Ben.
3010 3916 3076 3974 in

1860 4111 1899 4177 ¹)
1925 4107 2007 4159 De
2050 4105 2451 4173 Pyrrhonismo
2493 4105 2628 4159 hist.
2671 4122 2718 4159 c.
2743 4110 2779 4161 4
2816 4112 2844 4170 (5
2869 4108 2902 4160 5
2941 4124 2996 4158 11.
3024 4109 3074 4160 2.

1784 4178 1866 4232 Ct'.
1892 4178 2155 4241 Perrone,
2203 4176 2463 4245 praelect.
2493 4175 2739 4245 theolog.
2768 4176 2835 4228 de
2864 4176 3075 4228 virtute

1780 4249 1943 4319 relig.
1971 4267 2026 4309 11
2054 4252 2176 4305 809.
2220 4248 2391 4301 Plura
2432 4247 2500 4301 de
2527 4264 2592 4301 eo
2633 4195 2724 4301 eft}
2732 4263 2822 4315 ap.
2864 4246 3076 4298 Sotvel-

1783 4320 1984 4389 lump
1988 4322 2151 4384 2.67,
2195 4320 2562 4388 Sommervog
2565 4317 2618 4371 el
2643 4317 2766 4389 VII,
2808 4320 2947 4372 1424
2974 4333 3074 4371 ss.-

1783 4391 1907 4445 Alb.
1961 4390 2169 4443 Werf
2179 4408 2281 4456 er
2340 4337 2562 4444 Lebeng
2578 4361 3076 4467 ausgezeichneter

1780 4461 2132 4515 Katholiken
2175 4462 2333 4518 der3
2358 4462 2569 4515 letzten
2593 4459 2787 4513 Jahrb.
2817 4462 2857 4512 t.
2887 4462 2947 4518 7;
2990 4457 3073 4510 hi·

1781 4533 2044 4587 storisch-
2047 4531 2352 4601 politische
2393 4532 2611 4585 Blatter
2648 4534 2782 4588 1871
2835 4532 2920 4593 68,
2967 4533 3071 4586 329

1871 4603 2040 4675 ;Diel
2057 4603 2146 4658 Fr.
2167 4622 2217 4663 v
2238 4602 2396 4672 Spee,
2420 4601 2695 4671 Freiburg
2719 4604 2884 4659 1871.
2912 4604 3071 4658 1901;

1780 4676 2005 4743 Bliitzer
2049 4621 2695 4739 KL.x1,575-579;
2730 4670 2887 4723 Duhr
2937 4671 3072 4724 hist.

1780 4736 1974 4799 Jahrb.
2017 4742 2144 4799 XXI
2184 4748 2383 4817 (1900),
2417 4747 2705 4841 328÷÷52;
2731 4740 2928 4805 XXVI,
2965 4746 3069 4798 327

1738 4821 1938 4875 ,-33.

2653 4905 2746 4961 29“
