3625 5193
627 249 749 302 447

987 234 1359 288 1601—1620.
1386 228 1702 297 Theologia
1726 227 1842 297 pol.
1868 228 1926 281 in
1957 226 2140 281 Germ.
2167 230 2223 282 et
2249 229 2364 282 Pol.
2393 228 2614 293 Lorich,
2641 229 2890 293 Coccius,

3113 246 3242 299 448

622 416 794 474 lexici
852 410 1215 474 Thesaurum
1246 416 1547 490 utriusque
1577 414 1898 490 theoloyiae,
1965 414 2297 471 Thesaurus
2341 414 2668 489 catholicus,
2723 415 2785 471 in
2838 433 2957 489 quo
3008 419 3243 474 contro-

619 505 913 563 tbeoricae
960 508 1020 561 et
1065 504 1374 579 practicae,
1413 502 1691 578 Friburgi
1732 512 1899 564 1609

620 595 685 651 in
718 594 788 661 f.;
825 594 1103 652 Catenula
1130 595 1584 670 praecipuorum
1629 592 1900 649 articulo—

620 702 754 741 rum
783 683 937 758 fidei,
973 682 1240 741 Coloniae
1280 691 1466 750 1576,
1502 680 1725 755 species
1746 684 1900 738 cate·

620 772 857 837 chismi;
904 773 972 829 de
1003 773 1342 829 adoratione
1385 770 1633 845 ejusque
1682 770 1902 844 specie-

620 861 749 930 buS‚
792 860 1070 935 Friburgi
1110 868 1274 922 1577
1326 877 1458 916 cum
1491 856 1719 933 duplici
1764 876 1901 933 apo-

623 950 782 1025 logia
812 950 1092 1007 adversus
1123 948 1178 1005 J.
1211 946 1560 1016 Herbrand3
1590 948 1659 1004 de
1690 966 1826 1004 vera
1854 953 1904 1003 et

621 1040 772 1113 falsa
790 1038 1046 1095 libertate
1057 1038 1341 1106 credendi,
1354 1035 1702 1112 Ingolstadii
1715 1047 1737 1097 1
1756 1044 1788 1096 5
1802 1045 1832 1097 7
1848 1046 1900 1103 7;

623 1128 997 1205 Evanyelium
1028 1127 1083 1188 h.
1104 1146 1151 1184 6.
1173 1125 1245 1183 de
1276 1126 1354 1193 vi,
1388 1129 1603 1183 natura
1634 1128 1695 1182 et
1727 1141 1901 1198 scopo

622 1216 917 1292 evangelii
933 1215 969 1272 J
974 1233 1081 1273 esu
1098 1215 1331 1283 Christi,
1353 1213 1709 1290 Ingolstadii
1733 1224 1758 1274 1
1775 1223 1805 1275 5
1820 1220 1898 1273 80

1958 503 2182 560 versiae
2228 502 2363 559 fidei
2401 503 2526 576 jam
2573 502 2713 560 olim
2762 505 3086 577 nostraque
3121 523 3241 562 me-

1958 591 2143 650 moria
2174 591 2462 649 excitatae
2494 609 2570 649 ss.
2608 590 3066 666 Scripturarum‚
3101 610 3243 650 con-

1958 680 2233 737 ciliorum
2273 683 2335 738 et
2381 697 2457 737 ss.
2503 683 2624 737 tam
2672 698 3013 756 graecorum
3062 700 3240 755 quam

1958 770 2282 827 latinorum
2330 773 2573 844 patrum
2620 769 2980 827 testimoniis
3025 791 3057 826 a
3090 775 3243 827 tem·

1957 858 2203 933 poribus
2233 858 2634 932 apostolorum
2669 858 2743 916 ad
2769 861 3032 916 nostram
3054 878 3246 932 usque

1957 949 2212 1004 aetatem
2250 946 2615 1005 successione
2662 964 2984 1004 consensus
3032 966 3244 1022 perpe·

1957 1038 2101 1092 tuus
2134 1035 2327 1093 instar
2359 1039 2596 1094 catenae
2629 1053 2928 1093 connexus
2959 1037 3243 1111 proponi-

1957 1126 2074 1191 tur,
2138 1124 2408 1183 Coloniae
2465 1132 2646 1185 1619.
2718 1133 2881 1186 1620
2933 1144 2985 1181 v.
3023 1134 3054 1185 2
3104 1125 3169 1183 in
3202 1127 3240 1183 f.

1961 1213 2337 1279 ,Thesaurus
2435 1214 2547 1282 hic,
2645 1213 2855 1271 scribit
2960 1213 3150 1271 Wiest
3171 1209 3236 1294 ¹),

621 1306 684 1362 in
721 1316 788 1375 83
840 1305 927 1362 De
959 1301 1325 1362 ecclesiastico
1370 1303 1645 1361 coelibatu
1690 1301 1900 1359 adver·
1955 1300 2223 1359 infinitae
2274 1301 2547 1361 lectionis
2598 1320 2747 1377 opus
2801 1305 2889 1359 est
2939 1306 2998 1360 et
3048 1301 3243 1360 eidem

622 1412 723 1451 sus
772 1394 1083 1469 sacrilegos
1129 1392 1502 1467 nuptiatores
1543 1395 1603 1448 et
1652 1390 1901 1448 infames

624 1483 1113 1541 concubinatores
1145 1481 1422 1557 Friburgi
1455 1488 1650 1549 15833
1690 1481 1759 1537 de
1776 1486 1902 1536 tra-

624 1572 934 1629 ditionibus
965 1572 1352 1628 ecclesiasticis
1383 1577 1432 1627 et
1454 1571 1772 1627 voluntario
1793 1568 1903 1625 Dei

622 1662 776 1717 cultu
808 1662 868 1717 in
899 1678 1114 1735 ywere,
1149 1658 1496 1734 Ingolstadii
1530 1667 1641 1719 157
1656 1670 1723 1723 9;
1759 1657 1900 1714 Fla·

618 1750 825 1824 yellum
856 1752 1064 1806 contra
1096 1748 1406 1806 modernas
1448 1747 1732 1813 haeresse,
1769 1745 1900 1803 Fri-

621 1837 795 1913 burgi
828 1845 1025 1906 16883
1062 1836 1319 1895 Kurtzer
1338 1835 1570 1910 Beyriff
1596 1835 1701 1892 der
1734 1835 1901 1892 rech-

617 1931 739 1993 ten,
758 1926 1115 1984 unfalbaren
1134 1926 1201 1983 Ei
1209 1925 1588 2002 genscbaften
1609 1943 1666 1981 u.
1692 1924 1899 1981 Wahr-

616 2016 856 2073 zeicben
891 2015 996 2073 der
1028 2014 1288 2073 Kirchen
1323 2014 1546 2082 Gotte5‚
1584 2012 1662 2069 ib.
1704 2022 1899 2081 15893

1959 1391 2378 1448 conscribendo
2399 1400 2477 1452 24
2505 1409 2552 1448 a.
2573 1394 2785 1449 auctor
2818 1390 3110 1466 impendit
3142 1410 3241 1448 ve·

1957 1479 2195 1537 ritatem
2229 1479 2573 1537 catholicam
2605 1498 2673 1536 ex
2705 1479 3044 1537 traditionis
3080 1479 3246 1537 sonte

1958 1567 2338 1643 amplissimis
2373 1568 2741 1644 argumentis
2775 1568 3104 1638 deducens3
3140 1570 3242 1627 do·

1958 1657 2201 1715 lendum
2234 1676 2371 1715 vero
2405 1661 2496 1714 est
2526 1656 2686 1731 quod
2726 1675 2796 1713 ex
2829 1656 3064 1714 defectu
3095 1658 3246 1715 artis

1957 1746 2190 1804 criticae
2224 1746 2453 1821 spurias
2487 1764 2663 1820 saepe
2697 1764 2913 1803 merces
2945 1746 3152 1803 afferat
3175 1766 3242 1804 ex

1958 1835 2194 1909 scriptis
2235 1834 2671 1910 supposititiis:
2720 1835 2830 1892 hoc
2875 1838 3074 1892 tamen
3120 1854 3242 1893 non

1957 1924 2170 1991 obstat,
2236 1924 2554 1998 quominus
2615 1923 3006 1981 utilissimum
3071 1943 3239 1998 prae-

1959 2013 2508 2087 stantissimumque
2529 2031 2678 2088 opus
2699 2011 2947 2069 dicatur.
2965 2020 2991 2048 (
3027 2012 3237 2070 Plures

616 2106 946 2177 triumphus
962 2104 1009 2161 b.
1025 2104 1259 2161 Mariae
1282 2103 1363 2170 V.‚
1378 2105 1428 2178 ej
1439 2121 1508 2159 us
1521 2102 1741 2171 laudes,
1759 2102 1899 2170 vita,
1955 2102 2020 2159 in
2052 2102 2160 2159 hoc
2193 2119 2368 2175 opere
2391 2101 2789 2176 componendo
2811 2101 3113 2174 adjutores
3136 2101 3241 2159 ha·

619 2193 947 2268 privilegia,
983 2193 1260 2267 epitheta,
1301 2192 1379 2249 ib.
1427 2201 1603 2253 1610.
1652 2190 1903 2265 Aliquot
1955 2190 2107 2258 buit,
2133 2195 2200 2248 ut
2220 2190 2605 2248 Laurentium
2647 2190 2689 2246 F
2708 2209 2742 2246 a
2762 2190 2798 2246 b
2817 2209 2847 2245 r
2867 2190 2884 2245 i
2906 2193 2932 2247 t
2951 2190 2971 2246 i
2993 2209 3031 2247 u
3054 2209 3111 2246 m
3151 2209 3238 2265 ep.

619 2283 907 2356 opuscula
925 2282 1163 2340 ascetici
1179 2283 1275 2339 vel
1300 2280 1543 2355 practici
1566 2279 1903 2355 argumenti

619 2372 855 2445 scripsit
902 2371 1110 2447 lingua
1153 2370 1365 2445 patria.
1412 2368 1616 2427 Edidit
1660 2374 1721 2426 et
1765 2387 1900 2443 ger-

620 2462 842 2518 manice
892 2460 1197 2535 piisimum
1243 2459 1277 2515 1.
1327 2458 1534 2536 Pity-na
1570 2459 1902 2529 spiritualis

620 2566 724 2606 seu
759 2549 981 2607 Semita
1010 2548 1267 2623 paradisi
1299 2551 1359 2604 et
1390 2564 1592 2622 pugna
1616 2544 1901 2619 spiritua-

620 2638 693 2695 lis
712 2634 774 2714 ¹),
800 2637 1076 2712 Friburgi
1103 2645 1284 2703 15993
1310 2636 1580 2694 Coloniae
1605 2643 1768 2694 1606
1790 2637 1899 2691 etc.

622 2727 888 2798 Denique
935 2723 1331 2798 praetermitti
1382 2742 1500 2781 non
1547 2723 1723 2780 debet
1771 2723 1900 2795 ejus

624 2814 994 2871 Fortalitium
1047 2813 1406 2871 christianae
1448 2813 1582 2884 fidei
1640 2829 1705 2868 ac
1762 2810 1901 2868 reli·

622 2901 815 2976 gionis
851 2901 1135 2959 adversus
1182 2901 1449 2959 haereses
1495 2901 1704 2958 horum
1750 2902 1900 2956 tem-

622 3008 833 3065 porum
880 2987 1058 3068 (178)
1111 2989 1476 3063 alphabetice
1522 2989 1898 3064 dispositum,

619 3079 896 3153 Friburgi
941 3089 1138 3143 1606:
1182 3087 1365 3140 1608.

718 3214 739 3263 1
758 3217 791 3263 9
812 3214 825 3263 1
845 3247 856 3260 .
880 3202 1042 3278 Opus
1064 3201 1424 3259 laboriosum
1449 3201 1780 3278 composuit
1795 3202 1833 3258 J
1838 3221 1898 3259 o·

620 3291 801 3350 docus
862 3285 1246 3372 Coccius2)
1309 3290 1667 3348 Bileveldiae
1718 3294 1899 3348 natus

621 3377 680 3462 (†
717 3390 814 3442 21.
852 3382 980 3439 Dec.
1024 3375 1237 3460 1619),
1288 3380 1383 3437 cui
1429 3380 1680 3438 titulum
1727 3379 1900 3436 fecit:

694 3572 731 3638 ¹)
765 3567 1051 3637 ignoravit
1075 3566 1373 3621 Lorichius
1401 3568 1615 3636 egregii
1642 3568 1809 3637 hujus
1833 3569 1897 3620 tr.

616 3641 917 3702 auctorem,
948 3656 1117 3707 quem
1147 3641 1376 3708 putavit
1403 3656 1519 3692 esse

1956 2280 2317 2347 auxiliarem,
2341 2279 2631 2336 Joannem
2668 2278 2720 2335 N
2739 2297 2772 2335 0
2791 2299 2828 2353 p
2847 2297 2877 2335 e
2895 2279 2912 2335 l
2930 2278 2949 2334 i
2967 2298 3006 2335 u
3025 2298 3101 2345 m,
3135 2278 3240 2336 Ja-

1957 2367 2170 2426 cobum
2205 2368 2260 2425 H
2279 2387 2318 2426 u
2334 2370 2355 2425 t
2374 2372 2400 2425 t
2416 2388 2446 2425 6
2461 2388 2492 2424 1·
2508 2387 2549 2424 u
2564 2387 2640 2435 m,
2693 2366 3065 2424 Theodorum
3126 2368 3175 2425 R
3192 2367 3241 2423 i-

1957 2478 1994 2532 p
2012 2458 2048 2513 b
2066 2476 2099 2514 a
2114 2478 2190 2525 m,
2213 2457 2560 2515 Gualterum
2583 2456 2630 2512 X
2647 2476 2686 2531 y
2705 2456 2774 2512 la
2791 2476 2831 2513 n
2847 2455 2883 2512 d
2903 2475 2932 2512 ι·
2951 2475 2989 2513 u
3008 2476 3082 2523 m,
3103 2456 3242 2513 Cor-

1957 2547 2178 2604 nelium
2215 2547 2251 2604 S
2268 2564 2298 2604 c
2314 2547 2353 2603 h
2368 2545 2516 2604 ulti
2536 2564 2576 2602 n
2592 2564 2647 2621 g,
2672 2544 3001 2603 Arnoldum
3038 2545 3074 2602 S
3095 2565 3129 2604 a
3145 2564 3176 2604 e
3195 2545 3240 2602 l·

1960 2635 2024 2691 vi
2041 2655 2078 2691 u
2092 2655 2150 2692 m
2164 2635 2682 2703 Hardervicanum,
2698 2634 3017 2709 Casparum
3031 2634 3110 2692 Ul
3127 2654 3159 2691 e
3172 2654 3241 2691 n-

1961 2724 1994 2779 b
2012 2742 2043 2780 e
2061 2745 2089 2782 r
2102 2744 2141 2800 g
2162 2728 2269 2781 etc.
2291 2725 2565 2782 Ceterum
2582 2723 2710 2797 ipse
2734 2723 2973 2781 Coccius
2996 2722 3244 2781 Lutberi

1957 2829 2180 2871 errores
2197 2831 2348 2887 puer
2367 2812 2839 2888 paedagogorum
2860 2812 3243 2870 institutione

1959 2900 2306 2976 imprudens
2327 2902 2655 2968 imbiberat,
2691 2901 2910 2975 quibus
2943 2901 3120 2958 etiam
3154 2903 3243 2958 te·

1957 2990 2160 3047 nacius
2196 3008 2322 3048 sese
2356 2990 2658 3048 addixerat
2689 2989 2909 3046 missus
2944 2990 3019 3047 ad
3051 2991 3245 3047 varias

1957 3084 2122 3136 extra
2169 3080 2423 3153 patriam
2478 3077 2719 3137 scholas..
2783 3077 3041 3136 Tandem
3109 3097 3242 3136 cum

1956 3168 2182 3242 placuit
2212 3168 2281 3234 ei,
2308 3168 2411 3241 qui
2433 3166 2470 3224 J
2474 3167 2721 3225 odocum
2745 3167 2818 3223 ab
2839 3170 3010 3225 utero
3031 3167 3245 3225 matris

1957 3256 2204 3314 secrevit
2236 3260 2297 3313 613
2327 3275 2437 3331 per
2468 3257 2723 3332 gratiam
2771 3274 2939 3313 suam
2987 3256 3237 3325 vocavit,

1957 3345 2257 3403 Coloniam
2268 3345 2555 3420 appulsus
2568 3348 2697 3400 tum
2719 3343 2849 3418 ipso
2871 3345 3074 3403 crebro
3098 3362 3237 3402 con-

1957 3436 2163 3507 spectu
2194 3435 2518 3508 majestatis
2536 3433 2600 3489 in
2622 3433 3016 3491 sanctissimis
3039 3434 3243 3491 catho-

1955 3523 2102 3579 licae
2135 3522 2422 3580 Ecclesiae
2457 3521 2668 3580 officiis
2704 3539 2770 3578 ac
2800 3522 3045 3598 liturgia
3084 3522 3244 3579 cele-

1544 3633 1763 3692 ‘italum
1810 3639 1901 3691 Ab
1955 3611 2180 3668 branda
2211 3611 2555 3678 relucentis,
2591 3609 2809 3667 auditis
2825 3611 3243 3686 insupercele-

616 3709 742 3762 aliis
770 3710 1129 3763 tribuebatur
1157 3709 1271 3772 (sed
1296 3709 1602 3781 immerito)
1629 3713 1714 3765 J0.
1745 3708 1786 3763 C
1802 3725 1836 3762 a
1855 3726 1900 3762 6-
1955 3700 2244 3757 berrimae
2264 3699 2677 3757 universitatis
2701 3699 3243 3757 concertationibus

618 3782 689 3831 ta
708 3781 825 3831 niz
843 3797 920 3833 ae
949 3781 1009 3832 Ο.
1040 3780 1093 3835 S.
1120 3781 1255 3834 Ben.
1299 3781 1361 3833 in
1388 3780 1582 3835 ordine
1610 3781 1900 3834 conciona-

617 3851 753 3903 toris
779 3850 1057 3918 generalis
1084 3849 1255 3903 titulo
1275 3851 1553 3905 honorato
1572 3855 1629 3906 et
1644 3851 1900 3922 Philippi

618 3920 683 3975 11.
712 3921 1037 3984 ecclesiasti,
1080 3921 1178 3988 qui
1226 3921 1389 3975 illum
1418 3922 1629 3976 dicitur
1655 3923 1900 3993 hispana

1957 3788 2302 3848 academicis
2351 3789 2721 3855 movebatur,
2765 3791 2835 3845 ut
2885 3788 3240 3864 diligentius

1956 3879 2019 3936 in
2050 3877 2360 3954 religionis
2395 3877 2715 3934 catholicae
2750 3877 3083 3951 inquireret
3105 3876 3239 3933 sun-

617 3991 813 4061 lingua
841 3991 1096 4054 edidisse,
1123 4008 1189 4045 ac
1215 3994 1315 4044 sub
1344 3994 1465 4061 ejus
1482 3994 1899 4047 nominelatine
1955 3967 2245 4034 damenm’
2265 3965 2484 4041 quibus
2502 3969 2775 4023 accurate
2793 3966 3065 4041 ssxPenSiS
3084 3965 3242 4022 haud

616 4063 831 4130 prodiit
856 4062 1035 4116 Duaei
1064 4068 1218 4118 1625.
1256 4064 1592 4118 Posteriores
1621 4065 1899 4119 editiones
1955 4057 2268 4114 cunctatus
2300 4058 2391 4113 est
2407 4055 2569 4112 illam
2586 4052 2762 4111 etiam
2786 4051 3132 4134 profiteri2).
3156 4085 3243 4096 --

616 4132 782 4186 illum
809 4151 1015 4203 magno
1040 4151 1313 4188 consensu
1331 4135 1655 4189 tribuerunt
1681 4135 1900 4190 auctori
1953 4145 2211 4203 ,Ioannes
2244 4144 2466 4202 Paulus
2500 4143 2568 4198 W
2585 4143 2603 4199 i
2622 4162 2661 4199 n
2684 4143 2720 4199 d
2740 4161 2770 4199 θ
2788 4162 2816 4201 0
2835 4144 2889 4212 k,
2926 4143 3242 4202 canonicus

617 4203 754 4258 italo
782 4221 1096 4271 anonymo:
1122 4209 1319 4273 postea
1346 4206 1407 4262 L.
1453 4206 1487 4258 S
1506 4225 1533 4259 c
1551 4225 1642 4274 up
1661 4223 1692 4259 0
1712 4208 1787 4270 li,
1835 4209 1902 4260 ut

614 4275 763 4328 infra
791 4275 1055 4329 dicemus.
1084 4275 1256 4329 Porro
1285 4276 1579 4330 Castaniza.
1596 4278 1738 4331 obiit
1756 4282 1899 4334 1598

1955 4232 2436 4292 markdorfiensis
2470 4231 2656 4289 edidit
2691 4233 3025 4308 theoloqiam
3046 4232 3239 4305 juris-

616 4346 825 4399 relictis
870 4346 998 4399 aliis
1043 4347 1318 4414 operibus,
1364 4364 1511 4415 quae
1549 4353 1801 4401 recenset
1827 4348 1897 4402 N.
1952 4324 2340 4421 9⁰⁷²3‘d20ru'f2
2372 4321 2433 4420 1¹:
2471 4330 2525 4387 2⁵
2563 4321 2838 4421 001011ἱὸ6
2878 4331 3042 4382 1604
3075 4321 3138 4377 in
3172 4330 3239 4420 4.;

617 4417 904 4470 Antonius
930 4417 1073 4471 Bibl.
1104 4419 1168 4470 H.
1198 4434 1250 4472 n.
1281 4418 1346 4481 H,
1375 4423 1494 4474 674.
1542 4419 1695 4472 inter
1722 4436 1787 4473 ea
1816 4423 1901 4473 est
1957 4415 2385 4469 controversias
2418 4411 2576 4467 inter
2608 4409 2933 4467 catholicos
2967 4413 3029 4467 et
3050 4409 3240 4467 Calvi·

617 4493 671 4540 et
714 4491 949 4542 Historia
988 4492 1048 4541 df?
1074 4509 1114 4542 8.
1154 4492 1449 4543 Romuslldo
1488 4489 1664 4542 padre
1691 4507 1728 4557 y
1754 4491 1898 4543 Fun·
1955 4500 2143 4557 nistgs
2189 4501 2258 4556 de
2303 4499 2558 4573 efficacia
2609 4500 2814 4555 morti3
2864 4498 3082 4556 Christi
3132 4497 3241 4555 hoo

616 4557 793 4650 ‹lad-er
837 4559 926 4612 del
972 4561 1143 4612 orden
1191 4559 1640 4628 Camaldulense‚
1681 4560 1898 4614 Matriti

620 4634 917 4769 legumus
960 4701 1053 4754 hic
1098 4705 1183 4753 est
1229 4719 1261 4754 a
1305 4700 1432 4755 Jod.
1475 4702 1736 4756 Coccio
1766 4702 1820 4758 S.
1847 4703 1897 4759 J.

616 4777 663 4840 (t
692 4775 863 4840 1622),
894 4771 961 4825 de
989 4789 1102 4838 quo
1130 4773 1281 4825 iufra
1307 4788 1550 4838 agemus,

2035 4709 2070 4775 ¹)
2100 4705 2349 4760 institut.
2378 4704 2623 4773 theolog.
2653 4707 2691 4756 t..
2719 4709 2769 4759 3.
2799 4713 2826 4770 5
2850 4707 2935 4759 49.

2031 4782 2069 4846 ²)
2098 4777 2179 4835 Cf,
2209 4777 2548 4840 Hartzheim,
2577 4775 2721 4828 Bibl.
2749 4775 2848 4828 col.
2878 4791 2934 4843 p.
2961 4780 3086 4832 210.
