3625 5193
932 272 1304 326 1621·-1640.
1332 265 1641 334 Theologia
1668 265 1837 319 schol.
1867 266 1927 318 in
1957 264 2143 320 Italia.
2168 267 2500 332 Alamanni,
2525 267 2721 331 Faber,
2748 265 3029 331 Passer-us,

670 287 792 339 643
3172 287 3297 338 644

659 456 963 531 ingressus
983 451 1037 534 (l
1057 464 1132 515 57
1148 449 1227 534 5).
1250 452 1680 528 Philosophiam
1702 456 1764 511 et
1782 453 1949 511 theo·
2008 456 2068 510 et
2100 471 2142 510 S.
2175 453 2511 529 theologiae
2562 454 2624 511 in
2674 453 2970 512 academia
3017 453 3300 530 patavina

660 544 876 619 logiam
909 544 1112 602 docuit
1159 542 1369 616 virque
1400 547 1528 600 erat
1562 542 1722 599 omni
1755 542 1948 601 virtu·
2009 538 2236 622 (1603)
2290 541 2566 617 publicus
2617 542 2915 618 professor
2968 539 3027 625 (†
3084 538 3297 624 1630).

657 637 792 691 tum
822 651 1038 708 genere
1072 631 1427 706 conspicuus
1479 635 1538 689 et
1570 631 1778 688 eximie
1811 631 1949 690 doc·
2006 630 2076 688 In
2094 631 2449 689 illustrando
2469 631 2641 690 Scoto
2664 637 2935 691 versatus
2956 635 3061 700 est,
3087 632 3299 706 suique

655 726 773 790 tuS,
808 722 1110 781 doctrinae
1144 739 1186 778 s.
1212 720 1466 779 Thomas
1498 720 1644 778 mire
1676 720 1949 778 addictus
2007 720 2189 778 studii
2223 721 2580 778 exstiterunt
2611 721 2873 780 fructus:
2927 720 3299 795 Philosophia

662 808 722 892 (†
759 819 856 871 24.
892 813 1024 886 Maj.
1067 805 1279 890 1634),
1333 809 1505 885 cujus
1539 809 1721 867 studii
1755 813 1814 867 et
1845 810 1949 868 ob-

660 901 993 959 servantiae
1026 899 1217 958 voluit
1251 902 1481 956 exstare
1527 898 1818 973 specimen
1853 900 1946 957 lu-

659 989 995 1047 culentum:
1030 989 1272 1047 Summa
1296 988 1701 1060 philosophiae
1719 988 1773 1044 d.
1803 988 1948 1045 Tho·

657 1097 785 1136 mae
817 1080 925 1154 Aq.
958 1077 1218 1137 doctoris
1251 1076 1505 1152 angelici
1528 1095 1595 1134 ex
1617 1077 1797 1134 variis
1821 1077 1949 1151 ejus

659 1167 828 1226 libris
876 1168 939 1225 in
989 1166 1253 1226 ordinem
1306 1183 1515 1223 cursus
1556 1165 1948 1240 philosophici

658 1256 1110 1324 accommodata,
1164 1254 1355 1312 Ticini
1418 1262 1760 1316 1618-23
1816 1259 1855 1312 t.
1913 1265 1944 1316 5

656 1345 720 1402 in
756 1356 826 1414 43
898 1353 1242 1406 1622-—24
1299 1341 1401 1424 (m.
1453 1338 1640 1423 250);
1708 1343 1948 1402 Parisiis

667 1443 850 1496 1639.
929 1442 1091 1495 1640
1116 1478 1128 1502 ,
1192 1432 1279 1489 ed.
1343 1434 1516 1489 aucta
1577 1431 1950 1507 philosophia

657 1522 869 1579 morali
920 1527 980 1581 et
1033 1541 1246 1598 magna
1293 1526 1461 1597 parte
1511 1521 1949 1597 metaphysicae

661 1606 760 1688 (m.
804 1607 971 1690 100),
1010 1629 1188 1684 quam
1221 1612 1509 1668 curarunt
1557 1610 1822 1668 canonici
1857 1629 1947 1668 re·

658 1700 892 1775 gulares
928 1700 991 1758 O.
1015 1700 1070 1757 S.
1093 1701 1159 1757 A.
1182 1717 1377 1774 congr.
1399 1697 1588 1774 gallic.
1624 1695 1741 1777 (JO.
1763 1698 1947 1758 Fron·

659 1794 797 1845 teau
830 1791 890 1846 et
905 1784 1233 1868 Lefebure).
1268 1789 1434 1846 Inter
1453 1787 1568 1844 alia
1590 1787 1952 1846 addiderunt

657 1879 730 1934 tr.
765 1877 832 1935 de
864 1880 1088 1952 form-is,
1123 1895 1302 1953 quem
1336 1895 1379 1934 8.
1414 1877 1669 1935 Thomae
1687 1894 1814 1934 esse
1836 1897 1947 1952 pu-

658 1970 883 2036 tarunt,
908 1966 1011 2025 sed
1035 1966 1137 2041 qui
1156 1969 1247 2024 est
1267 1965 1653 2042 probabiliter
1672 1965 1768 2024 He
1782 1986 1815 2024 r
1830 1986 1866 2024 v
1883 1966 1950 2023 ei

663 2052 756 2136 (cf.
792 2055 866 2124 II,
905 2053 1079 2134 477),
1133 2060 1192 2113 00
1239 2058 1314 2112 tr.
1372 2056 1440 2113 de
1463 2052 1762 2130 principio
1795 2057 1946 2113 indi-

655 2145 1022 2220 viduationis,
1037 2145 1143 2219 qui
1153 2144 1373 2222 pariter
1383 2160 1503 2202 non
1514 2147 1606 2201 est
1621 2163 1664 2201 s.
1682 2144 1946 2213 Thomae,

657 2235 930 2307 quamvis
992 2235 1093 2292 Th.
1158 2232 1749 2308 Boninsegnius
1812 2253 1949 2292 eum

657 2322 935 2396 adjecerit
954 2323 997 2402 ¹)
1077 2323 1163 2380 ed.
1241 2322 1577 2380 rarissimae
1655 2321 1946 2393 Summae,

657 2411 920 2470 Venetiis
949 2422 1132 2476 1588.
1168 2411 1505 2469 Editionem
1526 2410 1812 2486 optimam
1846 2430 1947 2469 011-

656 2504 868 2558 rarunt
898 2501 1144 2558 Parisiis
1185 2507 1619 2562 1885-1894
1656 2504 1698 2557 t.
1738 2509 1769 2560 6
1805 2500 1867 2556 in
1893 2510 1947 2560 4.

2005 811 2296 867 naturalis
2326 810 2417 868 Jo.
2452 811 2616 868 Dans
2651 809 2863 868 Scoti
2896 830 2964 868 ex
2989 820 3026 872 4
3059 811 3121 868 11.
3147 815 3295 869 sent.

2006 903 2066 956 et
2100 899 2460 973 quodlibetis
2493 898 2744 957 collecta
2764 903 2824 957 et
2851 904 3056 957 contra
3089 899 3297 957 adver-

2007 988 2193 1045 sarios
2216 987 2662 1046 defensionibus
2684 987 3023 1056 illustrata;
3059 988 3300 1046 additur

2007 1079 2078 1133 tr.
2111 1077 2174 1134 in
2205 1076 2594 1135 formalitates
2615 1076 2791 1145 Scoti,
2828 1077 3089 1135 Venetiis
3116 1087 3296 1145 1602;

2014 1177 2177 1228 1606
2214 1166 2278 1223 in
2313 1175 2368 1226 4.
2402 1166 2488 1223 ed.
2528 1174 2594 1232 23
2654 1176 2851 1232 1616;
2913 1173 3081 1226 1622
3117 1166 3206 1224 ed.
3244 1176 3296 1228 5.

2007 1254 2436 1313 Commentaria
2458 1256 2516 1312 in
2539 1253 2675 1312 XII
2689 1255 2745 1311 ll.
2770 1254 3295 1331 Metaphysicorum

2006 1343 2344 1402 Aristotelis
2380 1343 2451 1401 ad
2484 1347 2745 1401 mentem
2765 1343 2939 1412 Scoti‚
2959 1361 3109 1419 opus
3130 1348 3296 1419 post·

2006 1432 2254 1490 humum
2304 1433 2617 1508 vulgatum
2671 1452 2704 1489 a
2748 1432 2991 1490 Ferchio
3036 1432 3295 1490 Venetiis

2013 1529 2175 1583 1637
2216 1521 2277 1578 111
2308 1521 2344 1578 f.
2378 1519 2811 1580 Commentaria
2843 1524 2906 1578 in
2938 1521 2973 1579 1
2988 1521 3046 1583 V.
3079 1522 3134 1579 ll.
3167 1541 3291 1580 sen-

2005 1613 2317 1668 tentiarum
2352 1609 2525 1684 Scoti,
2573 1610 2833 1667 Venetiis
2878 1621 3071 1680 16133
3125 1617 3295 1669 aucta

2014 1708 2198 1768 1618,
2248 1702 2308 1757 et
2362 1699 2522 1766 alibi,
2589 1717 2777 1756 unum
2828 1717 2896 1756 ex
2941 1699 3293 1757 melioribus

2005 1787 2283 1864 operibus
2303 1788 2480 1862 hujus
2501 1788 2752 1862 generis
2772 1787 3161 1846 Accesserunt
3178 1789 3294 1846 tria

2006 1877 2453 1953 supplementa:
2502 1877 2570 1933 de
2604 1877 3147 1948 praedestinatione,
3182 1876 3291 1935 Ve-

2006 1966 2185 2024 netiis
2229 1975 2392 2028 1623
2431 1965 2493 2023 111
2527 1965 2597 2035 f.;
2631 1967 2699 2023 de
2729 1967 3084 2023 restitutione
3117 1972 3165 2022 et
3197 1984 3290 2022 ex-

2008 2062 2188 2112 trema
2210 2056 2486 2129 unctione,
2508 2054 2586 2112 ib.
2615 2065 2640 2115 1
2658 2063 2781 2116 624
2800 2075 2814 2124 3
2853 2055 2921 2112 de
2939 2062 3293 2112 sacramento

2005 2145 2246 2212 ordinis,
2266 2143 2476 2218 poenis
2494 2147 2555 2201 et
2571 2143 2838 2202 censuris
2860 2143 3289 2212 ecclesiasticis,

2005 2233 2084 2302 ib,
2128 2241 2293 2295 1628
2329 2233 2393 2290 in
2426 2232 2461 2289 f.
2526 2232 2762 2290 Intuitu
2804 2234 3015 2290 horum
3049 2250 3291 2306 operum

2006 2321 2211 2379 scribit
2271 2321 2563 2380 Freherus
2627 2321 2697 2378 de
2760 2324 3000 2379 auctore
3060 2323 3288 2379 nostro:

2009 2451 2035 2479 ,,
2050 2411 2153 2468 Ρ11.
2177 2410 2366 2468 Faber
2397 2410 2673 2468 scoticam
2694 2410 3025 2468 doctrinam
3046 2410 3288 2467 alternis

2005 2499 2487 2574 impugnantium
2509 2499 2791 2557 fluctibus
2813 2517 2999 2574 prope
3021 2499 3290 2556 obrutam

656 2590 1009 2648 Felchlin
1042 2592 1102 2647 et
1135 2589 1180 2646 B
1203 2586 1551 2663 eringer:
1585 2588 1742 2662 quod
1778 2607 1946 2663 opus,
2005 2587 2075 2647 ad
2113 2588 2430 2663 pristinum
2462 2588 2649 2647 robur
2698 2588 2922 2665 ingenii
2956 2587 3048 2646 sui
3084 2587 3290 2645 validi-

654 2678 718 2735 in
737 2697 854 2750 quo
871 2697 1029 2736 unus
1047 2696 1092 2735 s,
1113 2677 1363 2735 Thomas
1385 2675 1671 2751 loquitur,
1706 2681 1949 2751 propter
2004 2680 2130 2736 tate
2164 2678 2450 2747 restituit,
2499 2696 2616 2752 quo
2663 2681 2869 2751 postea
2921 2677 3132 2735 merito
3165 2678 3292 2751 ejus

658 2785 827 2823 suam
891 2766 1220 2825 utilitatem
1270 2765 1535 2840 impense
1586 2766 1867 2825 laudatur
1917 2787 1950 2825 a
2005 2770 2194 2825 sectae
2206 2768 2447 2825 lucerna
2462 2771 2522 2825 et
2538 2767 3053 2842 propugnaculum
3066 2784 3291 2823 summo

654 2855 848 2912 Leone
881 2855 1055 2923 XIII.,
1109 2874 1178 2912 ex
1209 2873 1328 2928 quo
1378 2853 1790 2929 philosophiae
1824 2856 1947 2914 0111-
2005 2856 2370 2914 eruditorum
2421 2874 2714 2914 consensu
2764 2858 3004 2912 vocatus
3047 2857 3153 2913 est.
3218 2853 3291 2912 Et

654 2946 813 3000 tores
874 2943 1063 3002 veluti
1124 2962 1193 3001 ex
1244 2944 1470 3000 sincero
1520 2942 1682 3002 fonte
1746 2945 1948 3021 magni
2006 2944 2248 3019 quidem
2280 2944 2458 3020 hujus
2491 2944 2604 3002 viri
2636 2944 2867 3019 phrasis
2912 2943 3290 3002 scholastico·

658 3031 913 3090 doctoris
978 3031 1331 3107 sapientiam
1393 3032 1649 3090 feliciter
1712 3034 1948 3091 haurire
2003 3052 2135 3091 rum
2166 3052 2329 3091 more
2365 3032 2519 3091 haud
2551 3033 2779 3091 insulsa
2828 3036 2890 3089 et
2938 3032 3158 3108 inepta,
3194 3032 3291 3090 sed

657 3118 966 3201 possint2).
989 3155 1074 3164 --
1101 3122 1412 3197 Philippus
1446 3120 1687 3180 Faber
1721 3119 1945 3203 (Fabri)
2006 3123 2069 3179 in
2101 3122 2197 3179 sui
2230 3120 2609 3197 simplicitate
2641 3122 2833 3197 planis
2854 3121 3141 3179 distincta
3161 3140 3291 3179 sen·

658 3211 721 3268 0.
757 3210 894 3268 Min.
929 3211 1104 3269 Conv.
1138 3211 1519 3275 Faventinus,
1564 3212 1668 3285 qui
1703 3211 1947 3285 juvenis
2003 3212 2210 3269 tentiis
2260 3213 2439 3286 atque
2503 3211 2727 3286 optima
2788 3210 3013 3268 ordinis
3066 3211 3292 3268 ratione

659 3308 736 3360 22
759 3319 806 3356 a.
830 3300 1033 3358 literas
1054 3301 1148 3358 vix
1167 3302 1429 3367 noverat,
1445 3299 1733 3358 indefesso
1747 3304 1946 3357 tamen
2006 3300 2255 3358 suffulta
2307 3299 2665 3374 disputando
2718 3303 3037 3375 permovet,
3094 3299 3292 3356 decer-

655 3388 852 3446 studio
868 3390 1062 3447 factus
1082 3392 1172 3448 est
1189 3389 1506 3465 theologus
1520 3407 1657 3447 vere
1672 3389 1882 3447 doctus
1895 3385 1944 3469 3)
2004 3390 2196 3447 nendo
2229 3389 2583 3463 persuadet:
2618 3390 2905 3463 exaequat
2921 3388 3145 3463 copiam
3166 3388 3291 3463 opi-

2002 3478 2252 3536 nionum
2282 3477 2552 3547 firmitas,
2600 3477 2995 3535 subtilitatem
3041 3476 3291 3534 facilitas

2004 3569 2313 3641 temperat.
2330 3575 2355 3603 ‘
2379 3566 2677 3624 Disseruit
2697 3568 2759 3623 et
2777 3567 2845 3623 de
2850 3568 3120 3638 primatu
3134 3564 3294 3622 Petri

2003 3662 2064 3714 et
2094 3655 2392 3730 pontificis
2425 3674 2570 3717 rom.
2602 3655 2862 3730 primatu
2911 3672 2975 3712 ac
3022 3652 3153 3711 aliis
3201 3672 3290 3710 ec-

2004 3744 2346 3803 clesiasticis
2378 3744 2757 3820 dogmatibus
2779 3742 3063 3801 adversus
3099 3752 3135 3803 4
3170 3741 3290 3818 pri-

2003 3854 2134 3893 ores
2167 3834 2228 3890 ll.
2265 3834 2337 3890 M.
2355 3834 2494 3890 Ant.
2515 3832 2586 3891 de
2606 3831 2872 3890 Dominis
2895 3831 2966 3889 de
2988 3831 3291 3906 republica

2003 3923 2338 3983 christiana.
2374 3922 2536 3998 Opus
2565 3925 2904 3998 postumum
2926 3921 3238 3996 vulgatum
3261 3938 3293 3976 a

2004 4011 2265 4070 FerchiO.
2300 4045 2385 4054 —
2408 4011 2749 4068 Doctrinam
2767 4009 2927 4068 Scoti
2958 4010 3027 4067 de
3057 4010 3292 4067 seientia

2004 4101 2117 4158 Dei
2180 4100 2484 4159 collectam
2546 4099 2817 4157 exhibuit
2879 4099 3292 4156 Bonaventura

2005 4190 2385 4248 Passerus
2420 4189 2484 4247 Ο.
2519 4189 2692 4246 Conv.
2726 4187 3016 4256 Nolanus,
3050 4186 3288 4262 provin-

730 3619 767 3684 ι)
796 3614 877 3667 Cf.
909 3612 1103 3678 Quetif
1116 3614 1154 3679 I,
1173 3617 1307 3669 344·
1296 3612 1588 3683 Morgott
1603 3612 1689 3669 lit.
1705 3612 1946 3666 Handw.

656 3690 791 3743 1891
822 3685 922 3738 001.
951 3690 1054 3741 733
1082 3702 1122 3738 s.

729 3764 768 3820 ⁹)
823 3756 1076 3809 Alterius
1137 3754 1358 3823 generis
1408 3753 1783 3823 philosophus
1835 3754 1948 3806 fuit

660 3826 862 3880 Caesar
890 3827 929 3879 O
947 3844 974 3878 r
989 3844 1016 3879 e
1036 3845 1091 3878 m
1108 3842 1140 3879 0
1160 3843 1197 3877 11
1213 3826 1232 3877 1
1249 3844 1285 3876 11
1302 3826 1339 3887 1,
1368 3825 1765 3877 celeberrimus
1791 3824 1947 3888 olim,

658 3897 945 3965 quondam
989 3896 1291 3959 Penariae,
1339 3896 1471 3947 dein
1517 3910 1565 3953 a
1611 3900 1682 3950 40
1726 3866 1947 3948 Patavii

653 3968 1054 4036 philosophiae
1071 3967 1369 4035 professor.
1397 3965 1763 4019 Aristoteles
1750 3966 1860 4035 ipsi
1885 3966 1946 4019 in

654 4037 867 4090 deliciis
895 4041 1047 4091 erat:
1075 4038 1168 4089 sed
1199 4036 1616 4105 propositiones
1643 4053 1754 4089 non
1783 4054 1948 4091 sanas

654 4109 950 4162 tuebatur:
976 4108 1108 4162 stilo
1140 4107 1321 4160 utitur
1363 4108 1598 4161 barbaro
1627 4109 1685 4161 et
1710 4109 1946 4162 obscuro

655 4184 702 4249 (†
731 4183 907 4241 1631).
938 4178 1123 4251 Opera.
1149 4179 1401 4247 ejusdem
1429 4182 1680 4233 recenset
1695 4178 1812 4249 Pap
1819 4180 1947 4233 ado-

653 4251 1473 4391 {gssieffsslffimgfflpatsffubz
1496 4254 1635 4375 ἐξ)
1654 4250 1767 4383 ΠΨ·
1789 4252 1946 4379 {13¹3}
2005 4279 2126 4336 ciae
2173 4277 2525 4337 coloniensis
2569 4276 2845 4335 minister
2890 4275 3288 4351 provincialis,

652 4428 719 4436 —
763 4394 879 4449 Alii
975 4367 1264 4462 hilosophi
1314 4395 1414 4464 huj
1423 4412 1485 4447 us
1543 4393 1763 4463 periodi
1815 4399 1951 4447 sunt
2005 4368 2306 4426 Bonomae
2338 4366 2777 4441 metaphyfflssae
2817 4365 3113 4440 Pr0f93301‘
3142 4363 3289 4439 pub·

657 4467 802 4535 Casp
807 4484 869 4519 ar
909 4414 1081 4519 ffell
1108 4466 1159 4520 S.
1185 4465 1233 4525 J
1279 4465 1742 4536 Ingolstadianus
1787 4472 1835 4535 (†
1861 4471 1947 4522 20

656 4485 802 4591 Oct.p
808 4541 947 4593 1634
1028 4572 1094 4578 -
1135 4513 1345 4590 Redem
1354 4542 1482 4606 ptus
1509 4537 1551 4589 B
1572 4553 1947 4592 aranzano

658 4608 719 4661 O.
751 4607 916 4661 Barn.
947 4542 1372 4663 101001100818
1361 4614 1407 4679 (†
1437 4613 1596 4679 1622)
1643 4608 1710 4661 (10
1739 4624 1849 4676 quo
1878 4608 1946 4661 cf.
2005 4609 2118 4662 eh
2107 4609 2213 4661 1111
2252 4608 2641 4677 Bibliosofiap
2647 4610 2821 4675 .;204
2865 4606 3023 4659 Mon
3042 4602 3290 4659 tanati

656 4678 902 4745 FellerI,
930 4684 1052 4746 391,
1080 4683 1181 4735 etc.
2007 4679 2091 4749 gli
2118 4679 2346 4734 Uomini
2386 4679 2593 4734 illustri
2620 4678 2680 4732 di
2708 4680 2940 4740 Faenza‚
2968 4677 3036 4741 ΙΙ,
3064 4680 3289 4734 68--72.

727 4750 875 4815 3)Cf.
921 4753 1082 4812 Joan
1131 4768 1164 4804 a
1205 4771 1247 4806 s.
1295 4750 1543 4805 Antonio
1589 4750 1947 4814 11,484,111)1
2012 4751 2247 4820 Scripsit
2272 4768 2502 4819 qnoque
2532 4754 2729 4806 contra
2771 4750 3021 4802 Marcum
3055 4745 3288 4801 Antoni·

653 4823 764 4877 alii
805 4822 1058 4891 ejusdem
1100 4840 1267 4891 opera
1306 4826 1690 4883 recensentur;
1741 4823 1782 4874 F
1800 4838 1947 4874 ran·
2003 4841 2099 4876 um
2126 4823 2194 4876 de
2224 4820 2492 4877 Dominis.
