<?xml version="1.0" encoding="UTF-8"?>
<!DOCTYPE html PUBLIC "-//W3C//DTD XHTML 1.0 Transitional//EN"
    "http://www.w3.org/TR/xhtml1/DTD/xhtml1-transitional.dtd">
<html xmlns="http://www.w3.org/1999/xhtml" xml:lang="en" lang="en">
 <head>
  <title>
</title>
<meta http-equiv="Content-Type" content="text/html;charset=utf-8" />
  <meta name='ocr-system' content='tesseract 3.04.00' />
  <meta name='ocr-capabilities' content='ocr_page ocr_carea ocr_par ocr_line ocrx_word'/>
</head>
<body>
  <div class='ocr_page' id='page_1' title='image "./nomenclatorlite11hurtgoog_0165.png"; bbox 0 0 3625 5193; ppageno 0'>
   <div class='ocr_carea' id='block_1_1' title="bbox 394 217 3011 290">
    <p class='ocr_par' dir='ltr' id='par_1_1' title="bbox 394 217 3011 290">
     <span class='ocr_line' id='line_1_1' title="bbox 394 217 3011 290; baseline 0.001 -18"><span class='ocrx_word' id='word_1_1' title='bbox 394 236 513 290; x_wconf 82' lang='lat'><strong>313</strong></span> <span class='ocrx_word' id='word_1_2' title='bbox 949 217 1105 283; x_wconf 76' lang='lat' dir='ltr'><strong>Esse,</strong></span> <span class='ocrx_word' id='word_1_3' title='bbox 1129 218 1558 284; x_wconf 86' lang='lat' dir='ltr'><strong>Kerssenbroch‚</strong></span> <span class='ocrx_word' id='word_1_4' title='bbox 1584 218 1884 284; x_wconf 88' lang='lat' dir='ltr'><strong>Antonius,</strong></span> <span class='ocrx_word' id='word_1_5' title='bbox 1914 218 2071 272; x_wconf 89' lang='lat' dir='ltr'><strong>Ferd.</strong></span> <span class='ocrx_word' id='word_1_6' title='bbox 2099 218 2169 273; x_wconf 89' lang='lat' dir='ltr'><strong>de</strong></span> <span class='ocrx_word' id='word_1_7' title='bbox 2195 217 2449 275; x_wconf 83' lang='lat' dir='ltr'><strong>CastilIO.</strong></span> <span class='ocrx_word' id='word_1_8' title='bbox 2879 235 3011 290; x_wconf 76' lang='lat'><strong>314</strong></span> 
     </span>
    </p>
   </div>
   <div class='ocr_carea' id='block_1_2' title="bbox 375 399 3018 4386">
    <p class='ocr_par' dir='ltr' id='par_1_2' title="bbox 376 399 3018 3218">
     <span class='ocr_line' id='line_1_2' title="bbox 391 399 3009 485; baseline -0 -22"><span class='ocrx_word' id='word_1_9' title='bbox 391 405 548 472; x_wconf 90' lang='lat' dir='ltr'><strong>cina;</strong></span> <span class='ocrx_word' id='word_1_10' title='bbox 579 407 625 462; x_wconf 87' lang='lat' dir='ltr'><strong>t.</strong></span> <span class='ocrx_word' id='word_1_11' title='bbox 665 412 719 465; x_wconf 91' lang='lat'><strong>2.</strong></span> <span class='ocrx_word' id='word_1_12' title='bbox 754 400 840 484; x_wconf 88' lang='lat' dir='ltr'><strong>(et</strong></span> <span class='ocrx_word' id='word_1_13' title='bbox 874 402 937 481; x_wconf 90' lang='lat'><strong>3)</strong></span> <span class='ocrx_word' id='word_1_14' title='bbox 986 402 1364 462; x_wconf 80' lang='lat' dir='ltr'><strong>fundationes</strong></span> <span class='ocrx_word' id='word_1_15' title='bbox 1408 406 1470 461; x_wconf 91' lang='lat' dir='ltr'><strong>et</strong></span> <span class='ocrx_word' id='word_1_16' title='bbox 1510 422 1667 462; x_wconf 86' lang='lat' dir='ltr'><strong>erec·</strong></span> <span class='ocrx_word' id='word_1_17' title='bbox 1723 404 1948 479; x_wconf 90' lang='lat' dir='ltr'><strong>ubique</strong></span> <span class='ocrx_word' id='word_1_18' title='bbox 1978 404 2242 464; x_wconf 77' lang='lat' dir='ltr'><strong>lustrans</strong></span> <span class='ocrx_word' id='word_1_19' title='bbox 2274 404 2664 463; x_wconf 77' lang='lat' dir='ltr'><strong>bibliothecas</strong></span> <span class='ocrx_word' id='word_1_20' title='bbox 2688 399 2889 485; x_wconf 86' lang='lat'>(1585</span> <span class='ocrx_word' id='word_1_21' title='bbox 2912 406 3009 463; x_wconf 82' lang='lat' dir='ltr'><strong>vel</strong></span> 
     </span>
     <span class='ocr_line' id='line_1_3' title="bbox 387 488 3008 574; baseline -0 -22"><span class='ocrx_word' id='word_1_22' title='bbox 387 494 583 552; x_wconf 88' lang='lat' dir='ltr'><strong>tiones</strong></span> <span class='ocrx_word' id='word_1_23' title='bbox 632 491 1135 550; x_wconf 80' lang='lat' dir='ltr'><strong>monasteriorum</strong></span> <span class='ocrx_word' id='word_1_24' title='bbox 1183 495 1244 551; x_wconf 88' lang='lat' dir='ltr'><strong>et</strong></span> <span class='ocrx_word' id='word_1_25' title='bbox 1291 491 1668 551; x_wconf 86' lang='lat' dir='ltr'><strong>ecclesiarum</strong></span> <span class='ocrx_word' id='word_1_26' title='bbox 1731 488 1944 574; x_wconf 87' lang='grc'>1586).</span> <span class='ocrx_word' id='word_1_27' title='bbox 2006 492 2098 551; x_wconf 89' lang='grc' dir='ltr'><strong>Ε11</strong></span> <span class='ocrx_word' id='word_1_28' title='bbox 2146 492 2487 570; x_wconf 87' lang='lat' dir='ltr'><strong>diligentiae</strong></span> <span class='ocrx_word' id='word_1_29' title='bbox 2537 511 2679 551; x_wconf 87' lang='lat' dir='ltr'><strong>suae</strong></span> <span class='ocrx_word' id='word_1_30' title='bbox 2739 492 3008 552; x_wconf 84' lang='lat' dir='ltr'><strong>fructus:</strong></span> 
     </span>
     <span class='ocr_line' id='line_1_4' title="bbox 386 576 3004 663; baseline -0 -22"><span class='ocrx_word' id='word_1_31' title='bbox 386 581 821 658; x_wconf 78' lang='lat' dir='ltr'><strong>collegiatarum</strong></span> <span class='ocrx_word' id='word_1_32' title='bbox 860 576 1044 663; x_wconf 88' lang='lat'>(122)</span> <span class='ocrx_word' id='word_1_33' title='bbox 1076 583 1217 640; x_wconf 68' lang='lat' dir='ltr'><strong>eta:</strong></span> <span class='ocrx_word' id='word_1_34' title='bbox 1249 580 1408 640; x_wconf 90' lang='lat' dir='ltr'><strong>unde</strong></span> <span class='ocrx_word' id='word_1_35' title='bbox 1427 584 1517 641; x_wconf 90' lang='lat' dir='ltr'><strong>est</strong></span> <span class='ocrx_word' id='word_1_36' title='bbox 1534 581 1667 639; x_wconf 86' lang='lat' dir='ltr'><strong>fons</strong></span> <span class='ocrx_word' id='word_1_37' title='bbox 1728 582 2051 640; x_wconf 79' lang='lat' dir='ltr'><strong>Chronicon</strong></span> <span class='ocrx_word' id='word_1_38' title='bbox 2079 584 2339 656; x_wconf 70' lang='lat' dir='ltr'><strong>fratrum</strong></span> <span class='ocrx_word' id='word_1_39' title='bbox 2374 581 2438 642; x_wconf 87' lang='grc' dir='ltr'>Ο.</span> <span class='ocrx_word' id='word_1_40' title='bbox 2474 581 2591 652; x_wconf 69' lang='lat' dir='ltr'><strong>Pr„</strong></span> <span class='ocrx_word' id='word_1_41' title='bbox 2624 582 2690 640; x_wconf 88' lang='lat' dir='ltr'><strong>in</strong></span> <span class='ocrx_word' id='word_1_42' title='bbox 2721 600 2840 656; x_wconf 89' lang='lat' dir='ltr'><strong>quo</strong></span> <span class='ocrx_word' id='word_1_43' title='bbox 2872 586 3004 640; x_wconf 88' lang='lat' dir='ltr'><strong>tum</strong></span> 
     </span>
     <span class='ocr_line' id='line_1_5' title="bbox 385 670 3011 747; baseline -0 -18"><span class='ocrx_word' id='word_1_44' title='bbox 385 688 520 729; x_wconf 77' lang='lat' dir='ltr'><strong>vere</strong></span> <span class='ocrx_word' id='word_1_45' title='bbox 580 670 918 730; x_wconf 85' lang='lat' dir='ltr'><strong>historicus.</strong></span> <span class='ocrx_word' id='word_1_46' title='bbox 980 670 1277 745; x_wconf 78' lang='lat' dir='ltr'><strong>Epistolae</strong></span> <span class='ocrx_word' id='word_1_47' title='bbox 1307 674 1575 746; x_wconf 80' lang='lat' dir='ltr'><strong>&#39;quoque</strong></span> <span class='ocrx_word' id='word_1_48' title='bbox 1635 690 1670 728; x_wconf 92' lang='lat' dir='ltr'><strong>a</strong></span> <span class='ocrx_word' id='word_1_49' title='bbox 1722 689 1822 729; x_wconf 89' lang='lat' dir='ltr'><strong>res</strong></span> <span class='ocrx_word' id='word_1_50' title='bbox 1871 670 2165 731; x_wconf 87' lang='lat' dir='ltr'><strong>notabiles</strong></span> <span class='ocrx_word' id='word_1_51' title='bbox 2214 674 2347 730; x_wconf 87' lang='lat' dir='ltr'><strong>tum</strong></span> <span class='ocrx_word' id='word_1_52' title='bbox 2392 689 2675 747; x_wconf 86' lang='lat' dir='ltr'><strong>personae</strong></span> <span class='ocrx_word' id='word_1_53' title='bbox 2719 671 3011 741; x_wconf 71' lang='lat' dir='ltr'><strong>doctrina,</strong></span> 
     </span>
     <span class='ocr_line' id='line_1_6' title="bbox 383 758 3005 836; baseline -0 -18"><span class='ocrx_word' id='word_1_54' title='bbox 383 761 589 836; x_wconf 75' lang='lat' dir='ltr'><strong>Mayer</strong></span> <span class='ocrx_word' id='word_1_55' title='bbox 619 778 712 834; x_wconf 90' lang='lat' dir='ltr'><strong>op.</strong></span> <span class='ocrx_word' id='word_1_56' title='bbox 746 759 847 821; x_wconf 91' lang='lat' dir='ltr'><strong>cit.</strong></span> <span class='ocrx_word' id='word_1_57' title='bbox 878 758 1073 818; x_wconf 89' lang='lat' dir='ltr'><strong>editae</strong></span> <span class='ocrx_word' id='word_1_58' title='bbox 1093 762 1236 818; x_wconf 88' lang='lat' dir='ltr'><strong>sunt</strong></span> <span class='ocrx_word' id='word_1_59' title='bbox 1249 760 1541 835; x_wconf 87' lang='lat' dir='ltr'><strong>pretiosae</strong></span> <span class='ocrx_word' id='word_1_60' title='bbox 1560 777 1668 834; x_wconf 90' lang='lat' dir='ltr'><strong>pro</strong></span> <span class='ocrx_word' id='word_1_61' title='bbox 1721 760 2009 835; x_wconf 88' lang='lat' dir='ltr'><strong>religione</strong></span> <span class='ocrx_word' id='word_1_62' title='bbox 2063 763 2125 818; x_wconf 90' lang='lat' dir='ltr'><strong>et</strong></span> <span class='ocrx_word' id='word_1_63' title='bbox 2172 760 2493 819; x_wconf 79' lang='lat' dir='ltr'><strong>sanctitate</strong></span> <span class='ocrx_word' id='word_1_64' title='bbox 2544 759 2895 835; x_wconf 88' lang='lat' dir='ltr'><strong>conspicuae</strong></span> <span class='ocrx_word' id='word_1_65' title='bbox 2929 759 3005 817; x_wconf 90' lang='lat' dir='ltr'><strong>ab</strong></span> 
     </span>
     <span class='ocr_line' id='line_1_7' title="bbox 386 847 3015 924; baseline 0 -17"><span class='ocrx_word' id='word_1_66' title='bbox 386 848 634 907; x_wconf 88' lang='lat' dir='ltr'><strong>historia</strong></span> <span class='ocrx_word' id='word_1_67' title='bbox 650 847 832 924; x_wconf 85' lang='lat' dir='ltr'><strong>hujus</strong></span> <span class='ocrx_word' id='word_1_68' title='bbox 852 848 1154 923; x_wconf 90' lang='lat' dir='ltr'><strong>temporis.</strong></span> <span class='ocrx_word' id='word_1_69' title='bbox 1191 881 1271 891; x_wconf 94' lang='lat'><em>-</em></span> <span class='ocrx_word' id='word_1_70' title='bbox 1304 848 1526 907; x_wconf 87' lang='lat' dir='ltr'><strong>Eodem</strong></span> <span class='ocrx_word' id='word_1_71' title='bbox 1547 848 1667 906; x_wconf 86' lang='lat' dir='ltr'><strong>fere</strong></span> <span class='ocrx_word' id='word_1_72' title='bbox 1722 849 1963 908; x_wconf 89' lang='lat' dir='ltr'><strong>exordio</strong></span> <span class='ocrx_word' id='word_1_73' title='bbox 1996 848 2220 908; x_wconf 86' lang='lat' dir='ltr'><strong>ordinis</strong></span> <span class='ocrx_word' id='word_1_74' title='bbox 2252 849 2325 907; x_wconf 89' lang='lat' dir='ltr'><strong>ad</strong></span> <span class='ocrx_word' id='word_1_75' title='bbox 2345 849 2487 908; x_wconf 88' lang='lat' dir='ltr'><strong>haec</strong></span> <span class='ocrx_word' id='word_1_76' title='bbox 2515 867 2707 924; x_wconf 89' lang='lat' dir='ltr'><strong>usque</strong></span> <span class='ocrx_word' id='word_1_77' title='bbox 2736 850 3015 924; x_wconf 80' lang='lat' dir='ltr'><strong>tempora</strong></span> 
     </span>
     <span class='ocr_line' id='line_1_8' title="bbox 383 936 3006 1014; baseline -0 -18"><span class='ocrx_word' id='word_1_78' title='bbox 383 941 647 1013; x_wconf 88' lang='lat' dir='ltr'><strong>tempore</strong></span> <span class='ocrx_word' id='word_1_79' title='bbox 713 936 1059 995; x_wconf 87' lang='lat' dir='ltr'><strong>Dominicus</strong></span> <span class='ocrx_word' id='word_1_80' title='bbox 1123 938 1226 996; x_wconf 89' lang='lat' dir='ltr'><strong>He</strong></span> <span class='ocrx_word' id='word_1_81' title='bbox 1243 955 1316 996; x_wconf 88' lang='lat' dir='ltr'><strong>ss</strong></span> <span class='ocrx_word' id='word_1_82' title='bbox 1376 937 1441 999; x_wconf 94' lang='grc' dir='ltr'>Ο.</span> <span class='ocrx_word' id='word_1_83' title='bbox 1485 936 1540 994; x_wconf 87' lang='lat' dir='ltr'><strong>S.</strong></span> <span class='ocrx_word' id='word_1_84' title='bbox 1572 937 1666 999; x_wconf 78' lang='lat' dir='ltr'><strong>Fr.</strong></span> <span class='ocrx_word' id='word_1_85' title='bbox 1722 940 1927 998; x_wconf 87' lang='lat' dir='ltr'><strong>nostra</strong></span> <span class='ocrx_word' id='word_1_86' title='bbox 1957 937 2448 1014; x_wconf 88' lang='lat' dir='ltr'><strong>complectuntur.</strong></span> <span class='ocrx_word' id='word_1_87' title='bbox 2498 939 2650 997; x_wconf 87' lang='lat' dir='ltr'><strong>Item</strong></span> <span class='ocrx_word' id='word_1_88' title='bbox 2680 938 3006 996; x_wconf 77' lang='lat' dir='ltr'><strong>bibliotheca</strong></span> 
     </span>
     <span class='ocr_line' id='line_1_9' title="bbox 384 1020 3011 1109; baseline -0.003 -17"><span class='ocrx_word' id='word_1_89' title='bbox 384 1022 445 1109; x_wconf 85' lang='lat'><strong>(†</strong></span> <span class='ocrx_word' id='word_1_90' title='bbox 481 1020 679 1106; x_wconf 84' lang='lat'>1594)</span> <span class='ocrx_word' id='word_1_91' title='bbox 726 1025 967 1102; x_wconf 81' lang='lat' dir='ltr'><strong>collegit</strong></span> <span class='ocrx_word' id='word_1_92' title='bbox 996 1027 1316 1104; x_wconf 56' lang='lat' dir='ltr'><strong>catalogum</strong></span> <span class='ocrx_word' id='word_1_93' title='bbox 1345 1027 1667 1085; x_wconf 79' lang='lat' dir='ltr'><strong>antistitum</strong></span> <span class='ocrx_word' id='word_1_94' title='bbox 1722 1028 1848 1085; x_wconf 80' lang='lat' dir='ltr'><strong>ord.</strong></span> <span class='ocrx_word' id='word_1_95' title='bbox 1898 1026 2018 1088; x_wconf 80' lang='lat' dir='ltr'><strong>FF.</strong></span> <span class='ocrx_word' id='word_1_96' title='bbox 2068 1026 2297 1102; x_wconf 60' lang='lat' dir='ltr'><strong>Praed„</strong></span> <span class='ocrx_word' id='word_1_97' title='bbox 2349 1027 2612 1086; x_wconf 86' lang='lat' dir='ltr'><strong>virorum</strong></span> <span class='ocrx_word' id='word_1_98' title='bbox 2662 1026 2820 1085; x_wconf 87' lang='lat' dir='ltr'><strong>inter</strong></span> <span class='ocrx_word' id='word_1_99' title='bbox 2870 1026 3011 1084; x_wconf 83' lang='lat' dir='ltr'><strong>illos</strong></span> 
     </span>
     <span class='ocr_line' id='line_1_10' title="bbox 383 1112 3005 1192; baseline 0 -19"><span class='ocrx_word' id='word_1_100' title='bbox 383 1124 433 1173; x_wconf 76' lang='lat' dir='ltr'><strong>et</strong></span> <span class='ocrx_word' id='word_1_101' title='bbox 462 1112 1048 1190; x_wconf 75' lang='lat' dir='ltr'><strong>archiepiscoporum,</strong></span> <span class='ocrx_word' id='word_1_102' title='bbox 1091 1115 1196 1190; x_wconf 89' lang='lat' dir='ltr'><strong>qui</strong></span> <span class='ocrx_word' id='word_1_103' title='bbox 1228 1114 1511 1174; x_wconf 89' lang='lat' dir='ltr'><strong>ecclesiae</strong></span> <span class='ocrx_word' id='word_1_104' title='bbox 1543 1133 1665 1174; x_wconf 88' lang='lat' dir='ltr'><strong>me·</strong></span> <span class='ocrx_word' id='word_1_105' title='bbox 1722 1115 1993 1174; x_wconf 89' lang='lat' dir='ltr'><strong>doctrina</strong></span> <span class='ocrx_word' id='word_1_106' title='bbox 2050 1116 2380 1192; x_wconf 87' lang='lat' dir='ltr'><strong>insignium</strong></span> <span class='ocrx_word' id='word_1_107' title='bbox 2428 1115 2687 1183; x_wconf 89' lang='lat' dir='ltr'><strong>nomina,</strong></span> <span class='ocrx_word' id='word_1_108' title='bbox 2746 1120 2807 1173; x_wconf 89' lang='lat' dir='ltr'><strong>et</strong></span> <span class='ocrx_word' id='word_1_109' title='bbox 2851 1133 3005 1189; x_wconf 85' lang='lat' dir='ltr'><strong>quae</strong></span> 
     </span>
     <span class='ocr_line' id='line_1_11' title="bbox 383 1202 3000 1280; baseline -0.001 -17"><span class='ocrx_word' id='word_1_110' title='bbox 383 1204 775 1279; x_wconf 87' lang='lat' dir='ltr'><strong>tropolitanae</strong></span> <span class='ocrx_word' id='word_1_111' title='bbox 808 1202 1235 1280; x_wconf 84' lang='lat' dir='ltr'><strong>salisburgensi</strong></span> <span class='ocrx_word' id='word_1_112' title='bbox 1263 1223 1297 1263; x_wconf 88' lang='lat' dir='ltr'><strong>a</strong></span> <span class='ocrx_word' id='word_1_113' title='bbox 1318 1204 1583 1280; x_wconf 86' lang='lat' dir='ltr'><strong>Ruperto</strong></span> <span class='ocrx_word' id='word_1_114' title='bbox 1603 1204 1667 1261; x_wconf 89' lang='lat' dir='ltr'><strong>in</strong></span> <span class='ocrx_word' id='word_1_115' title='bbox 1722 1204 1943 1279; x_wconf 88' lang='lat' dir='ltr'><strong>scripto</strong></span> <span class='ocrx_word' id='word_1_116' title='bbox 1976 1204 2359 1273; x_wconf 85' lang='lat' dir='ltr'><strong>mandarunt,</strong></span> <span class='ocrx_word' id='word_1_117' title='bbox 2392 1204 2816 1280; x_wconf 82' lang='lat' dir='ltr'><strong>opusculorum</strong></span> <span class='ocrx_word' id='word_1_118' title='bbox 2849 1204 3000 1262; x_wconf 90' lang='lat' dir='ltr'><strong>titu-</strong></span> 
     </span>
     <span class='ocr_line' id='line_1_12' title="bbox 384 1292 3003 1369; baseline -0 -18"><span class='ocrx_word' id='word_1_119' title='bbox 384 1293 544 1351; x_wconf 90' lang='lat' dir='ltr'><strong>hunc</strong></span> <span class='ocrx_word' id='word_1_120' title='bbox 620 1292 779 1350; x_wconf 90' lang='lat' dir='ltr'><strong>diem</strong></span> <span class='ocrx_word' id='word_1_121' title='bbox 840 1292 1248 1367; x_wconf 85' lang='lat' dir='ltr'><strong>praefuerunt,</strong></span> <span class='ocrx_word' id='word_1_122' title='bbox 1311 1292 1665 1369; x_wconf 87' lang='lat' dir='ltr'><strong>Ingolstadii</strong></span> <span class='ocrx_word' id='word_1_123' title='bbox 1722 1293 1811 1352; x_wconf 89' lang='lat' dir='ltr'><strong>los</strong></span> <span class='ocrx_word' id='word_1_124' title='bbox 1845 1295 1906 1351; x_wconf 88' lang='lat' dir='ltr'><strong>et</strong></span> <span class='ocrx_word' id='word_1_125' title='bbox 1937 1296 2287 1369; x_wconf 87' lang='lat' dir='ltr'><strong>argumenta</strong></span> <span class='ocrx_word' id='word_1_126' title='bbox 2317 1293 2730 1369; x_wconf 86' lang='lat' dir='ltr'><strong>complectens,</strong></span> <span class='ocrx_word' id='word_1_127' title='bbox 2762 1292 3003 1350; x_wconf 88' lang='lat' dir='ltr'><strong>Parisiis</strong></span> 
     </span>
     <span class='ocr_line' id='line_1_13' title="bbox 393 1380 3001 1458; baseline -0.002 -15"><span class='ocrx_word' id='word_1_128' title='bbox 393 1391 561 1445; x_wconf 88' lang='grc'>1586</span> <span class='ocrx_word' id='word_1_129' title='bbox 597 1381 662 1439; x_wconf 85' lang='grc'><strong>111</strong></span> <span class='ocrx_word' id='word_1_130' title='bbox 695 1390 751 1442; x_wconf 82' lang='lat'><strong>4.</strong></span> <span class='ocrx_word' id='word_1_131' title='bbox 785 1380 1035 1457; x_wconf 89' lang='lat' dir='ltr'><strong>Scripsit</strong></span> <span class='ocrx_word' id='word_1_132' title='bbox 1066 1382 1273 1440; x_wconf 90' lang='lat' dir='ltr'><strong>etiam:</strong></span> <span class='ocrx_word' id='word_1_133' title='bbox 1313 1381 1667 1440; x_wconf 65' lang='lat' dir='ltr'><strong>Grandliohe</strong></span> <span class='ocrx_word' id='word_1_134' title='bbox 1729 1391 1892 1446; x_wconf 85' lang='lat'>1585</span> <span class='ocrx_word' id='word_1_135' title='bbox 1926 1402 2022 1458; x_wconf 86' lang='lat' dir='ltr'><strong>pp.</strong></span> <span class='ocrx_word' id='word_1_136' title='bbox 2059 1391 2114 1443; x_wconf 90' lang='lat'><strong>2.</strong></span> <span class='ocrx_word' id='word_1_137' title='bbox 2156 1383 2405 1441; x_wconf 83' lang='lat' dir='ltr'><strong>Fatetur</strong></span> <span class='ocrx_word' id='word_1_138' title='bbox 2434 1385 2635 1440; x_wconf 86' lang='lat' dir='ltr'><strong>tamen</strong></span> <span class='ocrx_word' id='word_1_139' title='bbox 2665 1381 2894 1440; x_wconf 87' lang='lat' dir='ltr'><strong>Echard</strong></span> <span class='ocrx_word' id='word_1_140' title='bbox 2926 1381 3001 1450; x_wconf 92' lang='lat'><strong>11,</strong></span> 
     </span>
     <span class='ocr_line' id='line_1_14' title="bbox 383 1467 3005 1547; baseline -0.001 -17"><span class='ocrx_word' id='word_1_141' title='bbox 383 1467 744 1547; x_wconf 76' lang='lat' dir='ltr'><strong>Erweisunq,</strong></span> <span class='ocrx_word' id='word_1_142' title='bbox 793 1469 904 1531; x_wconf 88' lang='lat' dir='ltr'><strong>dass</strong></span> <span class='ocrx_word' id='word_1_143' title='bbox 936 1469 1097 1529; x_wconf 89' lang='lat' dir='ltr'><strong>diese</strong></span> <span class='ocrx_word' id='word_1_144' title='bbox 1128 1470 1307 1529; x_wconf 89' lang='lat' dir='ltr'><strong>allein</strong></span> <span class='ocrx_word' id='word_1_145' title='bbox 1339 1470 1433 1529; x_wconf 91' lang='lat' dir='ltr'><strong>die</strong></span> <span class='ocrx_word' id='word_1_146' title='bbox 1465 1470 1667 1530; x_wconf 80' lang='lat' dir='ltr'><strong>rechte</strong></span> <span class='ocrx_word' id='word_1_147' title='bbox 1725 1478 1847 1532; x_wconf 84' lang='lat'><strong>272</strong></span> <span class='ocrx_word' id='word_1_148' title='bbox 1885 1471 2211 1530; x_wconf 86' lang='lat' dir='ltr'><strong>Antonium</strong></span> <span class='ocrx_word' id='word_1_149' title='bbox 2262 1471 2325 1529; x_wconf 92' lang='lat' dir='ltr'><strong>in</strong></span> <span class='ocrx_word' id='word_1_150' title='bbox 2375 1471 2484 1530; x_wconf 93' lang='lat' dir='ltr'><strong>hoc</strong></span> <span class='ocrx_word' id='word_1_151' title='bbox 2532 1490 2625 1545; x_wconf 91' lang='lat' dir='ltr'><strong>op.</strong></span> <span class='ocrx_word' id='word_1_152' title='bbox 2674 1470 2913 1545; x_wconf 86' lang='lat' dir='ltr'><strong>saepius</strong></span> <span class='ocrx_word' id='word_1_153' title='bbox 2944 1473 3005 1527; x_wconf 89' lang='lat' dir='ltr'><strong>et</strong></span> 
     </span>
     <span class='ocr_line' id='line_1_15' title="bbox 387 1558 3003 1637; baseline -0 -20"><span class='ocrx_word' id='word_1_154' title='bbox 387 1558 602 1618; x_wconf 87' lang='lat' dir='ltr'><strong>Kirche</strong></span> <span class='ocrx_word' id='word_1_155' title='bbox 634 1559 841 1618; x_wconf 82' lang='lat' dir='ltr'><strong>Gottes</strong></span> <span class='ocrx_word' id='word_1_156' title='bbox 875 1558 978 1628; x_wconf 89' lang='lat' dir='ltr'><strong>sei,</strong></span> <span class='ocrx_word' id='word_1_157' title='bbox 1011 1559 1106 1617; x_wconf 87' lang='lat' dir='ltr'><strong>bei</strong></span> <span class='ocrx_word' id='word_1_158' title='bbox 1126 1559 1380 1618; x_wconf 81' lang='lat' dir='ltr'><strong>welcher</strong></span> <span class='ocrx_word' id='word_1_159' title='bbox 1411 1559 1507 1618; x_wconf 91' lang='lat' dir='ltr'><strong>die</strong></span> <span class='ocrx_word' id='word_1_160' title='bbox 1526 1560 1663 1619; x_wconf 87' lang='lat' dir='ltr'><strong>alle·</strong></span> <span class='ocrx_word' id='word_1_161' title='bbox 1719 1560 1982 1637; x_wconf 75' lang='lat' dir='ltr'><strong>graviter</strong></span> <span class='ocrx_word' id='word_1_162' title='bbox 2011 1560 2348 1636; x_wconf 87' lang='lat' dir='ltr'><strong>impegisse,</strong></span> <span class='ocrx_word' id='word_1_163' title='bbox 2396 1560 2557 1636; x_wconf 88' lang='lat' dir='ltr'><strong>quod</strong></span> <span class='ocrx_word' id='word_1_164' title='bbox 2602 1559 2705 1618; x_wconf 91' lang='lat' dir='ltr'><strong>illo</strong></span> <span class='ocrx_word' id='word_1_165' title='bbox 2736 1562 3003 1634; x_wconf 88' lang='lat' dir='ltr'><strong>tempore</strong></span> 
     </span>
     <span class='ocr_line' id='line_1_16' title="bbox 381 1645 3018 1725; baseline 0 -19"><span class='ocrx_word' id='word_1_166' title='bbox 381 1648 495 1707; x_wconf 90' lang='lat' dir='ltr'><strong>zeit</strong></span> <span class='ocrx_word' id='word_1_167' title='bbox 513 1647 827 1707; x_wconf 66' lang='lat' dir='ltr'><strong>wahrende</strong></span> <span class='ocrx_word' id='word_1_168' title='bbox 849 1648 1196 1707; x_wconf 88' lang='lat' dir='ltr'><strong>Succession</strong></span> <span class='ocrx_word' id='word_1_169' title='bbox 1228 1667 1301 1707; x_wconf 87' lang='lat' dir='ltr'><strong>zu</strong></span> <span class='ocrx_word' id='word_1_170' title='bbox 1333 1648 1533 1707; x_wconf 90' lang='lat' dir='ltr'><strong>finden</strong></span> <span class='ocrx_word' id='word_1_171' title='bbox 1563 1645 1662 1719; x_wconf 85' lang='lat' dir='ltr'><strong>ist,</strong></span> <span class='ocrx_word' id='word_1_172' title='bbox 1720 1649 1988 1708; x_wconf 88' lang='lat' dir='ltr'><strong>excusari</strong></span> <span class='ocrx_word' id='word_1_173' title='bbox 2032 1649 2239 1725; x_wconf 87' lang='lat' dir='ltr'><strong>possit.</strong></span> <span class='ocrx_word' id='word_1_174' title='bbox 2301 1649 2437 1724; x_wconf 92' lang='lat' dir='ltr'><strong>Ipse</strong></span> <span class='ocrx_word' id='word_1_175' title='bbox 2479 1647 2618 1706; x_wconf 88' lang='lat' dir='ltr'><strong>dein</strong></span> <span class='ocrx_word' id='word_1_176' title='bbox 2662 1647 3018 1707; x_wconf 79' lang='lat' dir='ltr'><strong>testimonia.</strong></span> 
     </span>
     <span class='ocr_line' id='line_1_17' title="bbox 388 1735 3004 1813; baseline 0 -18"><span class='ocrx_word' id='word_1_177' title='bbox 388 1736 617 1795; x_wconf 81' lang='lat' dir='ltr'><strong>Graecii</strong></span> <span class='ocrx_word' id='word_1_178' title='bbox 655 1748 681 1799; x_wconf 89' lang='lat'>1</span> <span class='ocrx_word' id='word_1_179' title='bbox 701 1745 823 1799; x_wconf 86' lang='lat'><strong>592</strong></span> <span class='ocrx_word' id='word_1_180' title='bbox 864 1735 1047 1794; x_wconf 85' lang='lat' dir='ltr'><strong>latine</strong></span> <span class='ocrx_word' id='word_1_181' title='bbox 1067 1739 1128 1795; x_wconf 88' lang='lat' dir='ltr'><strong>et</strong></span> <span class='ocrx_word' id='word_1_182' title='bbox 1146 1737 1493 1813; x_wconf 87' lang='lat' dir='ltr'><strong>germanice,</strong></span> <span class='ocrx_word' id='word_1_183' title='bbox 1530 1755 1665 1796; x_wconf 91' lang='lat' dir='ltr'><strong>cum</strong></span> <span class='ocrx_word' id='word_1_184' title='bbox 1718 1740 1959 1813; x_wconf 89' lang='lat' dir='ltr'><strong>patrum</strong></span> <span class='ocrx_word' id='word_1_185' title='bbox 2008 1737 2377 1812; x_wconf 88' lang='lat' dir='ltr'><strong>aliorumque</strong></span> <span class='ocrx_word' id='word_1_186' title='bbox 2426 1737 2802 1812; x_wconf 88' lang='lat' dir='ltr'><strong>scriptorum,</strong></span> <span class='ocrx_word' id='word_1_187' title='bbox 2850 1755 3004 1811; x_wconf 86' lang='lat' dir='ltr'><strong>quae</strong></span> 
     </span>
     <span class='ocr_line' id='line_1_18' title="bbox 382 1824 3003 1901; baseline -0.001 -17"><span class='ocrx_word' id='word_1_188' title='bbox 382 1826 749 1885; x_wconf 85' lang='lat' dir='ltr'><strong>successione</strong></span> <span class='ocrx_word' id='word_1_189' title='bbox 780 1824 1190 1901; x_wconf 89' lang='lat' dir='ltr'><strong>episcoporum</strong></span> <span class='ocrx_word' id='word_1_190' title='bbox 1221 1825 1662 1884; x_wconf 84' lang='lat' dir='ltr'><strong>secoviensium.</strong></span> <span class='ocrx_word' id='word_1_191' title='bbox 1719 1845 1761 1885; x_wconf 91' lang='lat' dir='ltr'><strong>s.</strong></span> <span class='ocrx_word' id='word_1_192' title='bbox 1796 1826 2051 1885; x_wconf 80' lang='lat' dir='ltr'><strong>Thomas</strong></span> <span class='ocrx_word' id='word_1_193' title='bbox 2100 1827 2162 1884; x_wconf 92' lang='lat' dir='ltr'><strong>in</strong></span> <span class='ocrx_word' id='word_1_194' title='bbox 2211 1845 2318 1885; x_wconf 88' lang='lat' dir='ltr'><strong>sua</strong></span> <span class='ocrx_word' id='word_1_195' title='bbox 2368 1825 2609 1884; x_wconf 89' lang='lat' dir='ltr'><strong>Summa</strong></span> <span class='ocrx_word' id='word_1_196' title='bbox 2640 1825 2803 1896; x_wconf 86' lang='lat' dir='ltr'><strong>citat,</strong></span> <span class='ocrx_word' id='word_1_197' title='bbox 2837 1825 3003 1883; x_wconf 89' lang='lat' dir='ltr'><strong>inde-</strong></span> 
     </span>
     <span class='ocr_line' id='line_1_19' title="bbox 379 1913 3003 1991; baseline -0 -19"><span class='ocrx_word' id='word_1_198' title='bbox 379 1914 827 1990; x_wconf 85' lang='lat' dir='ltr'><strong>—Catalogum</strong></span> <span class='ocrx_word' id='word_1_199' title='bbox 858 1917 1253 1987; x_wconf 73' lang='lat' dir='ltr'><strong>episcoporum</strong></span> <span class='ocrx_word' id='word_1_200' title='bbox 1262 1915 1663 1988; x_wconf 69' lang='lat' dir='ltr'><strong>pudet-bomn-</strong></span> <span class='ocrx_word' id='word_1_201' title='bbox 1719 1915 1872 1975; x_wconf 87' lang='lat' dir='ltr'><strong>fesso</strong></span> <span class='ocrx_word' id='word_1_202' title='bbox 1903 1915 2264 1991; x_wconf 82' lang='lat' dir='ltr'><strong>perquisivit</strong></span> <span class='ocrx_word' id='word_1_203' title='bbox 2292 1914 2492 1973; x_wconf 90' lang='lat' dir='ltr'><strong>labore</strong></span> <span class='ocrx_word' id='word_1_204' title='bbox 2526 1917 2706 1988; x_wconf 89' lang='lat' dir='ltr'><strong>atque</strong></span> <span class='ocrx_word' id='word_1_205' title='bbox 2739 1913 2814 1972; x_wconf 87' lang='lat' dir='ltr'><strong>ad</strong></span> <span class='ocrx_word' id='word_1_206' title='bbox 2844 1933 3003 1971; x_wconf 86' lang='lat' dir='ltr'><strong>mar-</strong></span> 
     </span>
     <span class='ocr_line' id='line_1_20' title="bbox 380 2003 3002 2080; baseline -0 -19"><span class='ocrx_word' id='word_1_207' title='bbox 380 2005 534 2061; x_wconf 83' lang='lat' dir='ltr'><strong>sium</strong></span> <span class='ocrx_word' id='word_1_208' title='bbox 566 2003 736 2062; x_wconf 85' lang='lat' dir='ltr'><strong>dedit</strong></span> <span class='ocrx_word' id='word_1_209' title='bbox 765 2003 1147 2062; x_wconf 87' lang='lat' dir='ltr'><strong>Hermannus</strong></span> <span class='ocrx_word' id='word_1_210' title='bbox 1198 2004 1268 2062; x_wconf 88' lang='lat' dir='ltr'><strong>de</strong></span> <span class='ocrx_word' id='word_1_211' title='bbox 1299 2004 1664 2063; x_wconf 86' lang='lat' dir='ltr'><strong>Kerssen-</strong></span> <span class='ocrx_word' id='word_1_212' title='bbox 1719 2005 1916 2080; x_wconf 85' lang='lat' dir='ltr'><strong>ginem</strong></span> <span class='ocrx_word' id='word_1_213' title='bbox 1980 2004 2321 2063; x_wconf 80' lang='lat' dir='ltr'><strong>annotavit:</strong></span> <span class='ocrx_word' id='word_1_214' title='bbox 2383 2021 2637 2077; x_wconf 89' lang='lat' dir='ltr'><strong>cumque</strong></span> <span class='ocrx_word' id='word_1_215' title='bbox 2698 2003 2790 2061; x_wconf 89' lang='lat' dir='ltr'><strong>his</strong></span> <span class='ocrx_word' id='word_1_216' title='bbox 2843 2003 3002 2061; x_wconf 87' lang='lat' dir='ltr'><strong>notis</strong></span> 
     </span>
     <span class='ocr_line' id='line_1_21' title="bbox 379 2088 3017 2174; baseline -0.001 -24"><span class='ocrx_word' id='word_1_217' title='bbox 379 2092 463 2150; x_wconf 88' lang='lat' dir='ltr'><strong>br</strong></span> <span class='ocrx_word' id='word_1_218' title='bbox 478 2111 513 2151; x_wconf 94' lang='lat' dir='ltr'><strong>o</strong></span> <span class='ocrx_word' id='word_1_219' title='bbox 528 2093 549 2150; x_wconf 89' lang='lat' dir='ltr'><strong>i</strong></span> <span class='ocrx_word' id='word_1_220' title='bbox 564 2092 649 2150; x_wconf 83' lang='lat' dir='ltr'><strong>ck</strong></span> <span class='ocrx_word' id='word_1_221' title='bbox 679 2096 754 2164; x_wconf 90' lang='lat' dir='ltr'><strong>(c.</strong></span> <span class='ocrx_word' id='word_1_222' title='bbox 779 2101 891 2154; x_wconf 88' lang='lat'><strong>151</strong></span> <span class='ocrx_word' id='word_1_223' title='bbox 907 2102 942 2154; x_wconf 83' lang='lat'>9</span> <span class='ocrx_word' id='word_1_224' title='bbox 962 2113 978 2162; x_wconf 79' lang='lat'><em>3</em></span> <span class='ocrx_word' id='word_1_225' title='bbox 1010 2090 1046 2159; x_wconf 88' lang='lat'>†</span> <span class='ocrx_word' id='word_1_226' title='bbox 1068 2091 1262 2155; x_wconf 84' lang='lat' dir='ltr'><strong>5.Ju1.</strong></span> <span class='ocrx_word' id='word_1_227' title='bbox 1286 2104 1310 2153; x_wconf 95' lang='grc'><strong>1</strong></span> <span class='ocrx_word' id='word_1_228' title='bbox 1328 2088 1477 2174; x_wconf 90' lang='grc'>585)</span> <span class='ocrx_word' id='word_1_229' title='bbox 1493 2112 1664 2169; x_wconf 84' lang='lat' dir='ltr'><strong>gym-</strong></span> <span class='ocrx_word' id='word_1_230' title='bbox 1719 2092 2147 2169; x_wconf 88' lang='lat' dir='ltr'><strong>marginalibus</strong></span> <span class='ocrx_word' id='word_1_231' title='bbox 2173 2093 2377 2150; x_wconf 86' lang='lat' dir='ltr'><strong>eadem</strong></span> <span class='ocrx_word' id='word_1_232' title='bbox 2398 2092 2624 2168; x_wconf 88' lang='lat' dir='ltr'><strong>prodiit</strong></span> <span class='ocrx_word' id='word_1_233' title='bbox 2640 2091 3017 2165; x_wconf 83' lang='lat' dir='ltr'><strong>Antverpiae</strong></span> 
     </span>
     <span class='ocr_line' id='line_1_22' title="bbox 380 2180 3000 2257; baseline -0.001 -17"><span class='ocrx_word' id='word_1_234' title='bbox 380 2181 530 2240; x_wconf 88' lang='lat' dir='ltr'><strong>nasii</strong></span> <span class='ocrx_word' id='word_1_235' title='bbox 563 2180 744 2239; x_wconf 82' lang='lat' dir='ltr'><strong>variis</strong></span> <span class='ocrx_word' id='word_1_236' title='bbox 773 2180 834 2238; x_wconf 86' lang='lat' dir='ltr'><strong>in</strong></span> <span class='ocrx_word' id='word_1_237' title='bbox 856 2180 1198 2240; x_wconf 86' lang='lat' dir='ltr'><strong>civitatibus</strong></span> <span class='ocrx_word' id='word_1_238' title='bbox 1217 2180 1487 2240; x_wconf 88' lang='lat' dir='ltr'><strong>director.</strong></span> <span class='ocrx_word' id='word_1_239' title='bbox 1517 2182 1664 2257; x_wconf 90' lang='lat' dir='ltr'><strong>Ejus</strong></span> <span class='ocrx_word' id='word_1_240' title='bbox 1728 2190 1891 2244; x_wconf 84' lang='lat'>1569</span> <span class='ocrx_word' id='word_1_241' title='bbox 1912 2202 1925 2251; x_wconf 90' lang='lat'><strong>;</strong></span> <span class='ocrx_word' id='word_1_242' title='bbox 1965 2192 1992 2243; x_wconf 98' lang='grc'><strong>1</strong></span> <span class='ocrx_word' id='word_1_243' title='bbox 2009 2190 2153 2251; x_wconf 89' lang='grc'>575,</span> <span class='ocrx_word' id='word_1_244' title='bbox 2179 2184 2361 2256; x_wconf 86' lang='lat' dir='ltr'><strong>atque</strong></span> <span class='ocrx_word' id='word_1_245' title='bbox 2382 2181 2615 2239; x_wconf 89' lang='lat' dir='ltr'><strong>Romae.</strong></span> <span class='ocrx_word' id='word_1_246' title='bbox 2648 2180 2813 2238; x_wconf 91' lang='lat' dir='ltr'><strong>Idem</strong></span> <span class='ocrx_word' id='word_1_247' title='bbox 2831 2198 3000 2254; x_wconf 88' lang='lat' dir='ltr'><strong>prae-</strong></span> 
     </span>
     <span class='ocr_line' id='line_1_23' title="bbox 377 2267 2999 2344; baseline -0.001 -17"><span class='ocrx_word' id='word_1_248' title='bbox 377 2270 624 2329; x_wconf 66' lang='lat' dir='ltr'><strong>historia</strong></span> <span class='ocrx_word' id='word_1_249' title='bbox 656 2271 1163 2343; x_wconf 79' lang='lat' dir='ltr'><strong>anabaptistarum</strong></span> <span class='ocrx_word' id='word_1_250' title='bbox 1203 2270 1492 2330; x_wconf 91' lang='lat' dir='ltr'><strong>rhetorico</strong></span> <span class='ocrx_word' id='word_1_251' title='bbox 1525 2270 1664 2328; x_wconf 89' lang='lat' dir='ltr'><strong>stilo</strong></span> <span class='ocrx_word' id='word_1_252' title='bbox 1719 2269 1879 2329; x_wconf 86' lang='lat' dir='ltr'><strong>stitit</strong></span> <span class='ocrx_word' id='word_1_253' title='bbox 1892 2270 2043 2327; x_wconf 90' lang='lat' dir='ltr'><strong>circa</strong></span> <span class='ocrx_word' id='word_1_254' title='bbox 2059 2270 2434 2344; x_wconf 88' lang='lat' dir='ltr'><strong>quaestiones</strong></span> <span class='ocrx_word' id='word_1_255' title='bbox 2452 2287 2495 2331; x_wconf 80' lang='lat' dir='ltr'><strong>s,</strong></span> <span class='ocrx_word' id='word_1_256' title='bbox 2512 2269 2771 2326; x_wconf 86' lang='lat' dir='ltr'><strong>Thomae</strong></span> <span class='ocrx_word' id='word_1_257' title='bbox 2792 2267 2999 2343; x_wconf 84' lang='lat' dir='ltr'><strong>dispu-</strong></span> 
     </span>
     <span class='ocr_line' id='line_1_24' title="bbox 378 2356 2997 2435; baseline -0.002 -18"><span class='ocrx_word' id='word_1_258' title='bbox 378 2359 701 2434; x_wconf 91' lang='lat' dir='ltr'><strong>composita</strong></span> <span class='ocrx_word' id='word_1_259' title='bbox 731 2359 1115 2435; x_wconf 88' lang='lat' dir='ltr'><strong>magistratui</strong></span> <span class='ocrx_word' id='word_1_260' title='bbox 1164 2359 1409 2418; x_wconf 90' lang='lat' dir='ltr'><strong>minime</strong></span> <span class='ocrx_word' id='word_1_261' title='bbox 1441 2359 1660 2428; x_wconf 86' lang='lat' dir='ltr'><strong>arrisit,</strong></span> <span class='ocrx_word' id='word_1_262' title='bbox 1718 2362 1877 2418; x_wconf 87' lang='lat' dir='ltr'><strong>tatas</strong></span> <span class='ocrx_word' id='word_1_263' title='bbox 1907 2362 1969 2416; x_wconf 90' lang='lat' dir='ltr'><strong>et</strong></span> <span class='ocrx_word' id='word_1_264' title='bbox 1998 2359 2071 2417; x_wconf 89' lang='lat' dir='ltr'><strong>de</strong></span> <span class='ocrx_word' id='word_1_265' title='bbox 2102 2358 2371 2427; x_wconf 82' lang='lat' dir='ltr'><strong>veritate,</strong></span> <span class='ocrx_word' id='word_1_266' title='bbox 2413 2356 2775 2431; x_wconf 83' lang='lat' dir='ltr'><strong>Antverpiae</strong></span> <span class='ocrx_word' id='word_1_267' title='bbox 2818 2367 2997 2420; x_wconf 89' lang='grc'>1571.</span> 
     </span>
     <span class='ocr_line' id='line_1_25' title="bbox 379 2444 3011 2523; baseline -0.001 -17"><span class='ocrx_word' id='word_1_268' title='bbox 379 2447 515 2506; x_wconf 87' lang='grc'>111116</span> <span class='ocrx_word' id='word_1_269' title='bbox 546 2447 864 2522; x_wconf 88' lang='lat' dir='ltr'><strong>impressio</strong></span> <span class='ocrx_word' id='word_1_270' title='bbox 913 2446 1216 2522; x_wconf 83' lang='lat' dir='ltr'><strong>prohibita</strong></span> <span class='ocrx_word' id='word_1_271' title='bbox 1245 2447 1392 2520; x_wconf 78' lang='lat' dir='ltr'><strong>fuit3</strong></span> <span class='ocrx_word' id='word_1_272' title='bbox 1438 2447 1664 2523; x_wconf 89' lang='lat' dir='ltr'><strong>prodiit</strong></span> <span class='ocrx_word' id='word_1_273' title='bbox 1716 2447 1924 2506; x_wconf 88' lang='lat' dir='ltr'><strong>Edidit</strong></span> <span class='ocrx_word' id='word_1_274' title='bbox 1953 2450 2014 2505; x_wconf 92' lang='lat' dir='ltr'><strong>et</strong></span> <span class='ocrx_word' id='word_1_275' title='bbox 2037 2446 2309 2505; x_wconf 64' lang='lat' dir='ltr'><strong>Cute-nam</strong></span> <span class='ocrx_word' id='word_1_276' title='bbox 2340 2465 2582 2504; x_wconf 80' lang='lat' dir='ltr'><strong>auream</strong></span> <span class='ocrx_word' id='word_1_277' title='bbox 2610 2444 2866 2503; x_wconf 88' lang='lat' dir='ltr'><strong>doctoris</strong></span> <span class='ocrx_word' id='word_1_278' title='bbox 2896 2464 3011 2503; x_wconf 81' lang='lat' dir='ltr'><strong>an·</strong></span> 
     </span>
     <span class='ocr_line' id='line_1_26' title="bbox 376 2532 2999 2614; baseline -0.002 -19"><span class='ocrx_word' id='word_1_279' title='bbox 376 2538 578 2595; x_wconf 85' lang='lat' dir='ltr'><strong>tamen</strong></span> <span class='ocrx_word' id='word_1_280' title='bbox 653 2536 984 2612; x_wconf 86' lang='lat' dir='ltr'><strong>germanice</strong></span> <span class='ocrx_word' id='word_1_281' title='bbox 1059 2553 1232 2595; x_wconf 85' lang='lat' dir='ltr'><strong>versa</strong></span> <span class='ocrx_word' id='word_1_282' title='bbox 1287 2536 1663 2595; x_wconf 86' lang='lat' dir='ltr'><strong>Francofurti</strong></span> <span class='ocrx_word' id='word_1_283' title='bbox 1718 2536 1895 2614; x_wconf 88' lang='lat' dir='ltr'><strong>gelici</strong></span> <span class='ocrx_word' id='word_1_284' title='bbox 1926 2555 2108 2612; x_wconf 89' lang='lat' dir='ltr'><strong>super</strong></span> <span class='ocrx_word' id='word_1_285' title='bbox 2154 2538 2409 2611; x_wconf 88' lang='lat' dir='ltr'><strong>quatuor</strong></span> <span class='ocrx_word' id='word_1_286' title='bbox 2457 2534 2765 2611; x_wconf 80' lang='lat' dir='ltr'><strong>evangelia</strong></span> <span class='ocrx_word' id='word_1_287' title='bbox 2792 2532 2868 2591; x_wconf 89' lang='lat' dir='ltr'><strong>ad</strong></span> <span class='ocrx_word' id='word_1_288' title='bbox 2899 2553 2999 2592; x_wconf 81' lang='lat' dir='ltr'><strong>ex-</strong></span> 
     </span>
     <span class='ocr_line' id='line_1_27' title="bbox 385 2623 3002 2703; baseline -0.003 -14"><span class='ocrx_word' id='word_1_289' title='bbox 385 2635 543 2689; x_wconf 78' lang='lat'><strong>1771</strong></span> <span class='ocrx_word' id='word_1_290' title='bbox 601 2626 667 2684; x_wconf 86' lang='grc'><strong>111</strong></span> <span class='ocrx_word' id='word_1_291' title='bbox 720 2635 791 2695; x_wconf 86' lang='grc'><strong>4;</strong></span> <span class='ocrx_word' id='word_1_292' title='bbox 842 2628 902 2684; x_wconf 88' lang='lat' dir='ltr'><strong>et</strong></span> <span class='ocrx_word' id='word_1_293' title='bbox 946 2630 1148 2685; x_wconf 86' lang='lat' dir='ltr'><strong>nostra</strong></span> <span class='ocrx_word' id='word_1_294' title='bbox 1196 2629 1387 2684; x_wconf 85' lang='lat' dir='ltr'><strong>aetate</strong></span> <span class='ocrx_word' id='word_1_295' title='bbox 1436 2644 1556 2684; x_wconf 91' lang='lat' dir='ltr'><strong>cur.</strong></span> <span class='ocrx_word' id='word_1_296' title='bbox 1589 2627 1661 2684; x_wconf 86' lang='lat' dir='ltr'><strong>H.</strong></span> <span class='ocrx_word' id='word_1_297' title='bbox 1718 2625 2004 2703; x_wconf 88' lang='lat' dir='ltr'><strong>emplaria</strong></span> <span class='ocrx_word' id='word_1_298' title='bbox 2034 2625 2450 2700; x_wconf 86' lang='lat' dir='ltr'><strong>antiquissima</strong></span> <span class='ocrx_word' id='word_1_299' title='bbox 2496 2643 2635 2683; x_wconf 82' lang='lat' dir='ltr'><strong>msc.</strong></span> <span class='ocrx_word' id='word_1_300' title='bbox 2682 2623 2896 2681; x_wconf 84' lang='lat' dir='ltr'><strong>collata</strong></span> <span class='ocrx_word' id='word_1_301' title='bbox 2939 2626 3002 2681; x_wconf 89' lang='lat' dir='ltr'><strong>et</strong></span> 
     </span>
     <span class='ocr_line' id='line_1_28' title="bbox 378 2711 2999 2791; baseline -0.001 -18"><span class='ocrx_word' id='word_1_302' title='bbox 378 2716 621 2774; x_wconf 88' lang='lat' dir='ltr'><strong>Detmer</strong></span> <span class='ocrx_word' id='word_1_303' title='bbox 673 2714 961 2789; x_wconf 87' lang='lat' dir='ltr'><strong>inscripta</strong></span> <span class='ocrx_word' id='word_1_304' title='bbox 1007 2715 1445 2773; x_wconf 85' lang='lat' dir='ltr'><strong>Kerssenbroch</strong></span> <span class='ocrx_word' id='word_1_305' title='bbox 1494 2716 1662 2773; x_wconf 81' lang='lat' dir='ltr'><strong>Ana·</strong></span> <span class='ocrx_word' id='word_1_306' title='bbox 1717 2718 2037 2791; x_wconf 86' lang='lat' dir='ltr'><strong>repurgata</strong></span> <span class='ocrx_word' id='word_1_307' title='bbox 2067 2732 2201 2773; x_wconf 90' lang='lat' dir='ltr'><strong>cum</strong></span> <span class='ocrx_word' id='word_1_308' title='bbox 2223 2713 2519 2772; x_wconf 84' lang='lat' dir='ltr'><strong>similibus</strong></span> <span class='ocrx_word' id='word_1_309' title='bbox 2534 2711 2999 2772; x_wconf 84' lang='lat' dir='ltr'><strong>indicatiouibus</strong></span> 
     </span>
     <span class='ocr_line' id='line_1_29' title="bbox 377 2801 2999 2880; baseline 0.001 -18"><span class='ocrx_word' id='word_1_310' title='bbox 377 2805 666 2879; x_wconf 68' lang='lat' dir='ltr'><strong>baptistici</strong></span> <span class='ocrx_word' id='word_1_311' title='bbox 690 2804 924 2876; x_wconf 81' lang='lat' dir='ltr'><strong>furoris</strong></span> <span class='ocrx_word' id='word_1_312' title='bbox 940 2804 1361 2862; x_wconf 84' lang='lat' dir='ltr'><strong>Monasterium</strong></span> <span class='ocrx_word' id='word_1_313' title='bbox 1393 2802 1662 2861; x_wconf 89' lang='lat' dir='ltr'><strong>inclitam</strong></span> <span class='ocrx_word' id='word_1_314' title='bbox 1716 2803 2169 2880; x_wconf 80' lang='lat' dir='ltr'><strong>marginalibus,</strong></span> <span class='ocrx_word' id='word_1_315' title='bbox 2201 2803 2278 2861; x_wconf 92' lang='lat' dir='ltr'><strong>ib.</strong></span> <span class='ocrx_word' id='word_1_316' title='bbox 2303 2811 2467 2865; x_wconf 86' lang='lat'>1573</span> <span class='ocrx_word' id='word_1_317' title='bbox 2492 2824 2506 2872; x_wconf 87' lang='lat'>;</span> <span class='ocrx_word' id='word_1_318' title='bbox 2539 2801 2782 2860; x_wconf 87' lang='lat' dir='ltr'><strong>Parisiis</strong></span> <span class='ocrx_word' id='word_1_319' title='bbox 2809 2810 2926 2862; x_wconf 83' lang='grc'><strong>157</strong></span> <span class='ocrx_word' id='word_1_320' title='bbox 2943 2811 2999 2870; x_wconf 85' lang='grc'><strong>7;</strong></span> 
     </span>
     <span class='ocr_line' id='line_1_30' title="bbox 379 2890 3009 2968; baseline -0.001 -19"><span class='ocrx_word' id='word_1_321' title='bbox 379 2892 776 2967; x_wconf 85' lang='lat' dir='ltr'><strong>Westphaliae</strong></span> <span class='ocrx_word' id='word_1_322' title='bbox 868 2891 1243 2968; x_wconf 83' lang='lat' dir='ltr'><strong>metropolim</strong></span> <span class='ocrx_word' id='word_1_323' title='bbox 1336 2891 1661 2951; x_wconf 78' lang='lat' dir='ltr'><strong>evertentis</strong></span> <span class='ocrx_word' id='word_1_324' title='bbox 1726 2901 1924 2963; x_wconf 87' lang='grc'>1637;</span> <span class='ocrx_word' id='word_1_325' title='bbox 1970 2894 2439 2951; x_wconf 79' lang='lat' dir='ltr'><strong>commentarium</strong></span> <span class='ocrx_word' id='word_1_326' title='bbox 2481 2893 2543 2949; x_wconf 82' lang='lat' dir='ltr'><strong>in</strong></span> <span class='ocrx_word' id='word_1_327' title='bbox 2592 2891 2857 2949; x_wconf 74' lang='lat' dir='ltr'><strong>Genesim</strong></span> <span class='ocrx_word' id='word_1_328' title='bbox 2887 2890 3009 2948; x_wconf 83' lang='lat' dir='ltr'><strong>sub</strong></span> 
     </span>
     <span class='ocr_line' id='line_1_31' title="bbox 377 2978 2997 3054; baseline 0.001 -16"><span class='ocrx_word' id='word_1_329' title='bbox 377 2982 654 3040; x_wconf 58' lang='lat' dir='ltr'><strong>historica</strong></span> <span class='ocrx_word' id='word_1_330' title='bbox 728 2982 1030 3052; x_wconf 65' lang='grc' dir='ltr'><strong>πανναῠίο,</strong></span> <span class='ocrx_word' id='word_1_331' title='bbox 1119 2981 1391 3039; x_wconf 81' lang='lat' dir='ltr'><strong>Miinster</strong></span> <span class='ocrx_word' id='word_1_332' title='bbox 1472 2990 1660 3044; x_wconf 89' lang='grc'>1899.</span> <span class='ocrx_word' id='word_1_333' title='bbox 1716 2981 1957 3040; x_wconf 83' lang='grc'>1161111116</span> <span class='ocrx_word' id='word_1_334' title='bbox 1989 2999 2035 3043; x_wconf 87' lang='lat' dir='ltr'><strong>s.</strong></span> <span class='ocrx_word' id='word_1_335' title='bbox 2056 2982 2392 3050; x_wconf 86' lang='lat' dir='ltr'><strong>Thomae,</strong></span> <span class='ocrx_word' id='word_1_336' title='bbox 2426 2978 2785 3054; x_wconf 81' lang='lat' dir='ltr'><strong>Antverpiae</strong></span> <span class='ocrx_word' id='word_1_337' title='bbox 2812 2987 2997 3048; x_wconf 88' lang='grc'>1573,</span> 
     </span>
     <span class='ocr_line' id='line_1_32' title="bbox 383 3066 3002 3151; baseline -0.003 -18"><span class='ocrx_word' id='word_1_338' title='bbox 383 3080 549 3133; x_wconf 90' lang='grc'>1900</span> <span class='ocrx_word' id='word_1_339' title='bbox 585 3071 627 3126; x_wconf 85' lang='lat' dir='ltr'><strong>t.</strong></span> <span class='ocrx_word' id='word_1_340' title='bbox 666 3077 722 3138; x_wconf 88' lang='grc'><strong>2,</strong></span> <span class='ocrx_word' id='word_1_341' title='bbox 756 3069 843 3128; x_wconf 86' lang='lat' dir='ltr'><strong>ed.</strong></span> <span class='ocrx_word' id='word_1_342' title='bbox 877 3069 1115 3146; x_wconf 87' lang='lat' dir='ltr'><strong>egregia</strong></span> <span class='ocrx_word' id='word_1_343' title='bbox 1129 3066 1206 3151; x_wconf 61' lang='lat'><strong>¹).⁴</strong></span> <span class='ocrx_word' id='word_1_344' title='bbox 1716 3069 1822 3145; x_wconf 90' lang='lat' dir='ltr'><strong>qui</strong></span> <span class='ocrx_word' id='word_1_345' title='bbox 1883 3071 2087 3128; x_wconf 86' lang='lat' dir='ltr'><strong>tamen</strong></span> <span class='ocrx_word' id='word_1_346' title='bbox 2134 3072 2225 3129; x_wconf 90' lang='lat' dir='ltr'><strong>est</strong></span> <span class='ocrx_word' id='word_1_347' title='bbox 2271 3069 2636 3145; x_wconf 89' lang='lat' dir='ltr'><strong>suppositus.</strong></span> <span class='ocrx_word' id='word_1_348' title='bbox 2712 3068 3002 3126; x_wconf 80' lang='lat' dir='ltr'><strong>Homilias</strong></span> 
     </span>
     <span class='ocr_line' id='line_1_33' title="bbox 1717 3155 2998 3218; baseline -0.002 -1"><span class='ocrx_word' id='word_1_349' title='bbox 1717 3177 1824 3217; x_wconf 87' lang='lat' dir='ltr'><strong>seu</strong></span> <span class='ocrx_word' id='word_1_350' title='bbox 1852 3158 2272 3218; x_wconf 88' lang='lat' dir='ltr'><strong>meditationes</strong></span> <span class='ocrx_word' id='word_1_351' title='bbox 2317 3157 2640 3216; x_wconf 89' lang='lat' dir='ltr'><strong>Henrici</strong></span> <span class='ocrx_word' id='word_1_352' title='bbox 2685 3155 2998 3215; x_wconf 85' lang='lat' dir='ltr'><strong>cardinalis</strong></span> 
     </span>
    </p>

    <p class='ocr_par' dir='ltr' id='par_1_3' title="bbox 375 3240 3000 4386">
     <span class='ocr_line' id='line_1_34' title="bbox 474 3240 3000 3323; baseline -0.002 -15"><span class='ocrx_word' id='word_1_353' title='bbox 474 3256 614 3310; x_wconf 84' lang='grc'>136.</span> <span class='ocrx_word' id='word_1_354' title='bbox 667 3246 1057 3304; x_wconf 84' lang='lat' dir='ltr'><strong>Antonius</strong></span> <span class='ocrx_word' id='word_1_355' title='bbox 1107 3245 1169 3304; x_wconf 95' lang='grc' dir='ltr'>Ο.</span> <span class='ocrx_word' id='word_1_356' title='bbox 1220 3240 1422 3304; x_wconf 88' lang='lat' dir='ltr'><strong>Praed.</strong></span> <span class='ocrx_word' id='word_1_357' title='bbox 1467 3246 1663 3323; x_wconf 88' lang='lat' dir='ltr'><strong>patria</strong></span> <span class='ocrx_word' id='word_1_358' title='bbox 1715 3249 1918 3323; x_wconf 85' lang='lat' dir='ltr'><strong>postea</strong></span> <span class='ocrx_word' id='word_1_359' title='bbox 1977 3247 2313 3306; x_wconf 81' lang='lat' dir='ltr'><strong>Lusitaniae</strong></span> <span class='ocrx_word' id='word_1_360' title='bbox 2374 3247 2533 3323; x_wconf 88' lang='lat' dir='ltr'><strong>regis</strong></span> <span class='ocrx_word' id='word_1_361' title='bbox 2584 3245 2770 3304; x_wconf 85' lang='lat' dir='ltr'><strong>latine</strong></span> <span class='ocrx_word' id='word_1_362' title='bbox 2819 3245 3000 3304; x_wconf 78' lang='lat' dir='ltr'><strong>vertit</strong></span> 
     </span>
     <span class='ocr_line' id='line_1_35' title="bbox 377 3333 2998 3411; baseline -0.001 -17"><span class='ocrx_word' id='word_1_363' title='bbox 377 3334 622 3411; x_wconf 87' lang='lat' dir='ltr'><strong>quidem</strong></span> <span class='ocrx_word' id='word_1_364' title='bbox 652 3334 977 3394; x_wconf 87' lang='lat' dir='ltr'><strong>Lusitanus</strong></span> <span class='ocrx_word' id='word_1_365' title='bbox 1010 3337 1156 3406; x_wconf 90' lang='lat' dir='ltr'><strong>erat,</strong></span> <span class='ocrx_word' id='word_1_366' title='bbox 1190 3335 1294 3393; x_wconf 89' lang='lat' dir='ltr'><strong>sed</strong></span> <span class='ocrx_word' id='word_1_367' title='bbox 1324 3335 1505 3411; x_wconf 84' lang='lat' dir='ltr'><strong>vulgo</strong></span> <span class='ocrx_word' id='word_1_368' title='bbox 1537 3334 1660 3394; x_wconf 89' lang='lat' dir='ltr'><strong>dic-</strong></span> <span class='ocrx_word' id='word_1_369' title='bbox 1715 3335 2021 3410; x_wconf 87' lang='lat' dir='ltr'><strong>ediditque</strong></span> <span class='ocrx_word' id='word_1_370' title='bbox 2054 3335 2320 3411; x_wconf 71' lang='lat' dir='ltr'><strong>subJecto</strong></span> <span class='ocrx_word' id='word_1_371' title='bbox 2354 3334 2767 3393; x_wconf 89' lang='lat' dir='ltr'><strong>Humberti</strong></span> <span class='ocrx_word' id='word_1_372' title='bbox 2799 3333 2871 3392; x_wconf 89' lang='lat' dir='ltr'><strong>de</strong></span> <span class='ocrx_word' id='word_1_373' title='bbox 2886 3334 2998 3392; x_wconf 79' lang='lat' dir='ltr'><strong>Ro-</strong></span> 
     </span>
     <span class='ocr_line' id='line_1_36' title="bbox 378 3422 2998 3483; baseline -0.001 -1"><span class='ocrx_word' id='word_1_374' title='bbox 378 3429 480 3483; x_wconf 89' lang='lat' dir='ltr'><strong>tus</strong></span> <span class='ocrx_word' id='word_1_375' title='bbox 529 3428 625 3483; x_wconf 87' lang='lat' dir='ltr'><strong>est</strong></span> <span class='ocrx_word' id='word_1_376' title='bbox 679 3423 985 3483; x_wconf 87' lang='lat' dir='ltr'><strong>Senensis:</strong></span> <span class='ocrx_word' id='word_1_377' title='bbox 1036 3423 1122 3481; x_wconf 86' lang='lat' dir='ltr'><strong>ita</strong></span> <span class='ocrx_word' id='word_1_378' title='bbox 1168 3424 1322 3482; x_wconf 90' lang='lat' dir='ltr'><strong>enim</strong></span> <span class='ocrx_word' id='word_1_379' title='bbox 1369 3424 1562 3483; x_wconf 79' lang='lat' dir='ltr'><strong>voluit</strong></span> <span class='ocrx_word' id='word_1_380' title='bbox 1591 3442 1659 3482; x_wconf 82' lang='lat' dir='ltr'><strong>ex</strong></span> <span class='ocrx_word' id='word_1_381' title='bbox 1714 3425 1905 3482; x_wconf 88' lang='lat' dir='ltr'><strong>manis</strong></span> <span class='ocrx_word' id='word_1_382' title='bbox 1954 3427 2030 3482; x_wconf 88' lang='lat' dir='ltr'><strong>tr.</strong></span> <span class='ocrx_word' id='word_1_383' title='bbox 2081 3425 2149 3481; x_wconf 80' lang='lat' dir='ltr'><strong>de</strong></span> <span class='ocrx_word' id='word_1_384' title='bbox 2197 3425 2385 3482; x_wconf 81' lang='lat' dir='ltr'><strong>tribus</strong></span> <span class='ocrx_word' id='word_1_385' title='bbox 2433 3422 2826 3482; x_wconf 75' lang='lat' dir='ltr'><strong>essentialibus</strong></span> <span class='ocrx_word' id='word_1_386' title='bbox 2858 3424 2998 3480; x_wconf 78' lang='lat' dir='ltr'><strong>votis</strong></span> 
     </span>
     <span class='ocr_line' id='line_1_37' title="bbox 377 3508 2997 3595; baseline -0.002 -23"><span class='ocrx_word' id='word_1_387' title='bbox 377 3513 666 3590; x_wconf 87' lang='lat' dir='ltr'><strong>singulari</strong></span> <span class='ocrx_word' id='word_1_388' title='bbox 687 3532 831 3588; x_wconf 90' lang='lat' dir='ltr'><strong>erga</strong></span> <span class='ocrx_word' id='word_1_389' title='bbox 848 3514 1111 3571; x_wconf 84' lang='lat' dir='ltr'><strong>sanctam</strong></span> <span class='ocrx_word' id='word_1_390' title='bbox 1136 3511 1428 3588; x_wconf 85' lang='lat' dir='ltr'><strong>virginem</strong></span> <span class='ocrx_word' id='word_1_391' title='bbox 1449 3512 1660 3571; x_wconf 88' lang='lat' dir='ltr'><strong>Catha-</strong></span> <span class='ocrx_word' id='word_1_392' title='bbox 1717 3509 1818 3595; x_wconf 81' lang='lat' dir='ltr'><strong>(ef.</strong></span> <span class='ocrx_word' id='word_1_393' title='bbox 1849 3514 1923 3581; x_wconf 90' lang='grc' dir='ltr'><strong>ΙΙ,</strong></span> <span class='ocrx_word' id='word_1_394' title='bbox 1962 3508 2133 3593; x_wconf 84' lang='grc'>449),</span> <span class='ocrx_word' id='word_1_395' title='bbox 2166 3511 2411 3571; x_wconf 82' lang='lat' dir='ltr'><strong>Lovanii</strong></span> <span class='ocrx_word' id='word_1_396' title='bbox 2451 3521 2634 3574; x_wconf 87' lang='grc'>1575.</span> <span class='ocrx_word' id='word_1_397' title='bbox 2687 3511 2875 3569; x_wconf 85' lang='lat' dir='ltr'><strong>Multa</strong></span> <span class='ocrx_word' id='word_1_398' title='bbox 2905 3529 2997 3569; x_wconf 89' lang='lat' dir='ltr'><strong>re-</strong></span> 
     </span>
     <span class='ocr_line' id='line_1_38' title="bbox 377 3599 2998 3677; baseline -0.001 -17"><span class='ocrx_word' id='word_1_399' title='bbox 377 3602 572 3660; x_wconf 73' lang='grc'>11116111</span> <span class='ocrx_word' id='word_1_400' title='bbox 640 3602 713 3659; x_wconf 91' lang='lat' dir='ltr'><strong>de</strong></span> <span class='ocrx_word' id='word_1_401' title='bbox 778 3601 947 3660; x_wconf 88' lang='lat' dir='ltr'><strong>Senis</strong></span> <span class='ocrx_word' id='word_1_402' title='bbox 1031 3601 1457 3677; x_wconf 86' lang='lat' dir='ltr'><strong>cognominari.</strong></span> <span class='ocrx_word' id='word_1_403' title='bbox 1536 3600 1658 3660; x_wconf 88' lang='lat' dir='ltr'><strong>Oli·</strong></span> <span class='ocrx_word' id='word_1_404' title='bbox 1712 3601 1894 3676; x_wconf 86' lang='lat' dir='ltr'><strong>liquit</strong></span> <span class='ocrx_word' id='word_1_405' title='bbox 1924 3601 2169 3671; x_wconf 83' lang='lat' dir='ltr'><strong>inedita,</strong></span> <span class='ocrx_word' id='word_1_406' title='bbox 2202 3619 2352 3676; x_wconf 85' lang='lat' dir='ltr'><strong>quae</strong></span> <span class='ocrx_word' id='word_1_407' title='bbox 2384 3599 2702 3677; x_wconf 87' lang='lat' dir='ltr'><strong>diligenter</strong></span> <span class='ocrx_word' id='word_1_408' title='bbox 2732 3602 2998 3659; x_wconf 88' lang='lat' dir='ltr'><strong>recenset</strong></span> 
     </span>
     <span class='ocr_line' id='line_1_39' title="bbox 377 3683 2998 3769; baseline -0.001 -21"><span class='ocrx_word' id='word_1_409' title='bbox 377 3691 585 3765; x_wconf 89' lang='lat' dir='ltr'><strong>sipone</strong></span> <span class='ocrx_word' id='word_1_410' title='bbox 617 3689 1052 3764; x_wconf 86' lang='lat' dir='ltr'><strong>philosophiam</strong></span> <span class='ocrx_word' id='word_1_411' title='bbox 1073 3690 1246 3766; x_wconf 90' lang='lat' dir='ltr'><strong>legit:</strong></span> <span class='ocrx_word' id='word_1_412' title='bbox 1279 3689 1417 3748; x_wconf 87' lang='lat' dir='ltr'><strong>inde</strong></span> <span class='ocrx_word' id='word_1_413' title='bbox 1439 3689 1658 3748; x_wconf 89' lang='lat' dir='ltr'><strong>missus</strong></span> <span class='ocrx_word' id='word_1_414' title='bbox 1712 3690 1940 3748; x_wconf 86' lang='lat' dir='ltr'><strong>Echard</strong></span> <span class='ocrx_word' id='word_1_415' title='bbox 1970 3690 2009 3751; x_wconf 89' lang='lat' dir='ltr'><strong>l.</strong></span> <span class='ocrx_word' id='word_1_416' title='bbox 2041 3708 2088 3749; x_wconf 92' lang='lat' dir='ltr'><strong>c.</strong></span> <span class='ocrx_word' id='word_1_417' title='bbox 2122 3724 2208 3734; x_wconf 87' lang='lat'>—</span> <span class='ocrx_word' id='word_1_418' title='bbox 2240 3689 2330 3748; x_wconf 87' lang='lat' dir='ltr'><strong>Fe</strong></span> <span class='ocrx_word' id='word_1_419' title='bbox 2350 3708 2380 3746; x_wconf 90' lang='lat' dir='ltr'><strong>r</strong></span> <span class='ocrx_word' id='word_1_420' title='bbox 2399 3688 2474 3747; x_wconf 92' lang='lat' dir='ltr'><strong>di</strong></span> <span class='ocrx_word' id='word_1_421' title='bbox 2494 3688 2791 3747; x_wconf 89' lang='lat' dir='ltr'><strong>nandus</strong></span> <span class='ocrx_word' id='word_1_422' title='bbox 2825 3683 2998 3769; x_wconf 88' lang='lat' dir='ltr'><strong>(Her-</strong></span> 
     </span>
     <span class='ocr_line' id='line_1_40' title="bbox 375 3774 2993 3860; baseline -0.002 -23"><span class='ocrx_word' id='word_1_423' title='bbox 375 3783 467 3837; x_wconf 88' lang='lat' dir='ltr'><strong>est</strong></span> <span class='ocrx_word' id='word_1_424' title='bbox 495 3778 827 3837; x_wconf 80' lang='lat' dir='ltr'><strong>Lovanium</strong></span> <span class='ocrx_word' id='word_1_425' title='bbox 876 3781 1151 3852; x_wconf 87' lang='lat' dir='ltr'><strong>totosque</strong></span> <span class='ocrx_word' id='word_1_426' title='bbox 1199 3798 1248 3836; x_wconf 87' lang='lat' dir='ltr'><strong>a.</strong></span> <span class='ocrx_word' id='word_1_427' title='bbox 1289 3790 1313 3839; x_wconf 95' lang='grc'><strong>1</strong></span> <span class='ocrx_word' id='word_1_428' title='bbox 1335 3788 1360 3839; x_wconf 92' lang='grc'><strong>1</strong></span> <span class='ocrx_word' id='word_1_429' title='bbox 1419 3777 1503 3836; x_wconf 91' lang='lat' dir='ltr'><strong>ibi</strong></span> <span class='ocrx_word' id='word_1_430' title='bbox 1535 3777 1661 3854; x_wconf 88' lang='lat' dir='ltr'><strong>egit</strong></span> <span class='ocrx_word' id='word_1_431' title='bbox 1713 3774 1938 3860; x_wconf 91' lang='lat' dir='ltr'><strong>nando)</strong></span> <span class='ocrx_word' id='word_1_432' title='bbox 1990 3778 2062 3836; x_wconf 89' lang='lat' dir='ltr'><strong>de</strong></span> <span class='ocrx_word' id='word_1_433' title='bbox 2114 3778 2324 3836; x_wconf 84' lang='lat' dir='ltr'><strong>Casti</strong></span> <span class='ocrx_word' id='word_1_434' title='bbox 2343 3778 2445 3836; x_wconf 91' lang='lat' dir='ltr'><strong>llo</strong></span> <span class='ocrx_word' id='word_1_435' title='bbox 2497 3777 2876 3836; x_wconf 88' lang='lat' dir='ltr'><strong>Granatensis</strong></span> <span class='ocrx_word' id='word_1_436' title='bbox 2930 3777 2993 3835; x_wconf 94' lang='grc' dir='ltr'>Ο.</span> 
     </span>
     <span class='ocr_line' id='line_1_41' title="bbox 377 3866 2996 3943; baseline -0.001 -18"><span class='ocrx_word' id='word_1_437' title='bbox 377 3870 436 3925; x_wconf 88' lang='lat' dir='ltr'><strong>et</strong></span> <span class='ocrx_word' id='word_1_438' title='bbox 461 3868 529 3926; x_wconf 92' lang='lat' dir='ltr'><strong>in</strong></span> <span class='ocrx_word' id='word_1_439' title='bbox 561 3885 629 3925; x_wconf 88' lang='lat' dir='ltr'><strong>ea</strong></span> <span class='ocrx_word' id='word_1_440' title='bbox 659 3866 958 3925; x_wconf 88' lang='lat' dir='ltr'><strong>academia</strong></span> <span class='ocrx_word' id='word_1_441' title='bbox 972 3866 1046 3925; x_wconf 87' lang='lat' dir='ltr'><strong>ad</strong></span> <span class='ocrx_word' id='word_1_442' title='bbox 1063 3867 1284 3942; x_wconf 87' lang='lat' dir='ltr'><strong>gradus</strong></span> <span class='ocrx_word' id='word_1_443' title='bbox 1302 3885 1504 3926; x_wconf 91' lang='lat' dir='ltr'><strong>omnes</strong></span> <span class='ocrx_word' id='word_1_444' title='bbox 1522 3885 1659 3942; x_wconf 90' lang='lat' dir='ltr'><strong>pro·</strong></span> <span class='ocrx_word' id='word_1_445' title='bbox 1713 3868 1915 3925; x_wconf 90' lang='lat' dir='ltr'><strong>Praed.</strong></span> <span class='ocrx_word' id='word_1_446' title='bbox 1951 3867 2207 3943; x_wconf 89' lang='lat' dir='ltr'><strong>insignis</strong></span> <span class='ocrx_word' id='word_1_447' title='bbox 2257 3866 2633 3925; x_wconf 90' lang='lat' dir='ltr'><strong>concionator</strong></span> <span class='ocrx_word' id='word_1_448' title='bbox 2679 3868 2739 3923; x_wconf 89' lang='lat' dir='ltr'><strong>et</strong></span> <span class='ocrx_word' id='word_1_449' title='bbox 2767 3866 2996 3924; x_wconf 90' lang='lat' dir='ltr'><strong>theolo-</strong></span> 
     </span>
     <span class='ocr_line' id='line_1_42' title="bbox 376 3954 2994 4032; baseline -0.001 -18"><span class='ocrx_word' id='word_1_450' title='bbox 376 3959 572 4016; x_wconf 88' lang='lat' dir='ltr'><strong>motus</strong></span> <span class='ocrx_word' id='word_1_451' title='bbox 604 3959 699 4014; x_wconf 87' lang='lat' dir='ltr'><strong>est</strong></span> <span class='ocrx_word' id='word_1_452' title='bbox 725 3955 1066 4030; x_wconf 89' lang='lat' dir='ltr'><strong>meruitque</strong></span> <span class='ocrx_word' id='word_1_453' title='bbox 1113 3955 1443 4032; x_wconf 85' lang='lat' dir='ltr'><strong>magisterii</strong></span> <span class='ocrx_word' id='word_1_454' title='bbox 1476 3955 1659 4014; x_wconf 86' lang='lat' dir='ltr'><strong>fasces</strong></span> <span class='ocrx_word' id='word_1_455' title='bbox 1714 3956 1844 4032; x_wconf 87' lang='lat' dir='ltr'><strong>giae</strong></span> <span class='ocrx_word' id='word_1_456' title='bbox 1878 3956 2078 4026; x_wconf 86' lang='lat' dir='ltr'><strong>lector,</strong></span> <span class='ocrx_word' id='word_1_457' title='bbox 2112 3955 2292 4014; x_wconf 85' lang='lat' dir='ltr'><strong>variis</strong></span> <span class='ocrx_word' id='word_1_458' title='bbox 2312 3956 2374 4013; x_wconf 91' lang='lat' dir='ltr'><strong>in</strong></span> <span class='ocrx_word' id='word_1_459' title='bbox 2395 3954 2786 4014; x_wconf 78' lang='lat' dir='ltr'><strong>conventibus</strong></span> <span class='ocrx_word' id='word_1_460' title='bbox 2816 3954 2994 4029; x_wconf 87' lang='lat' dir='ltr'><strong>prior,</strong></span> 
     </span>
     <span class='ocr_line' id='line_1_43' title="bbox 384 4043 2995 4107; baseline -0.002 -1"><span class='ocrx_word' id='word_1_461' title='bbox 384 4053 481 4107; x_wconf 89' lang='lat'><strong>24.</strong></span> <span class='ocrx_word' id='word_1_462' title='bbox 503 4045 645 4104; x_wconf 86' lang='lat' dir='ltr'><strong>Jun.</strong></span> <span class='ocrx_word' id='word_1_463' title='bbox 675 4054 861 4107; x_wconf 89' lang='grc'>1571.</span> <span class='ocrx_word' id='word_1_464' title='bbox 893 4044 1046 4102; x_wconf 87' lang='lat' dir='ltr'><strong>Hinc</strong></span> <span class='ocrx_word' id='word_1_465' title='bbox 1077 4044 1266 4103; x_wconf 91' lang='lat' dir='ltr'><strong>studii</strong></span> <span class='ocrx_word' id='word_1_466' title='bbox 1298 4043 1659 4103; x_wconf 83' lang='lat' dir='ltr'><strong>lovaniensis</strong></span> <span class='ocrx_word' id='word_1_467' title='bbox 1713 4044 2033 4103; x_wconf 86' lang='lat' dir='ltr'><strong>tribunalis</strong></span> <span class='ocrx_word' id='word_1_468' title='bbox 2067 4062 2111 4102; x_wconf 89' lang='lat' dir='ltr'><strong>s.</strong></span> <span class='ocrx_word' id='word_1_469' title='bbox 2145 4043 2322 4102; x_wconf 86' lang='lat' dir='ltr'><strong>officii</strong></span> <span class='ocrx_word' id='word_1_470' title='bbox 2356 4061 2614 4103; x_wconf 89' lang='lat' dir='ltr'><strong>assessor</strong></span> <span class='ocrx_word' id='word_1_471' title='bbox 2657 4047 2720 4101; x_wconf 90' lang='lat' dir='ltr'><strong>et</strong></span> <span class='ocrx_word' id='word_1_472' title='bbox 2758 4043 2995 4101; x_wconf 88' lang='lat' dir='ltr'><strong>consul-</strong></span> 
     </span>
     <span class='ocr_line' id='line_1_44' title="bbox 375 4131 2995 4210; baseline -0 -19"><span class='ocrx_word' id='word_1_473' title='bbox 375 4152 587 4210; x_wconf 88' lang='lat' dir='ltr'><strong>regens</strong></span> <span class='ocrx_word' id='word_1_474' title='bbox 618 4136 713 4192; x_wconf 88' lang='lat' dir='ltr'><strong>est</strong></span> <span class='ocrx_word' id='word_1_475' title='bbox 743 4132 1080 4192; x_wconf 85' lang='lat' dir='ltr'><strong>institutus.</strong></span> <span class='ocrx_word' id='word_1_476' title='bbox 1114 4132 1229 4191; x_wconf 83' lang='lat' dir='ltr'><strong>Sed</strong></span> <span class='ocrx_word' id='word_1_477' title='bbox 1248 4151 1437 4209; x_wconf 89' lang='lat' dir='ltr'><strong>arege</strong></span> <span class='ocrx_word' id='word_1_478' title='bbox 1456 4133 1658 4192; x_wconf 83' lang='lat' dir='ltr'><strong>catho-</strong></span> <span class='ocrx_word' id='word_1_479' title='bbox 1712 4137 1823 4204; x_wconf 85' lang='lat' dir='ltr'><strong>tor,</strong></span> <span class='ocrx_word' id='word_1_480' title='bbox 1859 4134 2030 4208; x_wconf 90' lang='lat' dir='ltr'><strong>cujus</strong></span> <span class='ocrx_word' id='word_1_481' title='bbox 2080 4132 2325 4191; x_wconf 89' lang='lat' dir='ltr'><strong>consilio</strong></span> <span class='ocrx_word' id='word_1_482' title='bbox 2377 4136 2437 4191; x_wconf 89' lang='lat' dir='ltr'><strong>et</strong></span> <span class='ocrx_word' id='word_1_483' title='bbox 2470 4133 2781 4208; x_wconf 89' lang='lat' dir='ltr'><strong>Philippus</strong></span> <span class='ocrx_word' id='word_1_484' title='bbox 2814 4132 2887 4189; x_wconf 92' lang='lat' dir='ltr'><strong>II.</strong></span> <span class='ocrx_word' id='word_1_485' title='bbox 2921 4131 2995 4190; x_wconf 90' lang='lat' dir='ltr'><strong>li-</strong></span> 
     </span>
     <span class='ocr_line' id='line_1_45' title="bbox 377 4220 2995 4298; baseline -0.001 -19"><span class='ocrx_word' id='word_1_486' title='bbox 377 4221 486 4280; x_wconf 85' lang='grc'>1160</span> <span class='ocrx_word' id='word_1_487' title='bbox 528 4222 728 4298; x_wconf 86' lang='lat' dir='ltr'><strong>patria</strong></span> <span class='ocrx_word' id='word_1_488' title='bbox 769 4221 1155 4298; x_wconf 85' lang='lat' dir='ltr'><strong>proscriptus,</strong></span> <span class='ocrx_word' id='word_1_489' title='bbox 1206 4220 1368 4295; x_wconf 87' lang='lat' dir='ltr'><strong>quod</strong></span> <span class='ocrx_word' id='word_1_490' title='bbox 1418 4225 1658 4280; x_wconf 86' lang='lat' dir='ltr'><strong>secutus</strong></span> <span class='ocrx_word' id='word_1_491' title='bbox 1715 4222 1925 4280; x_wconf 84' lang='lat' dir='ltr'><strong>beuter</strong></span> <span class='ocrx_word' id='word_1_492' title='bbox 1985 4221 2301 4289; x_wconf 88' lang='lat' dir='ltr'><strong>utebatur,</strong></span> <span class='ocrx_word' id='word_1_493' title='bbox 2367 4221 2700 4279; x_wconf 81' lang='lat' dir='ltr'><strong>destinatus</strong></span> <span class='ocrx_word' id='word_1_494' title='bbox 2751 4223 2844 4278; x_wconf 86' lang='lat' dir='ltr'><strong>est</strong></span> <span class='ocrx_word' id='word_1_495' title='bbox 2890 4221 2995 4294; x_wconf 89' lang='lat' dir='ltr'><strong>qui</strong></span> 
     </span>
     <span class='ocr_line' id='line_1_46' title="bbox 377 4309 2994 4386; baseline -0.001 -19"><span class='ocrx_word' id='word_1_496' title='bbox 377 4311 453 4368; x_wconf 85' lang='lat' dir='ltr'><strong>sit</strong></span> <span class='ocrx_word' id='word_1_497' title='bbox 482 4310 732 4369; x_wconf 75' lang='lat' dir='ltr'><strong>Antonii</strong></span> <span class='ocrx_word' id='word_1_498' title='bbox 776 4313 989 4385; x_wconf 87' lang='lat' dir='ltr'><strong>partes,</strong></span> <span class='ocrx_word' id='word_1_499' title='bbox 1031 4310 1138 4385; x_wconf 91' lang='lat' dir='ltr'><strong>qui</strong></span> <span class='ocrx_word' id='word_1_500' title='bbox 1171 4309 1513 4368; x_wconf 82' lang='lat' dir='ltr'><strong>Lusitaniae</strong></span> <span class='ocrx_word' id='word_1_501' title='bbox 1564 4329 1657 4368; x_wconf 90' lang='lat' dir='ltr'><strong>re-</strong></span> <span class='ocrx_word' id='word_1_502' title='bbox 1713 4310 1993 4369; x_wconf 84' lang='lat' dir='ltr'><strong>historiae</strong></span> <span class='ocrx_word' id='word_1_503' title='bbox 2054 4328 2373 4386; x_wconf 86' lang='lat' dir='ltr'><strong>rerumque</strong></span> <span class='ocrx_word' id='word_1_504' title='bbox 2420 4310 2644 4369; x_wconf 88' lang='lat' dir='ltr'><strong>ordinis</strong></span> <span class='ocrx_word' id='word_1_505' title='bbox 2697 4309 2994 4366; x_wconf 87' lang='lat' dir='ltr'><strong>centurias</strong></span> 
     </span>
    </p>
   </div>
   <div class='ocr_carea' id='block_1_3' title="bbox 378 4397 3103 4480">
    <p class='ocr_par' dir='ltr' id='par_1_4' title="bbox 378 4397 3103 4480">
     <span class='ocr_line' id='line_1_47' title="bbox 378 4397 3103 4480; baseline -0.002 -22"><span class='ocrx_word' id='word_1_506' title='bbox 378 4417 510 4475; x_wconf 83' lang='lat' dir='ltr'><strong>gem</strong></span> <span class='ocrx_word' id='word_1_507' title='bbox 540 4417 604 4458; x_wconf 87' lang='lat' dir='ltr'><strong>se</strong></span> <span class='ocrx_word' id='word_1_508' title='bbox 637 4399 856 4476; x_wconf 80' lang='lat' dir='ltr'><strong>gessit3</strong></span> <span class='ocrx_word' id='word_1_509' title='bbox 899 4397 1037 4456; x_wconf 90' lang='lat' dir='ltr'><strong>hinc</strong></span> <span class='ocrx_word' id='word_1_510' title='bbox 1083 4398 1336 4468; x_wconf 88' lang='lat' dir='ltr'><strong>Italiam,</strong></span> <span class='ocrx_word' id='word_1_511' title='bbox 1384 4398 1656 4468; x_wconf 87' lang='lat' dir='ltr'><strong>Galliam,</strong></span> <span class='ocrx_word' id='word_1_512' title='bbox 1714 4399 2022 4476; x_wconf 89' lang='lat' dir='ltr'><strong>colligeret</strong></span> <span class='ocrx_word' id='word_1_513' title='bbox 2073 4404 2252 4473; x_wconf 87' lang='lat' dir='ltr'><strong>atque</strong></span> <span class='ocrx_word' id='word_1_514' title='bbox 2302 4398 2601 4460; x_wconf 85' lang='lat' dir='ltr'><strong>scriberet.</strong></span> <span class='ocrx_word' id='word_1_515' title='bbox 2662 4397 2740 4454; x_wconf 87' lang='lat' dir='ltr'><strong>Et</strong></span> <span class='ocrx_word' id='word_1_516' title='bbox 2787 4415 3003 4454; x_wconf 86' lang='lat' dir='ltr'><strong>revera</strong></span> <span class='ocrx_word' id='word_1_517' title='bbox 3100 4477 3103 4480; x_wconf 21' lang='grc' dir='ltr'>Ι</span> 
     </span>
    </p>
   </div>
   <div class='ocr_carea' id='block_1_4' title="bbox 378 4485 2997 4651">
    <p class='ocr_par' dir='ltr' id='par_1_5' title="bbox 378 4485 2997 4651">
     <span class='ocr_line' id='line_1_48' title="bbox 378 4485 2994 4564; baseline -0.001 -19"><span class='ocrx_word' id='word_1_518' title='bbox 378 4488 653 4564; x_wconf 81' lang='lat' dir='ltr'><strong>Angliam</strong></span> <span class='ocrx_word' id='word_1_519' title='bbox 684 4487 854 4546; x_wconf 80' lang='lat' dir='ltr'><strong>exsul</strong></span> <span class='ocrx_word' id='word_1_520' title='bbox 885 4486 1108 4546; x_wconf 80' lang='lat' dir='ltr'><strong>erravit</strong></span> <span class='ocrx_word' id='word_1_521' title='bbox 1137 4505 1256 4546; x_wconf 91' lang='lat' dir='ltr'><strong>non</strong></span> <span class='ocrx_word' id='word_1_522' title='bbox 1289 4487 1532 4556; x_wconf 88' lang='lat' dir='ltr'><strong>otiosus,</strong></span> <span class='ocrx_word' id='word_1_523' title='bbox 1554 4487 1658 4545; x_wconf 91' lang='lat' dir='ltr'><strong>sed</strong></span> <span class='ocrx_word' id='word_1_524' title='bbox 1715 4488 1957 4562; x_wconf 91' lang='lat' dir='ltr'><strong>scripsit</strong></span> <span class='ocrx_word' id='word_1_525' title='bbox 2024 4487 2344 4563; x_wconf 89' lang='lat' dir='ltr'><strong>purissime</strong></span> <span class='ocrx_word' id='word_1_526' title='bbox 2418 4489 2479 4544; x_wconf 90' lang='lat' dir='ltr'><strong>et</strong></span> <span class='ocrx_word' id='word_1_527' title='bbox 2554 4485 2994 4561; x_wconf 88' lang='lat' dir='ltr'><strong>elegantissime</strong></span> 
     </span>
     <span class='ocr_line' id='line_1_49' title="bbox 1713 4575 2997 4651; baseline -0.002 -17"><span class='ocrx_word' id='word_1_528' title='bbox 1713 4595 2062 4651; x_wconf 87' lang='lat' dir='ltr'><strong>summaque</strong></span> <span class='ocrx_word' id='word_1_529' title='bbox 2121 4575 2234 4634; x_wconf 88' lang='lat' dir='ltr'><strong>fide</strong></span> <span class='ocrx_word' id='word_1_530' title='bbox 2284 4575 2545 4634; x_wconf 86' lang='lat' dir='ltr'><strong>Primera</strong></span> <span class='ocrx_word' id='word_1_531' title='bbox 2596 4577 2762 4651; x_wconf 80' lang='lat' dir='ltr'><strong>parte</strong></span> <span class='ocrx_word' id='word_1_532' title='bbox 2822 4575 2890 4632; x_wconf 83' lang='lat' dir='ltr'><strong>de</strong></span> <span class='ocrx_word' id='word_1_533' title='bbox 2934 4575 2997 4632; x_wconf 78' lang='lat' dir='ltr'><strong>la</strong></span> 
     </span>
    </p>
   </div>
   <div class='ocr_carea' id='block_1_5' title="bbox 380 4662 3001 4829">
    <p class='ocr_par' dir='ltr' id='par_1_6' title="bbox 380 4662 3001 4829">
     <span class='ocr_line' id='line_1_50' title="bbox 455 4662 3001 4764; baseline -0.004 -17"><span class='ocrx_word' id='word_1_534' title='bbox 455 4695 493 4763; x_wconf 81' lang='grc' dir='ltr'><strong>ι)</strong></span> <span class='ocrx_word' id='word_1_535' title='bbox 518 4693 604 4747; x_wconf 84' lang='lat' dir='ltr'><strong>cf.</strong></span> <span class='ocrx_word' id='word_1_536' title='bbox 656 4692 722 4748; x_wconf 84' lang='lat' dir='ltr'><strong>G.</strong></span> <span class='ocrx_word' id='word_1_537' title='bbox 767 4692 1043 4747; x_wconf 72' lang='lat' dir='ltr'><strong>&#39;rumblut</strong></span> <span class='ocrx_word' id='word_1_538' title='bbox 1079 4692 1209 4748; x_wconf 67' lang='lat' dir='ltr'><strong>hist.</strong></span> <span class='ocrx_word' id='word_1_539' title='bbox 1253 4692 1446 4746; x_wconf 79' lang='lat' dir='ltr'><strong>Jahrb.</strong></span> <span class='ocrx_word' id='word_1_540' title='bbox 1500 4691 1658 4746; x_wconf 85' lang='lat' dir='ltr'><strong>xxn</strong></span> <span class='ocrx_word' id='word_1_541' title='bbox 1713 4665 1980 4723; x_wconf 75' lang='lat' dir='ltr'><strong>Historia</strong></span> <span class='ocrx_word' id='word_1_542' title='bbox 2006 4666 2237 4764; x_wconf 63' lang='lat' dir='ltr'><strong>qenerqz</strong></span> <span class='ocrx_word' id='word_1_543' title='bbox 2267 4666 2337 4722; x_wconf 67' lang='lat' dir='ltr'><strong>de</strong></span> <span class='ocrx_word' id='word_1_544' title='bbox 2368 4665 2426 4722; x_wconf 80' lang='lat' dir='ltr'><strong>S·</strong></span> <span class='ocrx_word' id='word_1_545' title='bbox 2458 4665 2799 4764; x_wconf 61' lang='lat' dir='ltr'><strong>Dominqqy</strong></span> <span class='ocrx_word' id='word_1_546' title='bbox 2829 4662 2900 4721; x_wconf 70' lang='lat' dir='ltr'><strong>de</strong></span> <span class='ocrx_word' id='word_1_547' title='bbox 2923 4681 3001 4720; x_wconf 75' lang='lat' dir='ltr'><strong>su</strong></span> 
     </span>
     <span class='ocr_line' id='line_1_51' title="bbox 380 4752 2999 4829; baseline -0.001 -14"><span class='ocrx_word' id='word_1_548' title='bbox 380 4768 574 4829; x_wconf 84' lang='lat'><strong>(1901),</strong></span> <span class='ocrx_word' id='word_1_549' title='bbox 602 4767 870 4822; x_wconf 80' lang='lat'>733-40.</span> <span class='ocrx_word' id='word_1_550' title='bbox 1713 4753 1893 4812; x_wconf 91' lang='lat' dir='ltr'><strong>orden</strong></span> <span class='ocrx_word' id='word_1_551' title='bbox 1931 4754 2002 4812; x_wconf 90' lang='lat' dir='ltr'><strong>de</strong></span> <span class='ocrx_word' id='word_1_552' title='bbox 2034 4752 2469 4824; x_wconf 72' lang='lat' dir='ltr'><strong>Predicadores,</strong></span> <span class='ocrx_word' id='word_1_553' title='bbox 2522 4754 2751 4812; x_wconf 75' lang='lat' dir='ltr'><strong>Matnti</strong></span> <span class='ocrx_word' id='word_1_554' title='bbox 2790 4761 2999 4818; x_wconf 74' lang='lat'>1584;</span> 
     </span>
    </p>
   </div>
   <div class='ocr_carea' id='block_1_6' title="bbox 378 4626 694 4636">
    <p class='ocr_par' dir='ltr' id='par_1_7' title="bbox 378 4626 694 4636">
     <span class='ocr_line' id='line_1_52' title="bbox 378 4626 694 4636; baseline 0 557"><span class='ocrx_word' id='word_1_555' title='bbox 378 4626 694 4636; x_wconf 95' lang='lat' dir='ltr'><strong> </strong></span> 
     </span>
    </p>
   </div>
  </div>
 </body>
</html>
