3625 5193
584 236 706 295 435
994 228 1363 282 1601—1620.
1390 225 1700 295 Theologia
1726 224 2009 294 polemica
2033 226 2095 279 in
2123 226 2437 280 Germania.
2468 224 2799 288 Zehentner,
3080 246 3208 298 435

578 412 794 487 bergae
853 420 1034 473 1756.
1084 410 1265 469 Aliud
1309 411 1575 485 ejusdem
1622 412 1865 470 doctum
1922 413 2214 472 laboravit
2245 404 2366 472 zelo
2397 412 2629 489 ingenti
2661 431 2767 487 pro
2799 412 3085 470 firmanda
3115 414 3210 471 di-

580 503 759 574 atque
790 500 943 558 utile
975 518 1124 574 opus
1156 503 1277 557 est:
1331 501 1865 574 Praescriptionum
1920 503 2281 578 latandaque
2332 521 2395 560 re
2446 502 2749 570 catholica,
2799 501 3085 577 plurimos
3131 503 3204 560 ad

579 590 852 647 adversus
899 590 1209 647 haereticos
1229 597 1653 662 perpetuarum·
1683 609 1752 648 ex
1786 609 1863 648 ss.
1920 584 2120 649 veram
2153 591 2387 650 reduxit
2406 590 2743 648 Ecclesiam.
2777 590 2978 659 Lincii‚
3002 592 3203 650 Casso·

580 677 916 736 orthodoxis
948 678 1321 752 potissimum
1340 678 1613 753 patribus
1646 686 1864 737 tracta·
1920 681 2049 739 viae
2081 684 2142 739 et
2174 680 2436 739 Viennae
2479 678 2725 738 rectoris
2780 697 3024 737 munere
3067 680 3206 738 fun·

579 769 674 825 tus
704 766 746 824 I
760 766 814 835 V,
868 767 1266 843 praesentium
1313 770 1652 842 temporum
1682 786 1863 826 nova·
1919 770 2187 845 gebatur.
2223 768 2607 827 Moribundos
2638 772 2699 826 et
2718 786 2977 826 carceres
3012 767 3203 827 liben-

577 856 809 915 toribus
862 856 1119 930 oppositi
1171 860 1350 930 atque
1395 856 1468 914 ad
1513 857 1864 933 retegendas
1919 862 2012 917 ter
2045 859 2248 917 invisit
2279 861 2342 916 et
2371 877 2439 915 ex
2460 857 2803 915 visitatione
2834 856 3209 916 infirmorum

579 964 785 1003 eorum
820 944 1074 1011 fraudes,
1107 944 1532 1020 mirificamque
1554 964 1689 1003 cum
1709 946 1862 1021 pris·
1918 948 2127 1005 morbo
2187 946 2525 1023 contagioso
2586 946 2943 1004 infectorum
2993 948 3206 1005 mortis

577 1034 660 1092 cis
695 1034 1006 1091 haereticis
1041 1033 1500 1092 similitudinem
1543 1035 1863 1093 ostenden·
1919 1055 2162 1113 germen
2182 1036 2426 1093 attraxit
2439 1035 2707 1110 obiitque
2726 1034 2995 1109 25-Sept.
3021 1045 3206 1099 1618.

576 1122 716 1180 dam
764 1123 1144 1198 argumentis,
1195 1122 1356 1181 notis
1408 1127 1588 1198 atque
1634 1123 1864 1200 analysi
1920 1124 2120 1183 Edidit
2169 1125 2230 1183 in
2280 1123 2602 1183 utilitatem
2635 1124 2842 1200 populi
2893 1124 3202 1183 christiani

577 1212 659 1269 ita
710 1211 1015 1281 illustrati,
1080 1214 1150 1269 ut
1212 1211 1527 1270 catholicae
1587 1228 1864 1271 romanae
1920 1214 2141 1289 scripta
2171 1214 2235 1271 in
2268 1213 2635 1289 dialogorum
2669 1212 2853 1271 forma
2884 1212 2957 1270 ad
2990 1215 3196 1288 populi

578 1300 871 1358 Ecclesiae
904 1300 1123 1358 veritas
1174 1304 1354 1374 atque
1387 1301 1739 1359 inconcussa
1769 1302 1862 1358 in·
1920 1307 2159 1377 captum
2191 1302 2426 1378 egregie
2458 1301 2894 1360 accommodata
2908 1298 2971 1380 ¹).
3034 1303 3204 1360 Rela-

577 1389 1057 1464 superabilisque
1101 1388 1175 1446 ad
1220 1390 1397 1447 finem
1429 1408 1620 1463 usque
1653 1389 1861 1447 mundi
1917 1392 2140 1449 tionem
2173 1410 2408 1467 quoque
2430 1391 2669 1465 scripsit
2689 1390 2937 1448 solidam
2959 1391 3200 1464 quidem

578 1477 847 1535 soliditas
880 1478 1189 1552 perspicue
1222 1478 1483 1536 omnium
1503 1481 1662 1537 retro
1695 1497 1861 1537 secu·
1919 1480 2020 1538 sed
2087 1498 2278 1538 acrem
2356 1482 2424 1537 de
2486 1480 2755 1555 colloquio
2819 1481 3206 1537 ratisbonensi

576 1566 773 1624 lorum
795 1566 1140 1624 testimonio
1161 1570 1481 1636 asseratur,
1517 1568 1861 1642 Moguntiae
1917 1588 1972 1626 a.
2016 1572 2183 1626 1601
2234 1588 2368 1628 cum
2413 1568 2649 1627 asseclis
2681 1566 3063 1626 confessionis
3096 1588 3202 1626 au-

586 1666 606 1716 1
626 1664 659 1715 6
671 1666 704 1716 0
719 1664 751 1714 2
774 1675 789 1723 3
811 1654 1085 1713 vindiciis
1102 1656 1381 1714 adversus
1397 1656 1436 1713 J
1437 1675 1485 1714 o.
1504 1656 1860 1714 Rainoldum
1916 1661 2205 1733 gustanae
2238 1658 2457 1716 habito.

576 1742 1150 1818 anglocalvinianum
1213 1745 1391 1814 aucti,
1443 1763 1577 1804 cum
1631 1764 1701 1802 SS.
1751 1746 1860 1821 Cy-

576 1832 768 1907 priani
789 1836 850 1889 et
868 1833 1194 1908 Augustini
1225 1833 1296 1891 de
1315 1834 1550 1891 unitate
1568 1834 1860 1893 Ecclesiae
2013 1844 2152 1897 187.
2185 1835 2420 1893 Tertius
2452 1834 2546 1891 his
2566 1838 2659 1892 est
2690 1834 2992 1903 celebrior,
3017 1835 3199 1893 Joan-

576 1922 895 1995 opusculiS,
913 1922 989 1978 ib.
1019 1932 1178 1984 1605
1203 1921 1655 1998 3Heidelbergae
1676 1935 1696 1985 1
1717 1931 1748 1983 7
1761 1932 1858 1984 57.
1916 1942 2020 1982 nes
2042 1923 2322 1982 nimirum
2356 1923 2481 1980 Pis
2498 1925 2525 1980 t
2540 1924 2709 1981 oriu
2728 1944 2772 1993 S,
2809 1923 2994 1981 Nidae
3016 1920 3204 2004 (unde

586 2018 767 2070 1758.
848 2010 1435 2069 Pseudo-Jubilaeum
1526 2013 1857 2071 lVittenber-
1915 2014 2042 2087 ejus
2073 2030 2395 2088 cognomen
2447 2008 2828 2093 Nidanus)
2875 2012 2937 2069 in
2982 2013 3200 2071 Hassia

569 2117 735 2173 yense
768 2099 1053 2157 adversus
1099 2099 1407 2158 Hunnium
1440 2105 1499 2159 et
1530 2101 1858 2158 Lutherum
1915 2123 1963 2165 a.
2005 2110 2167 2165 1546
2221 2122 2254 2159 a
2301 2108 2469 2176 patre
2518 2104 2705 2170 ortuS,
2753 2100 2858 2177 qui
2893 2122 2927 2159 a
2957 2100 3071 2158 fide
3105 2120 3199 2159 ca·

573 2191 680 2245 etc.
714 2191 873 2246 tecto
904 2188 1156 2247 nomine.
1220 2188 1462 2257 Quando
1504 2189 1720 2248 obierit
1751 2209 1859 2249 nos
1914 2191 2138 2249 tholica
2207 2191 2495 2249 defecerat
2564 2190 2908 2265 primusque
2976 2190 3191 2249 ibidem

575 2276 739 2341 latet,
776 2277 877 2335 sed
911 2284 1143 2335 mortuo
1182 2279 1307 2353 jam
1357 2278 1639 2338 cardinali
1675 2281 1858 2337 Baro·
1915 2280 2107 2338 factus
2138 2279 2334 2337 fuerat
2367 2279 2879 2353 superintendens,
2933 2279 3199 2355 Diligen-

574 2366 669 2423 nio
704 2361 932 2447 (1607)
968 2366 1091 2424 vita
1125 2368 1514 2442 superstitem
1562 2367 1747 2426 fuisse
1767 2372 1855 2424 te·
1914 2368 2141 2426 tissime
2175 2368 2449 2426 incubuit
2482 2368 2677 2426 studio
2699 2367 3039 2437 medicinae,
3063 2367 3201 2427 dein

573 2458 768 2513 statur
799 2457 928 2529 ejus
960 2456 1213 2530 epistola
1259 2457 1329 2513 de
1362 2456 1508 2514 dicti
1542 2457 1856 2513 cardinalis
1906 2458 2065 2531 juris
2100 2457 2464 2532 disciplinae,
2486 2475 2608 2515 non
2628 2458 2855 2515 seclusa
2886 2457 3199 2532 theologia.

574 2543 742 2602 obitu
793 2544 866 2603 ad
912 2544 1223 2603 Nicolaum
1274 2545 1569 2603 Sei-arium
1620 2545 1854 2620 scripta,
1916 2546 2164 2604 Ernesto
2243 2545 2542 2604 Friderico
2619 2545 2941 2605 marchioni
3005 2546 3198 2605 Bado·

575 2651 726 2706 quae
774 2634 1026 2691 habetur
1057 2633 1378 2691 Annalium
1411 2633 1651 2691 Bai-onii
1699 2635 1858 2692 tomo
1915 2635 2257 2692 Durlacensi
2307 2655 2341 2692 a
2387 2635 2652 2693 consiliis
2700 2639 2845 2705 erat,
2893 2636 2988 2693 cui
3019 2635 3200 2693 etiam

586 2734 631 2804 1.
667 2722 938 2795 praefixa.
975 2754 1055 2763 -—
1091 2721 1262 2778 Alius
1311 2725 1401 2779 est
1445 2720 1482 2778 J
1488 2739 1705 2779 oannes
1738 2721 1854 2780 Ze·
1916 2727 2124 2782 auctor
2153 2723 2404 2796 exstitit,
2437 2726 2508 2781 ut
2539 2724 2608 2780 ad
2645 2724 3015 2782 calvinianos
3035 2731 3197 2783 tran-

575 2810 610 2865 h
630 2815 910 2867 entner
943 2804 1269 2889 (Zehender
1301 2809 1719 2889 Decumanus)‚
1755 2811 1856 2868 Ja-
1915 2812 2076 2870 siret.
2126 2813 2338 2871 Postea
2366 2814 2560 2870 factus
2594 2813 2801 2871 Jacobi
2844 2813 3199 2872 marchionis

574 2898 718 2954 cobo
754 2898 1074 2955 marchioni
1108 2898 1356 2956 badensi
1388 2919 1422 2955 a
1453 2899 1853 2968 concionibu3‚
1911 2901 2190 2960 badensis
2224 2901 2572 2970 archiatrus),
2607 2919 2740 2960 cum
2774 2902 2882 2959 hoc
2904 2901 2977 2959 acl
2996 2903 3195 2960 Eccle-

572 2986 675 3059 qui
711 2986 881 3043 fidem
915 2985 1262 3044 catholicam
1308 2988 1574 3046 nondum
1622 2989 1856 3063 publice
1915 2991 2060 3048 siam
2124 2991 2474 3049 catholicam
2527 2990 2708 3048 rediit
2760 2986 2979 3070 (1590,
3030 2993 3202 3066 juxta

572 3075 890 3147 professuS,
939 3094 1064 3132 eam
1110 3077 1307 3150 palam
1348 3080 1547 3135 tamen
1580 3078 1642 3135 in
1674 3079 1854 3137 collo-
1914 3080 2060 3137 Gass
2094 3099 2142 3136 a.
2177 3080 2230 3136 d.
2265 3080 2462 3155 Biogr.
2495 3078 2693 3136 XXVI.
2727 3089 2843 3141 199
2861 3081 2984 3154 jam
3010 3089 3195 3147 1586,

572 3162 708 3236 quio
758 3181 890 3220 cum
923 3164 1140 3240 Papp0.
1192 3165 1466 3241 theologo
1513 3170 1851 3242 argentora-
1903 3169 2078 3241 juxta
2112 3169 2256 3226 alios
2297 3165 2503 3243 1588).
2554 3168 2886 3226 Mai-chione
2918 3169 3198 3226 defuncto

570 3252 743 3317 tensi,
806 3252 1267 3330 Emmendingae
1328 3255 1529 3313 habito
1545 3253 1592 3336 ²)
1651 3256 1853 3314 defen·
1912 3257 2317 3315 Constantiam
2353 3257 2612 3326 secessit,
2649 3247 2964 3332 sacrosque
2998 3275 3196 3315 susce-

570 3340 677 3406 dit,
729 3345 789 3399 et
834 3360 968 3400 cum
1020 3344 1279 3403 marchio
1340 3345 1717 3419 postmodum
1780 3344 1854 3402 ad
1911 3346 2003 3420 pit
2022 3346 2272 3404 ordines.
2307 3345 2615 3420 Rudolpho
2632 3345 3041 3404 II.aconsiliis
3061 3346 3196 3413 fuit,

570 3429 889 3489 Ecclesiam
952 3437 1105 3490 esset
1167 3451 1435 3490 reversus
1484 3433 1851 3503 catholic-am,
1910 3435 2352 3508 protonotarius
2387 3434 2764 3509 apostolicu8‚
2800 3434 3057 3493 vicarius
3090 3452 3191 3510 ge-

568 3538 702 3576 eum
751 3521 958 3579 ducem
1012 3525 1103 3579 est
1134 3525 1373 3580 secutus
1410 3518 1648 3603 (1590).
1713 3525 1855 3581 Post
1908 3523 2129 3581 nei-alis
2151 3523 2604 3582 constantiensis
2622 3541 2686 3581 ac
2708 3523 3192 3581 wratislaviensis

568 3608 745 3682 hujus
769 3617 1015 3669 mortem
1036 3610 1184 3668 adiit
1204 3611 1497 3668 Audi-eam
1519 3610 1591 3669 de
1612 3613 1854 3670 Austris
1909 3612 2185 3671 ecclesiae
2218 3613 2590 3687 praepositus
2608 3613 2996 3670 renunciatus
3015 3635 3028 3682 ς
3060 3615 3194 3669 tan·

567 3699 903 3772 episcopum
937 3699 1451 3770 constantiensem,
1474 3700 1577 3774 qui
1600 3719 1734 3759 eum
1758 3719 1851 3758 sa·
1909 3700 2041 3758 dem
2105 3718 2243 3759 vero
2307 3701 2601 3778 Friburgi‚
2666 3701 2990 3760 secundum
3044 3702 3193 3759 alios

567 3787 859 3843 cei-dotem
911 3787 1208 3844 ordinavit
1256 3784 1483 3867 (1591)
1534 3792 1711 3863 atque
1760 3790 1852 3846 in-

568 3874 939 3932 stituendum
974 3875 1214 3932 Romam
1263 3876 1323 3933 in
1370 3876 1684 3952 collegium
1718 3896 1850 3953 ger·
1988 3931 1999 3962 ¹
2049 3924 2223 3978 plum
2259 3923 2319 3976 cf
2369 3940 2402 3975 a
2501 3922 2672 3978 Raess
2714 3923 2732 3976 l
2790 3940 2818 3976 Ο
2879 3922 2954 3976 m
3001 3928 3168 3979 1—91

567 3963 864 4062 mffnifflffm
878 3962 1060 4021 misiss·
1098 3963 1687 4064 SpadiithOOIOSissiS
1704 3986 1850 4067 ‘1¹²3’
1908 3926 2022 4062 qui)
2037 3995 2204 4049 etiam
2232 3940 2459 4049 exhibgt'
2477 3995 2599 4063 ejus
2620 3964 2932 4063 dialogum,
2954 3966 3046 4047 cui
3063 3964 3192 4046 titul

566 4051 837 4109 driennio
889 4052 1180 4111 absolutis
1226 4056 1561 4112 societatem
1593 4055 1741 4112 Jesu
1786 4076 1850 4113 in
1905 4065 2025 4119 lus:
2077 4070 2188 4120 Είη
2234 4069 2591 4134 freundliches
2631 4069 2904 4134 Gesprach
2958 4085 3048 4120 ron
3099 4068 3195 4118 der

565 4141 808 4198 Austria
859 4146 949 4198 est
982 4142 1301 4218 ingressus.
1366 4144 1697 4202 Plurimum
1722 4143 1848 4219 jam
1906 4138 3193 4276 5231?thbisizssgxiczzyssgffmww¹3:1⁴²

2483 4228 2513 4261 ν
3075 4227 3085 4238 .
3176 4238 3195 4248 ,

1905 4283 2014 4334 tion
2027 4280 2365 4348 (ingolstadt
2377 4285 2510 4337 1601
2530 4281 2589 4332 in
2604 4284 2693 4361 4.),
2707 4279 2774 4332 de
2793 4226 3006 4347 qsgzoim
3025 4279 3195 4333 Raess

645 4351 679 4417 Ι)
707 4346 991 4416 Collegam
1046 4347 1106 4400 in
1153 4347 1257 4403 hoc
1304 4348 1593 4417 colloquio
1643 4348 1850 4403 habuit
1905 4349 1943 4404 1.
1985 4367 2028 4403 c.
2071 4370 2123 4419 p.
2166 4355 2230 4407 5:
2286 4350 2509 4411 „Diesee
2547 4350 2956 4420 Dreigesprssoh
3001 4350 3076 4402 ist
3101 4351 3193 4404 ein

565 4417 897 4486 Gregorium
928 4418 978 4472 H
996 4437 1029 4472 a
1045 4435 1074 4472 e
1092 4437 1128 4471 n
1145 4419 1165 4472 l
1182 4419 1200 4472 i
1218 4438 1254 4472 n
1285 4423 1338 4490 (a
1356 4420 1594 4473 Werner
1612 4424 1851 4475 vocatur
1905 4422 2121 4475 wahres
2148 4421 2538 4476 Meistersttick
2568 4422 2628 4475 in
2654 4421 2950 4490 logischer,
2975 4421 3192 4474 theolo—

564 4488 771 4554 Helin).
813 4490 914 4558 qui
956 4490 1139 4544 edidit
1164 4494 1433 4546 Par-allelu
1480 4492 1849 4546 confessionis
1904 4492 2127 4573 gischer
2144 4493 2261 4547 und
2278 4493 2657 4562 aprachlicher
2668 4492 2946 4555 Hinsicht,
2960 4492 3076 4545 und
3091 4491 3196 4544 hat

560 4560 903 4628 augustinaes
943 4567 999 4615 et
1044 4567 1401 4632 augustanae
1447 4579 1519 4631 op
1565 4563 1710 4616 osita
1753 4581 1847 4633 pa·
1905 4565 2265 4619 imhochsten
2280 4564 2463 4618 Grade
2475 4562 3025 4634 alleEigenschaften
3037 4563 3193 4615 eines

561 4630 774 4684 rallelis
797 4632 882 4687 J0.
911 4632 1107 4704 Pappi,
1135 4651 1263 4687 cum
1280 4635 1502 4688 duabus
1552 4651 1601 4687 ο.
1620 4634 1738 4687 Pis
1754 4637 1848 4689 to·
1904 4634 2185 4706 Dialoge.“
2221 4637 2282 4688 In
2310 4652 2374 4689 eo
2398 4636 2650 4689 rationes
2677 4635 2889 4689 evolvit
2908 4650 3042 4687 suae
3061 4649 3190 4686 con-

562 4701 657 4755 rii
698 4703 953 4772 epistolis
994 4706 1063 4757 ad
1094 4705 1372 4775 Pappum,
1418 4705 1681 4773 Friburgi
1709 4711 1848 4762 1592
1905 4707 2191 4763 versionis.
2234 4707 2317 4761 Cf.
2345 4706 2687 4760 Steinhuber
2713 4706 2908 4760 Gesch.
2931 4704 3028 4758 des
3049 4703 3188 4758 Con.

561 4773 624 4826 in
650 4779 702 4829 4.
902 4785 903 4788 ’
1906 4778 2318 4840 Germanicum,
2347 4777 2620 4846 Freiburg
2645 4781 2801 4842 1895,
2831 4777 2871 4846 1,
2896 4780 3002 4833 338
3029 4794 3069 4830 s.
