3625 5193
429 290 552 347 397
1187 274 1575 338 Borromaeus,
1602 272 1655 327 S.
1681 273 2012 328 Franciscus
2040 273 2304 330 Salesius.
2931 298 3054 352 ,393

425 463 866 523 nobilissimum
897 462 1007 521 hoc
1037 479 1188 536 opus
1228 479 1405 536 quam
1437 460 1710 519 emenda·
1776 470 1939 525 1627
1962 483 1975 532 3
2024 461 2244 539 Cypria
2274 481 2448 522 sacra
2482 463 2607 522 sive
2639 464 2712 522 de
2744 465 3055 527 honestate

423 552 726 611 tissimum
756 550 1038 627 prodiret.
1093 551 1308 609 Romae
1341 549 1713 608 familiariter
1768 554 1831 609 et
1862 551 2070 610 decore
2102 551 2485 611 ecclesiastici
2514 551 2715 623 morie,
2749 555 2828 612 ib.
2858 565 3055 626 16283

422 641 709 700 utebatur
727 639 990 701 consiliis
1010 639 1249 698 Baronii
1269 642 1329 697 et
1347 638 1708 707 Bellarmini‚
1766 640 1836 697 de
1866 642 2086 700 actibus
2106 642 2459 714 prudentiae
2488 642 2551 704 ll.
2567 641 2717 712 xlv,
2751 643 2830 704 ib.
2857 654 3055 717 16285

426 730 817 790 conscientiae
830 748 970 789 vero
986 728 1355 787 moderatore
1370 747 1414 786 s.
1432 727 1709 804 Philippo
1766 729 1835 787 de
1863 732 2050 789 sacris
2080 738 2409 790 nostrorum
2451 738 2772 804 temporum
2803 737 3053 792 emtori-

426 820 622 888 Nerio,
655 838 832 895 quem
864 818 1021 877 tanti
1041 817 1312 890 faciebat,
1344 821 1416 875 ut
1434 817 1564 892 ejus
1584 817 1709 874 ani·
1767 819 1872 877 bus
1903 820 1966 883 ll.
2002 830 2057 891 5,
2092 819 2172 879 ib.
2211 829 2412 888 16323
2445 820 2513 878 de
2543 822 2803 896 episcopo
2834 825 3053 882 concio·

424 929 518 967 ma
536 908 955 985 appellaretur.
988 906 1177 966 Horas
1198 907 1465 983 integras
1485 923 1619 964 cum
1641 923 1709 964 eo
1767 915 1940 967 nante
1967 909 2030 970 ll.
2067 917 2124 980 3,
2156 909 2235 971 ib.
2266 917 2465 978 16323
2497 910 2567 967 de
2592 912 2841 985 picturis
2869 915 3056 971 sacris

424 998 888 1056 conversabatur
919 997 1091 1070 eique
1122 996 1401 1055 morienti
1427 995 1709 1055 viaticum
1766 999 1830 1056 11.
1868 1007 1923 1067 2,
1958 997 2033 1056 ib.
2076 1008 2274 1068 16263
2322 998 2556 1072 aliaque
2589 998 2661 1056 ad
2692 1000 3053 1077 theologiam

423 1092 603 1162 atque
635 1090 954 1145 extremam
976 1085 1317 1144 unctionem
1337 1084 1709 1143 administra·
1764 1088 2124 1163 pastoralem
2171 1091 2232 1145 et
2263 1088 2508 1147 ascesim
2553 1090 2886 1163 spectantia
2914 1110 3051 1149 nec·

422 1177 527 1234 vit.
561 1175 821 1234 Vacante
854 1194 904 1233 a.
933 1184 1095 1237 1595
1126 1174 1264 1233 sede
1284 1172 1711 1232 mediolanensi
1766 1196 1886 1236 non
1918 1179 1980 1235 et
2009 1177 2303 1252 plurimae
2336 1177 2657 1236 conciones.

423 1265 619 1324 dictus
639 1268 730 1324 est
748 1284 783 1323 a
797 1264 1096 1322 Clemente
1113 1263 1268 1321 VIII.
1287 1263 1393 1321 diu
1406 1263 1710 1321 reluctans
2671 1321 2672 1326 ,

422 1354 687 1429 ejusdem
703 1352 1178 1429 archiepiscopus
1196 1355 1377 1427 atque
1397 1353 1471 1410 ab
1491 1371 1559 1412 eo
1574 1371 1710 1411 con·
1859 1363 2002 1420 380.
2038 1356 2206 1414 Alter
2236 1357 2342 1424 est,
2376 1373 2552 1430 quem
2579 1358 3052 1429 praetermittere

422 1447 702 1502 secretus.
729 1441 902 1501 Rexit
928 1441 1096 1501 illam
1114 1442 1420 1501 ecclesiam
1439 1441 1710 1500 aemulus
1764 1461 1884 1503 non
1904 1443 2061 1515 licet,
2088 1463 2134 1502 s.
2148 1443 2497 1502 Franciscus
2519 1443 2556 1501 S
2575 1445 2692 1504 ale
2711 1464 2737 1503 s
2752 1446 2772 1504 i
2787 1465 2831 1503 u
2848 1464 2893 1516 s,
2927 1449 3052 1523 epi-

421 1532 719 1591 virtutum
753 1531 943 1590 sancti
975 1531 1167 1590 Caroli
1212 1530 1411 1606 patrui
1443 1533 1505 1589 et
1533 1549 1707 1606 prae-
1764 1549 2072 1608 scoporum
2104 1551 2353 1610 gemma,
2388 1551 2567 1606 quem
2599 1534 2866 1593 Christus
2901 1536 3049 1604 ,Ec-

421 1621 741 1679 decessoris
772 1620 896 1686 sui:
930 1621 1156 1679 clerum
1175 1619 1534 1690 reformavit,
1568 1619 1706 1678 bib·
1762 1622 1969 1681 clesiae
2020 1640 2160 1680 suae
2203 1669 2215 1682 .
2267 1667 2278 1678 .
2335 1670 2346 1683 .
2392 1623 2687 1696 pastorem
2730 1624 2905 1699 juxta
2953 1643 3052 1684 cor

421 1710 732 1769 liothecam
795 1710 1148 1767 ditissimam
1203 1728 1237 1767 a
1300 1728 1343 1767 s.
1394 1709 1705 1768 Ambrosio
1763 1729 1939 1769 suum
1973 1711 2303 1779 suscitavit,
2354 1713 2427 1768 ut
2467 1711 2718 1787 scriptis,
2767 1715 3050 1772 sermoni-

420 1800 776 1874 appellatam
809 1798 1095 1873 condidit,
1130 1797 1379 1874 collegia
1403 1798 1500 1873 pia
1529 1797 1704 1856 insti·
1761 1800 1874 1858 bus
1904 1803 1965 1858 et
1995 1800 2276 1875 exemplis
2317 1799 2600 1875 pietatem
2647 1803 3054 1862 corroboraret

421 1889 559 1956 tuit,
602 1887 894 1963 synodum
940 1887 1339 1946 dioecesanam
1384 1888 1704 1962 quotannis
1761 1893 1822 1946 et
1854 1907 2064 1964 aspera
2108 1891 2479 1948 converteret
2521 1889 2586 1948 in
2636 1890 2765 1949 vias
2811 1891 3055 1967 planas:

422 1978 675 2035 lustrata
694 1976 860 2052 prius
880 1976 1182 2052 provincia
1201 1975 1539 2044 celebravit,
1572 1996 1704 2034 mu·
1761 1978 1988 2052 quique
2019 1978 2189 2036 illum
2224 1996 2332 2037 suo
2364 1977 2633 2037 lenitatis
2678 1979 2898 2054 spiritu
2928 1984 3053 2038 tam

420 2066 631 2124 nificus
663 2084 804 2142 erga
833 2083 1123 2141 pauperes
1156 2064 1403 2134 exstitit,
1450 2083 1703 2138 quorum
1761 2066 2116 2125 mirabiliter
2161 2066 2528 2141 adimplevit,
2576 2071 2647 2126 ut
2695 2087 2815 2127 non
2857 2071 3051 2128 solum

419 2157 684 2230 tempore
730 2153 902 2213 famis
942 2154 1013 2213 ad
1058 2163 1265 2216 12000
1310 2154 1478 2212 aluit.
1528 2155 1703 2212 Gras-
1759 2154 2039 2214 indurata
2083 2158 2460 2231 peccatorum
2505 2156 2683 2215 corda
2730 2157 2803 2215 ad
2846 2159 3048 2232 poeni-

421 2245 587 2301 sante
620 2243 718 2310 lue
751 2244 1009 2301 omnium
1046 2246 1337 2318 quantum
1368 2242 1570 2317 potuit
1602 2261 1703 2301 cu·
1759 2244 2011 2302 tentiam
2057 2245 2346 2314 flecteret,
2401 2244 2502 2301 sed
2549 2248 2610 2303 et
2657 2245 2908 2305 rebelles
2953 2250 3050 2305 tot

400 2337 545 2390 'ram
577 2332 762 2409 gessit
793 2338 854 2391 et
874 2336 1072 2408 spreto
1103 2330 1263 2390 vitae
1283 2331 1549 2406 periculo
1578 2332 1705 2407 ipse
1764 2332 2194 2392 haereticorum
2213 2336 2445 2391 mentes
2464 2334 2538 2391 ad
2569 2333 2706 2392 fidei
2729 2334 3050 2393 catholicae

419 2420 780 2480 xenodochia
824 2422 1010 2480 adivit
1054 2426 1330 2498 aegrotos
1374 2420 1701 2494 alloquens,
1760 2422 2053 2486 unitatem
2070 2427 2368 2480 revocaret
2383 2417 2477 2504 ¹).‘
2496 2422 2690 2481 Natus
2707 2427 2798 2482 est
2813 2443 2857 2482 s.
2871 2424 3049 2482 Fran-

421 2509 745 2580 consolanS,
798 2510 1036 2580 auxilie,
1082 2528 1234 2580 aere,
1282 2509 1526 2568 monitis
1565 2510 1704 2567 sub·
1760 2511 1953 2569 ciscus
1984 2511 2299 2569 Annesiaci
2337 2510 2401 2569 in
2435 2512 2728 2570 Sabaudia
2763 2521 2862 2574 ⁶21.
2896 2514 3047 2590 Aug.

420 2599 681 2678 veniens,
712 2619 831 2673 quo
863 2600 1129 2675 exemplo
1163 2600 1356 2658 clerus
1388 2600 1518 2674 ejus
1549 2598 1703 2657 exci-
1772 2610 1957 2664 1567.
1989 2600 2027 2658 J
2031 2603 2319 2659 uventute
2336 2602 2709 2661 sanctissime
2729 2605 3042 2673 transacta,

420 2693 582 2747 tatus
614 2689 850 2748 fortiter
881 2708 943 2747 se
993 2691 1114 2747 tam
1145 2688 1378 2747 heroico
1412 2688 1706 2764 impendit
1760 2689 1969 2748 relicta
2017 2707 2329 2749 causarum
2393 2692 2888 2750 commentatione
2953 2711 3047 2750 sa·

421 2778 719 2853 obsequio,
753 2778 818 2836 in
838 2796 957 2855 quo
981 2787 1061 2840 95
1090 2777 1419 2836 sacerdotes
1438 2776 1704 2836 caritatis
1760 2779 1996 2855 erisque
2058 2780 2331 2837 initiatus
2390 2780 2520 2855 ejus
2584 2781 2744 2840 zelus
2807 2780 2870 2839 in
2918 2780 3046 2857 pri-

421 2867 698 2926 victimae
730 2867 1002 2927 cecidere.
1036 2867 1269 2925 Pluries
1289 2865 1534 2926 Romam
1567 2884 1702 2925 evo·
1761 2868 1873 2926 mis
1906 2868 2150 2926 emicuit
2194 2868 2259 2927 in
2308 2869 2659 2927 reducendis
2692 2869 3046 2928 calvinianis
3095 2926 3098 2929 ,

422 2958 588 3014 catus
606 2956 680 3014 ad
711 2957 948 3015 comitia
966 2954 1268 3032 pontificia
1291 2957 1475 3015 octies
1507 2956 1581 3013 iis
1610 2955 1703 3013 in·
1761 2957 1834 3014 ad
1851 2975 2056 3015 verum
2072 2957 2285 3016 Christi
2306 2958 2477 3016 ovile.
2512 2958 2865 3017 Incredibile
2881 2959 3047 3018 dictu

419 3044 694 3103 terfuisse
743 3045 982 3122 legitur.
1059 3044 1351 3104 Defuncto
1401 3044 1586 3102 Paulo
1640 3043 1702 3106 V.
1761 3050 1869 3115 est,
1903 3064 2020 3121 quo
2041 3046 2222 3104 animi
2239 3046 2465 3117 ardore,
2490 3065 2608 3121 qua
2626 3048 2885 3122 pectoris
2906 3066 3043 3107 con-

419 3133 828 3208 pontificatum
876 3134 991 3194 sibi
1022 3154 1056 3192 a
1099 3133 1495 3192 cardinalibus
1539 3133 1703 3191 obla·
1761 3135 2013 3204 stantia,
2060 3153 2181 3209 qua
2223 3136 2441 3194 mentis
2487 3136 2813 3203 alacritate,
2863 3154 3044 3210 quam

420 3227 553 3281 tum
615 3227 962 3283 constanter
1031 3223 1346 3283 recusavit.
1439 3223 1706 3281 Decessit
1759 3224 1931 3282 firma
1972 3225 2034 3281 in
2068 3224 2254 3282 Deum
2295 3223 2527 3285 fiducia,
2576 3243 2753 3298 quam
2800 3225 3046 3283 robusta

416 3313 697 3388 egregius
715 3312 953 3388 praesul
975 3312 1254 3387 22.Sept.
1285 3320 1469 3375 1631.
1502 3312 1703 3387 Longe
1759 3313 1823 3369 in
1853 3315 2185 3388 proximum
2220 3313 2465 3370 caritate
2484 3312 2842 3388 pugnaverit
2874 3318 2936 3371 et
2954 3313 3042 3370 vi-

416 3402 593 3475 plura
622 3400 777 3473 fecit,
811 3420 989 3477 quam
1018 3401 1293 3477 scripsit:
1327 3404 1528 3459 tamen
1560 3401 1702 3458 scri-
1759 3401 1924 3471 cerit‚
1958 3405 2029 3459 ut
2059 3401 2202 3459 adeo
2235 3401 2492 3477 amplius
2518 3411 2596 3461 70
2631 3400 2820 3458 millia
2839 3401 3041 3459 haere-

416 3494 656 3564 ptorum
675 3508 929 3567 magnus
950 3492 1145 3548 exstat
1162 3507 1451 3548 numerus
1471 3486 1534 3571 ¹),
1558 3507 1703 3564 quo·
1757 3490 2012 3549 ticorum
2060 3489 2350 3547 Ecclesiae
2396 3489 2718 3564 subjecisse
2764 3489 2843 3547 sit
2887 3489 3042 3549 fama

416 3596 550 3635 rum
583 3579 725 3637 haec
747 3579 1028 3638 videntur
1046 3579 1305 3654 potiora:
1339 3581 1408 3637 de
1427 3580 1704 3636 ecstaticis
1750 3579 2088 3654 ,vulgatum
2127 3576 2251 3645 Qua
2282 3577 2583 3636 occasione
2615 3579 2812 3652 ipsum
2833 3579 3042 3636 Bezam

417 3668 751 3726 mulieribus
799 3671 859 3727 et
907 3668 1102 3726 illusis
1151 3669 1214 3725 ll.
1266 3677 1336 3737 4,
1390 3667 1702 3726 Mediolani
1758 3667 2023 3725 Genevae
2055 3685 2175 3725 non
2217 3667 2344 3725 sine
2378 3667 2535 3725 vitae
2567 3666 2832 3742 periculo
2873 3668 3039 3737 adiit,

426 3765 589 3817 1616
612 3776 624 3825 ;
675 3758 744 3814 de
788 3757 1049 3815 naturali
1096 3757 1316 3830 ecstasi,
1369 3756 1448 3816 ib.
1502 3766 1661 3818 1617
1686 3778 1699 3826 3
1756 3774 2012 3831 cumque
2031 3773 2097 3814 eo
2119 3760 2212 3814 est
2230 3773 2600 3832 congressus.
2625 3755 2696 3813 In
2715 3756 3041 3831 praemium

416 3851 582 3903 notae
632 3845 695 3902 in
743 3845 853 3903 XII
903 3845 1218 3921 prophetas
1269 3845 1557 3914 minores,
1621 3844 1699 3902 ib.
1755 3848 1848 3902 tot
1892 3845 2241 3903 meritorum
2293 3845 2487 3903 dictus
2542 3847 2635 3902 est
2679 3864 2713 3902 a
2746 3844 3042 3905 Clemente

425 3943 624 4002 1620;
671 3934 1131 3993 observationum
1174 3934 1237 3991 in
1284 3934 1701 4009 Apocalypsim
1757 3932 1913 3991 VIII.
1947 3934 2260 4009 episcopus
2292 3934 2659 4010 genevensis».
2691 3934 2814 3992 Hac
2845 3933 3042 4011 digni·

417 4022 476 4080 ll.
516 4031 571 4092 7,
606 4022 682 4082 ib.
726 4033 923 4094 16223
969 4024 1038 4081 de
1069 4023 1499 4099 coqnitionibus,
1547 4041 1699 4097 quas
1755 4026 1880 4081 tate
1912 4026 2122 4081 auctus
2167 4024 2230 4081 in
2262 4041 2434 4083 omne
2476 4022 2741 4081 studium
2788 4024 3040 4099 amplifi-

418 4112 636 4170 habent
679 4112 873 4188 angeli
909 4116 965 4170 et
999 4112 1330 4181 daemones
1380 4111 1456 4169 ib.
1501 4120 1698 4179 1624;
1756 4113 1972 4170 candae
2003 4112 2307 4188 religionis
2340 4112 2678 4181 catholicae,
2725 4111 3041 4171 reforman-

417 4202 486 4256 de
515 4199 810 4260 nonnullis
839 4219 882 4258 s.
917 4200 1261 4275 Ser-{ptume
1300 4201 1435 4258 locis
1473 4200 1699 4275 passim
1757 4201 1865 4260 dae
1896 4202 2052 4260 vitae
2094 4200 2167 4258 ad
2199 4201 2484 4276 pietatem
2526 4205 2587 4259 et
2618 4201 3041 4276 perfectionem

419 4288 722 4362 usurpatis
754 4289 813 4347 ll.
853 4298 925 4359 2.,
969 4289 1047 4347 ib.
1101 4298 1299 4359 16253
1345 4291 1700 4347 canticorum
1756 4290 2136 4348 christianam
2169 4309 2474 4365 expressae
2522 4291 2583 4347 in
2614 4307 2792 4365 grege
2840 4307 2947 4346 suo
2980 4292 3041 4346 et

416 4376 744 4449 explanatio
783 4377 955 4452 juxta
986 4379 1277 4437 literalem
1310 4396 1570 4452 sensum,
1620 4379 1697 4436 ib.
1757 4379 1820 4436 in
1853 4378 2030 4437 variis
2060 4379 2452 4447 monasteriis,
2496 4378 2736 4452 pietatis
2770 4396 3037 4451 quaqua-

1755 4485 1964 4526 versus
1995 4468 2239 4525 alendae
2270 4471 2465 4525 totum
2515 4484 2641 4523 sese
2675 4464 2903 4523 effudit.
2954 4464 3039 4521 Ex

495 4550 530 4616 ¹)
558 4547 833 4615 Argellati
876 4554 923 4614 1,
964 4552 1014 4611 2,
1056 4552 1160 4605 195
1201 4564 1395 4602 eorum
1436 4553 1701 4602 numerat

416 4621 478 4673 71
510 4619 664 4672 edita
704 4621 762 4671 et
783 4623 856 4677 48
880 4619 1113 4674 inedita.
1155 4620 1236 4673 Cf.
1265 4619 1517 4683 Roberti,
1554 4620 1699 4687 Apo-

415 4688 566 4768 logia
610 4690 699 4743 del
740 4692 901 4744 Card.
948 4691 1006 4744 F.
1051 4690 1143 4756 Β.,
1189 4688 1499 4745 Mediolani
1543 4694 1697 4754 1870,
1833 4697 1870 4756 ¹)
1899 4692 1986 4744 lta
2023 4691 2084 4743 in
2167 4691 2302 4745 raef.
2345 4706 2444 4758 pro
2486 4689 2656 4741 missa
2698 4687 2878 4769 ipsius
2918 4706 3040 4757 pro·

414 4758 668 4828 aliosque
719 4761 874 4831 apud
924 4760 1205 4815 Reumont
1256 4762 1343 4815 Kl.
1393 4762 1476 4833 ΙΙ,
1529 4765 1697 4823 1125;
1753 4762 1882 4833 pria
1907 4777 1940 4814 a.
1980 4758 2080 4817 Pio
2109 4762 2155 4814 Ι.
2187 4801 2199 4814 .
2240 4759 2512 4816 universis
2553 4758 2797 4812 ecclesiis
2837 4758 3038 4813 sancti-

415 4828 649 4893 Quesne]
680 4831 753 4884 Le
776 4832 938 4887 Card.
958 4833 1044 4887 Fr.
1068 4832 1148 4899 Β.,
1177 4832 1382 4886 Insnlis
1404 4837 1545 4891 1890
1570 4833 1629 4885 in
1648 4836 1698 4889 8.
1756 4832 2093 4887 monialium
2123 4832 2254 4886 Ord.
2288 4830 2450 4887 Visit.
2473 4830 2524 4883 b.
2554 4829 2627 4883 M.
2664 4830 2725 4887 V.
2761 4846 3040 4885 concessa.

632 4930 825 4986 Hurter,
865 4931 1208 4979 Nomenclator
1247 4932 1331 4977 111.
1371 4933 1447 4979 ed.
1488 4932 1537 4978 3.
2608 4924 2678 4977 29
