3625 5193
1302 252 1672 309 1581—1600.
1701 248 1962 319 Exegesis
1988 251 2049 305 in
2076 252 2367 320 Hispania.
2395 249 2629 321 Zuniga,

660 270 781 325 227
3149 267 3273 321 228

654 442 898 514 credere,
919 440 1175 513 operari,
1199 440 1592 513 concupiscere
1610 437 1720 494 etc.
1738 436 1935 495 Tertia
1990 439 2361 514 explicantur
2391 441 2454 496 et
2486 438 2643 496 inter
2675 455 2736 495 se
2768 437 3179 503 conciliantur,
3213 442 3275 496 et

655 530 726 588 de
738 529 1027 589 Ecclesiae
1039 546 1209 586 verae
1221 526 1697 603 agitnoti3,quas
1709 526 1934 584 Luthe-
1988 531 2304 604 praecepta
2345 528 2503 586 vitae
2548 544 2683 585 cum
2727 526 2953 585 virtute
3000 526 3275 585 colendae

654 638 933 678 ranorum
952 620 1013 676 et
1027 616 1501 675 calvinianorum
1532 615 1799 674 coetibus
1816 634 1938 674 non
1991 618 2294 676 moraliter
2311 616 2709 685 deducuntur,
2728 616 2917 674 Toleti
2942 627 2962 678 l
2982 625 3014 677 5
3027 626 3104 679 84
3125 637 3139 683 ;
3157 616 3273 674 Ro-

655 711 984 782 competere
1016 705 1292 764 ostendit.
1326 705 1396 762 In
1427 704 1677 779 reliquis
1698 703 1935 763 duobus
1991 724 2119 765 mae
2172 714 2370 775 1591;
2425 707 2487 762 in
2533 704 2887 763 Zachariam
2927 706 3275 780 prophetam

655 797 827 855 libris
861 794 1219 854 difficiliores
1258 793 1515 868 explicat
1558 812 1647 868 ep.
1696 792 1771 851 ad
1822 794 1934 852 Ro-

654 904 858 945 manos
890 886 1066 943 locos.
1101 885 1191 942 Ita
1225 900 1463 958 quoque
1494 882 1732 941 nonnisi
1778 881 1935 941 diffi-

656 976 888 1034 ciliores
922 975 1079 1033 locos
1110 972 1479 1047 reliquarum
1510 971 1681 1030 Pauli
1714 971 1935 1046 episto-

655 1066 867 1134 larum,
881 1062 1269 1138 epistolarum
1278 1059 1697 1119 canonicarum
1707 1064 1767 1119 et
1779 1061 1938 1135 Apo·

657 1152 909 1228 calypsis
928 1151 1169 1226 exponit
1185 1151 1249 1208 in
1268 1149 1444 1208 tomis
1471 1157 1676 1211 14-1
1692 1159 1744 1212 6.
1772 1148 1940 1207 Hanc

655 1243 910 1317 explicat
941 1240 1013 1299 de
1054 1240 1384 1315 primorum
1429 1237 1723 1297 Ecclesiae
1771 1255 1937 1296 secu-

657 1333 849 1390 lorum
877 1327 1409 1396 visissitudinibus,
1441 1326 1512 1385 de
1541 1328 1780 1403 praeliis
1804 1345 1938 1385 cum

657 1439 959 1495 synagoga
979 1422 1040 1476 et
1057 1417 1395 1493 gentilitate
1416 1416 1605 1492 deque
1624 1416 1789 1475 illius
1816 1416 1937 1474 vic-

657 1509 812 1568 toria
845 1509 916 1565 de
949 1506 1237 1581 utrisque.
1269 1504 1341 1564 In
1373 1506 1489 1564 fine
1522 1505 1753 1579 aliquot
1800 1523 1937 1563 auc·

657 1598 803 1657 toris
850 1598 1237 1671 apponuntur
1281 1593 1577 1670 epistolae,
1611 1594 1832 1668 quibus
1865 1592 1938 1650 ad

656 1686 946 1746 nonnulla
996 1701 1160 1742 sacra
1204 1684 1571 1760 interrogata
1613 1682 1936 1758 respondit.

658 1776 719 1835 Si
736 1774 1033 1834 laudanda
1050 1776 1142 1831 est
1158 1774 1222 1831 in
1237 1773 1330 1831 his
1343 1772 1780 1832 commentariis
1801 1790 1934 1847 pro-

655 1864 840 1924 funda
851 1862 1106 1921 eruditio
1117 1861 1938 1938 stiliquefacilitaS,commen-

656 1953 851 2012 danda
881 1956 1076 2010 tamen
1108 1970 1225 2010 non
1258 1954 1352 2011 est
1382 1950 1565 2009 nimia
1603 1950 1936 2025 prolixitas,

656 2042 794 2101 hinc
826 2041 1051 2100 factum
1066 2040 1323 2109 videtur,
1343 2039 1502 2114 quod
1534 2056 1706 2097 rarus
1732 2055 1938 2096 eorum

658 2133 740 2189 sit
770 2149 918 2189 usus
937 2124 998 2212 l).

757 2318 894 2370 100.
928 2308 998 2364 111
1031 2307 1366 2384 singulares
1400 2307 1581 2366 libros
1621 2306 1938 2364 ediderunt

658 2396 1091 2468 commentaria,
1126 2400 1188 2454 et
1218 2396 1459 2471 quidem
1490 2396 1584 2473 (ut
1606 2396 1937 2469 Scriptura·

659 2506 791 2545 rum
825 2484 1091 2543 ordinem
1124 2481 1470 2563 sequamur)
1505 2486 1569 2543 in
1602 2486 1639 2547 l.
1669 2484 1799 2553 Job,
1834 2484 1936 2541 Di-

659 2575 836 2634 dacus
869 2574 940 2632 de
980 2573 1293 2651 Zufliga
1324 2574 1527 2651 (etiam
1566 2572 1934 2641 Stunica,

658 2648 1056 2745 Estunica)
1091 2663 1156 2725 O.
1188 2663 1379 2721 Erem.
1414 2664 1466 2720 S.
1499 2664 1650 2737 Aug.
1675 2661 1934 2720 Salman-

658 2752 916 2817 ticensis,
950 2752 1056 2825 qui
1088 2751 1347 2809 caritatis
1398 2751 1637 2809 victima
1682 2752 1937 2826 aegrotis

657 2841 940 2915 pestifera
969 2838 1066 2897 lue
1099 2840 1333 2898 infectis
1364 2840 1692 2898 inserviens
1724 2839 1872 2898 obiit
1887 2860 1935 2897 a.

669 2938 850 2990 1589.
885 2928 1275 3003 Multiplicem
1305 2948 1442 2987 sane
1481 2928 1721 2986 humani
1755 2931 1936 3003 atque

658 3017 846 3075 divini
874 3017 1029 3092 juris
1063 3036 1373 3092 sacraeque
1419 3018 1751 3093 theologiae
1795 3017 1935 3076 doc-

658 3106 878 3164 trinam
909 3106 1070 3164 varia
1099 3106 1445 3184 linguarum
1477 3108 1815 3182 cognitione
1844 3109 1935 3165 to-

657 3196 899 3269 tiusque
932 3195 1052 3253 fere
1081 3196 1563 3272 encyclopaediae
1584 3196 1799 3254 notitia
1821 3196 1935 3254 cla-

657 3285 873 3341 riorem
906 3302 971 3342 ac
1003 3285 1445 3361 locupletiorem
1485 3285 1760 3344 reddidit.
1802 3285 1936 3343 Ser-

655 3391 828 3431 mone
872 3391 1015 3431 usus
1061 3377 1153 3432 est
1198 3375 1383 3433 latino
1415 3375 1652 3450 puriore
1683 3375 1746 3432 in
1778 3392 1936 3431 com-

656 3463 956 3521 mentariis
990 3467 1051 3519 et
1082 3464 1320 3537 qualem
1354 3460 1450 3543 (nt
1479 3464 1606 3538 ipse
1641 3462 1753 3520 sibi
1775 3481 1937 3521 arro-

656 3557 759 3627 gat
792 3551 1063 3609 conscius
1111 3570 1255 3611 snae
1303 3549 1713 3628 supellectilis)
1761 3570 1936 3610 usur-

656 3646 864 3715 patum
887 3640 1109 3698 sciebat
1128 3641 1404 3700 felicibus
1424 3642 1640 3700 Romae
1657 3639 1935 3715 tempori·

652 3727 1937 3805 bus.Praeteropusphilosophicumedidit2):

661 3817 794 3874 Com
801 3819 1086 3876 mentaria
1098 3820 1122 3874 i
1127 3834 1164 3874 n-
1176 3820 1194 3876 l
1199 3819 1325 3877 ,Job
1328 3819 1567 3894 ‚quibus
1578 3818 1796 3893 triplex
1808 3819 1937 3876 eius

658 3905 858 3974 editio,
881 3906 1128 3982 vulgata
1146 3907 1351 3976 latina,
1385 3907 1633 3966 hebraea
1653 3911 1712 3964 et
1731 3925 1938 3982 graeca

657 3994 806 4052 Lxx
840 3995 1252 4070 interpretum,
1301 4013 1529 4054 necnon
1571 3999 1632 4053 et
1663 3995 1941 4055 chaldaea

737 4167 771 4232 ¹)
799 4162 994 4234 Dupin
1036 4164 1118 4218 ica
1146 4165 1215 4218 de
1242 4165 1326 4218 his
1353 4165 1770 4220 commentariis
1789 4166 1940 4235 judi-

659 4237 780 4288 cat:
835 4235 1158 4298 „Salmeron
1199 4237 1408 4305 parlait
1448 4240 1505 4289 et
1544 4238 1782 4291 ecrivait
1805 4237 1939 4291 faci-

656 4309 887 4372 lement‚
915 4307 958 4360 11
984 4308 1126 4361 etait
1151 4310 1332 4362 meme
1368 4311 1572 4362 savant
1595 4311 1655 4362 et
1679 4309 1939 4378 profond‚

658 4378 799 4431 mais
825 4378 869 4431 il
909 4381 964 4431 n’
980 4395 1015 4431 a
1052 4379 1112 4432 ni
1152 4378 1210 4432 la
1234 4379 1475 4447 critique
1501 4379 1562 4433 ni
1587 4379 1640 4433 le
1666 4380 1940 4433 discerne-

1992 796 2423 867 commentaria,
2457 793 2848 852 Salmanticae
2901 803 3065 856 1577
3117 794 3182 853 in
3213 793 3270 862 f.,

1992 883 2195 942 eodem
2218 901 2462 957 prorsus
2480 887 2683 941 tenore
2699 881 2994 942 scribendi
3013 889 3273 952 servat03

1993 975 2055 1031 in
2087 990 2279 1031 omnes
2309 974 2404 1030 sui
2434 972 2709 1047 temporis
2736 972 3051 1031 haereticos
3068 974 3183 1030 sive
3202 973 3270 1029 de

1995 1081 2126 1120 vera
2170 1062 2443 1139 reli9ione
2487 1062 2549 1124 ll.
2596 1070 2651 1132 3,
2697 1060 2776 1119 ib.
2819 1070 2980 1123 1577
3018 1062 3083 1119 111
3114 1061 3150 1118 f.
3183 1093 3271 1103 -

1995 1151 2285 1210 Martinus
2306 1150 2645 1223 Alphonsus
2677 1148 2800 1207 del
2830 1150 3019 1209 Pozo
3053 1149 3274 1209 Cordu-

1993 1239 2195 1298 bensis
2237 1240 2640 1297 elucidationes
2683 1241 2747 1296 in
2792 1258 2984 1298 omnes
3013 1240 3275 1312 psalmos

1994 1329 2258 1402 Davidis,
2305 1328 2602 1403 Compluti
2658 1336 2821 1390 1587
2871 1328 2935 1386 in
2980 1328 3018 1385 f.
3069 1328 3272 1386 edidit.

1992 1449 2062 1460 —
2081 1418 2155 1476 In
2168 1419 2392 1476 cantica
2403 1419 2759 1475 canticorum
2774 1418 3057 1490 triplicem
3079 1418 3274 1490 expla-

1992 1509 2285 1564 nationem
2302 1502 2346 1586 ¹)
2398 1505 2587 1564 edidit
2633 1505 3020 1565 Salmanticae
3076 1514 3275 1571 15803

2000 1604 2201 1663 15823
2242 1605 2442 1664 15893
2478 1594 2743 1654 Venetiis
2786 1605 2969 1666 1604,
3016 1594 3274 1653 Ludovi-

1994 1702 2096 1743 cus
2128 1685 2213 1742 de
2256 1685 2455 1743 Leon
2504 1679 3074 1764 (Legionensis)
3123 1684 3185 1742 Ο.
3220 1684 3274 1742 S.

1992 1775 2145 1849 Aug.
2197 1773 2394 1848 patria
2444 1772 2930 1832 Bellomontanus
2976 1792 3034 1835 n.
3091 1781 3272 1841 1527,

1993 1863 2087 1921 sui
2109 1862 2371 1921 sodalitii
2399 1860 2633 1920 illustre
2666 1862 2843 1920 decus
2878 1866 2939 1919 et
2964 1862 3275 1937 theologus

1992 1952 2261 2029 insignis,
2343 1951 2539 2025 Hujus
2595 1951 3047 2009 commentarius
3105 1951 3277 2025 plane

1993 2041 2270 2117 egregius
2302 2045 2413 2109 est,
2449 2040 2554 2113 qui
2586 2040 2837 2098 aliorum
2871 2039 3100 2098 labores
3132 2058 3277 2099 suae

1993 2130 2207 2188 aetatis
2258 2127 2576 2205 praecellit.
2628 2129 2809 2187 Porro
2860 2128 2987 2203 ipse
3036 2128 3180 2187 adeo
3212 2130 3277 2187 in

1991 2219 2287 2295 theologia
2317 2217 2605 2287 excelluit,
2639 2221 2709 2276 ut
2741 2235 2785 2275 s.
2807 2217 3058 2277 Thomas
3079 2218 3276 2276 cathe-

1991 2308 2157 2366 dram
2204 2307 2591 2365 salmanticae
2636 2324 2927 2365 concursu
2971 2306 3124 2365 facto
3174 2307 3277 2364 ad-

1993 2414 2199 2455 versus
2232 2400 2455 2472 septem
2490 2396 2903 2470 competitores
2933 2414 3275 2470 promerue-

1992 2485 2102 2555 rit3
2152 2485 2287 2543 dein
2335 2504 2377 2542 s,
2427 2484 2791 2559 Scripturam
2842 2484 3274 2560 interpretandi

1992 2591 2210 2632 munus
2267 2573 2382 2632 sibi
2431 2572 2698 2632 delatum
2746 2574 2964 2650 plausu
3011 2592 3127 2633 non
3162 2574 3274 2632 mi-

1993 2664 2122 2722 nori
2157 2664 2436 2737 suscepit,
2465 2681 2644 2738 quam
2666 2663 2867 2721 fructu
2888 2669 2948 2721 et
2965 2662 3122 2722 fama
3140 2682 3273 2739 ges-

1993 2751 2089 2811 sit.
2122 2751 2459 2828 Agentibus
2493 2753 2650 2810 inter
2670 2752 2818 2810 alios
2851 2753 3271 2826 contiaipsum

1992 2841 2196 2898 Barth.
2229 2841 2302 2898 de
2336 2841 2574 2899 Medina
2618 2844 2679 2897 et
2726 2843 2919 2900 Leone
2968 2841 3038 2898 de
3071 2841 3271 2899 Castro

1994 2930 2098 2998 ,in
2130 2929 2541 3005 suspicionem,
2576 2930 2667 2986 uti
2700 2929 2853 2988 idem
2887 2930 3273 3004 conqueritur

1991 3019 2066 3076 ad
2097 3019 2187 3076 Ps.
2228 3014 2390 3099 262),
2433 3019 2623 3076 laesae
2656 3018 2790 3076 fidei
2824 3019 3135 3077 criminose
3168 3037 3270 3076 vo-

2055 3174 2094 3242 ¹)
2109 3170 2167 3224 Β.
2184 3170 2483 3240 Alphonus
2496 3170 2562 3222 de
2575 3169 2627 3223 Η
2641 3186 2672 3223 0
2685 3187 2753 3222 ro
2765 3188 2793 3222 z
2806 3184 2835 3222 c
2848 3186 2879 3221 0
2892 3170 2941 3239 ej
2949 3169 3143 3223 usdem
3157 3169 3271 3222 ord.

1993 3245 2389 3312 (1500—1591)
2417 3241 2778 3294 concionator
2816 3241 3120 3294 sanctitate
3148 3256 3271 3293 con-

1991 3314 2236 3382 spicum,
2265 3313 2549 3394 eloquens,
2580 3312 2830 3366 fervidus
2850 3327 2915 3392 60
2932 3329 3058 3400 vere
3074 3312 3272 3392 igneus

1993 3383 2243 3509 3333ss
2251 3383 3273 3524 &sitib‘ssffinssss‘a'ffiszffssssffi

1993 3544 2164 3608 opera
2175 3526 2414 3580 ascetica
2425 3526 2803 3607 etconcipnes,
2818 3541 2965 3594 quae
2976 3525 3044 3579 cf.
3056 3525 3116 3578 in
3131 3523 3272 3614 Bib13

1992 3599 2050 3723 ἒ]
2058 3617 2139 3726 ⁸3·
2166 3616 2231 3722 ἐξ·
2259 3599 2315 3720 Ῑὲ.
2329 3597 2775 3722 ὶῖἒέρὲἑῖὼῖῖἓ
2782 3596 3275 3722 ᾚὲὲέἓῗῖἓέηἶῖἓ

1995 3745 2079 3797 19.
2121 3740 2273 3809 Sept.
2319 3744 2454 3796 1591
2498 3757 2545 3794 a.
2591 3740 2796 3793 aetatis
2835 3745 2920 3796 91.
2974 3740 3056 3793 Cf.
3102 3738 3174 3792 de
3212 3753 3274 3790 eo

1995 3812 2256 3865 Thomas
2284 3810 2519 3864 camara
2562 3811 2623 3864 in
2653 3810 2798 3863 vida
2845 3828 2883 3879 y
2927 3810 3157 3864 escritos
3184 3808 3273 3861 del

1993 3882 2167 3937 Beato
2220 3884 2283 3934 A.
2336 3881 2406 3935 de
2458 3881 2681 3946 Orozco,
2732 3881 3057 3935 Valladolid
3119 3883 3271 3937 1882.

1991 3954 2180 4023 Lapsu
2192 3953 2459 4022 temporis
2476 3953 2661 4006 Beatis
2674 3955 2758 4006 est
2772 3953 3197 4006 adnumeratus.
3209 3984 3273 3990 —

1994 4024 2158 4078 Alius
2185 4025 2256 4078 ab
2283 4039 2349 4077 eo
2376 4027 2461 4078 est
2487 4025 2514 4077 J
2536 4042 2567 4077 0
2584 4041 2668 4076 611
2687 4042 2725 4077 n
2741 4040 2810 4076 66
2839 4023 2906 4082 Η.
2935 4023 3184 4094 (Orozco)
3222 4025 3278 4076 et

1993 4094 2367 4150 Covarrubias
2393 4096 2716 4160 Toletanus,
2736 4095 3056 4164 theologiae
3083 4095 3279 4148 doctor

1994 4168 2135 4221 etin
2162 4167 2394 4221 ecclesia
2435 4166 2751 4237 segoviensi
2790 4167 3109 4230 canonicus,
3139 4166 3276 4235 epis-

1993 4255 2169 4364 ficgus
2197 4238 2275 4363 ibn
2321 4237 2970 4362 Siciljtaaggrigentinus,
3022 4238 3156 4290 inde
3209 4237 3276 4290 ob

1994 4328 2228 4452 12121253
2255 4329 2310 4434 ὲ..
2326 4312 3275 4434 ῗὲῗῗὲῑωθζὲῐῖῖῗέἳῖἕωῗέἶξῖἓξ

659 4451 818 4502 ment
842 4450 995 4518 qu'il
1023 4450 1571 4504 seraitasouhaiter.
1625 4451 1672 4504 Il
1699 4455 1781 4505 est
1827 4467 1940 4520 peu
1995 4455 2084 4506 tus
2131 4453 2449 4506 accitanam
2494 4455 2542 4522 (ψ
2585 4455 2669 4507 23.
2716 4449 2846 4504 Jun.
2894 4454 3074 4516 1610),
3118 4451 3277 4518 cujus

658 4520 1029 4589 methodique
1068 4524 1127 4575 et
1170 4537 1275 4592 par
1302 4525 1428 4591 trop
1455 4521 1643 4586 (1111116,
1689 4525 1748 4575 et
1773 4522 1939 4576 traite
1995 4527 2218 4593 praeter
2257 4523 2371 4576 alia
2410 4524 2593 4575 exstat
2631 4525 2869 4576 Tratado
2910 4525 3050 4576 della
3094 4524 3275 4576 cerda-

658 4589 754 4644 des
777 4592 1040 4646 matieres
1067 4594 1136 4646 de
1162 4593 1222 4646 la
1241 4593 1483 4663 religion
1502 4593 1673 4646 d'une
1693 4593 1939 4647 maniere
1994 4598 2123 4649 dem
2149 4616 2183 4664 y
2206 4597 2349 4663 falsa
2361 4596 2669 4663 prophecia,
2698 4591 2972 4662 Segoviae
2994 4596 3136 4650 1588
3151 4592 3212 4645 in
3226 4597 3274 4648 4.

659 4666 789 4732 trop
815 4662 1309 4734 philosophique*

730 4740 772 4804 ²)
801 4734 970 4788 Plura
1010 4736 1077 4789 de
1104 4736 1229 4807 ipso
1256 4737 1326 4791 cf.
1368 4737 1428 4789 in
1453 4735 1683 4789 Revista
1710 4738 1938 4806 august.

659 4804 804 4871 XIV,
833 4809 1031 4878 (1887),
1059 4812 1163 4864 293
1191 4825 1259 4861 66.

1995 4669 2352 4808 (ω;)3191)·0(1111
2374 4740 2779 4789 commentarius
2802 4734 2862 4787 in
2889 4734 3045 4787 hunc
3059 4739 3276 4804 (unum)

1994 4808 2080 4862 Ps,
2111 4807 2492 4861 Salmanticae
2520 4809 2673 4864 1580.
2705 4809 2857 4862 1589.
