3625 5193
410 275 531 327 109

730 257 982 312 Historia
1008 257 1127 311 ord.
1153 259 1213 312 et
1238 257 1587 312 missionum.
1616 257 1946 324 Sibrandus,
1974 255 2237 323 Calzolai‚
2264 258 2371 310 Las
2399 257 2566 312 Casas
2594 260 2697 312 etc.

2900 277 3019 329 110

402 461 588 518 pauca
617 442 883 518 pretiosa
912 442 1296 517 reperiuntur
1309 443 1459 501 circa
1477 442 1698 500 turbas·
1740 462 1923 519 regno
1973 443 2272 502 mexicano
2323 443 2509 502 lector
2554 446 2615 501 et
2646 445 3024 505 concionator

404 533 464 590 in
498 532 699 608 Belgio
748 552 781 590 a
830 541 930 595 23.
963 532 1111 593 Nov,
1154 540 1514 595 1566—12.
1549 532 1682 589 Dec.

410 630 594 684 1568.

493 808 591 862 51.
654 799 771 858 Leo
834 798 1267 857 Sibrandus
1330 798 1395 857 Ο.
1458 799 1680 856 Praem.

402 888 865 957 Leuwardensis,
943 892 1145 964 pastor
1219 888 1282 945 in
1345 885 1682 946 Menaldum

402 976 530 1058 (22.
562 977 704 1035 Jun.
745 974 955 1053 1578),
988 979 1223 1052 praeter
1244 972 1417 1055 alial)
1440 975 1683 1051 collegit

398 1085 493 1124 res
542 1069 739 1143 gestas
789 1065 854 1124 in
900 1065 1107 1134 Frisia,
1159 1083 1278 1140 quo
1329 1066 1529 1124 labore
1581 1064 1679 1122 alii

398 1159 543 1213 sunt
575 1154 682 1212 usi.
717 1154 969 1229 Scripsit
999 1155 1147 1212 vitas
1177 1162 1228 1211 et
1258 1173 1352 1213 res
1368 1161 1556 1232 qesta-³
1576 1154 1679 1211 ab·

397 1244 594 1302 batum
624 1245 687 1301 in
702 1243 940 1301 Lidlum
976 1242 1049 1301 ab
1070 1242 1212 1301 aede
1245 1242 1483 1301 condita
1514 1251 1676 1305 1132

397 1351 586 1407 usque
634 1331 707 1389 ad
757 1352 805 1389 a.
849 1341 1036 1403 1575,
1088 1331 1246 1406 quod
1296 1350 1445 1407 opus
1491 1331 1680 1398 edidit

397 1423 535 1482 Ant.
599 1420 935 1479 Matthaeus
996 1421 1056 1479 in
1121 1420 1247 1479 Vet.
1318 1420 1453 1479 aevi
1510 1419 1676 1477 Anal.

396 1510 597 1586 Hagae
629 1510 926 1568 Comitum
956 1516 1117 1572 1738
1135 1508 1276 1577 1112,
1299 1516 1676 1578 537—5883

395 1602 456 1657 et
505 1598 679 1674 Hugo
728 1599 793 1656 iu
840 1617 883 1656 s,
919 1600 1055 1656 Ant.
1090 1598 1492 1656 Monumentis
1525 1600 1567 1655 t.
1600 1597 1674 1667 11,

399 1696 748 1749 222—267
772 1710 784 1757 3
848 1687 1033 1745 Vitam
1082 1694 1133 1745 et
1163 1706 1256 1745 res
1285 1694 1471 1763 qestas
1503 1687 1674 1744 abba-

393 1784 513 1834 tum
550 1778 723 1834 Horti
752 1778 807 1834 d.
855 1776 1110 1852 Virqinis
1155 1794 1258 1834 seu
1304 1775 1674 1852 Mariengard

393 1865 552 1941 apud
585 1865 821 1935 Frisios,
857 1864 1015 1941 apud
1037 1866 1174 1922 Ant.
1198 1866 1563 1923 Matthaeum
1583 1884 1675 1939 op.

393 1955 494 2016 cit.
527 1954 594 2021 V,
632 1963 1000 2017 241—266.
1048 1987 1134 1996 —
1179 1955 1676 2030 Augustinus

393 2043 772 2101 Florentinus
820 2043 883 2102 Ο.
917 2044 1103 2102 Carm.
1150 2042 1336 2101 edidit
1383 2044 1673 2101 Historia-

392 2151 529 2189 rum
561 2132 1086 2190 camaldulensium
1106 2132 1163 2190 ll.
1188 2131 1309 2208 III,
1344 2132 1674 2191 Florentiae

401 2231 564 2284 1575
601 2221 665 2279 in
700 2231 756 2291 4,
791 2239 909 2295 quo
943 2222 1005 2278 in
1038 2239 1129 2297 op.
1162 2221 1402 2279 disserit
1433 2222 1504 2279 de
1551 2223 1669 2279 ori·

392 2311 532 2385 gine
563 2309 811 2368 aliorum
843 2310 1136 2381 ordinum,
1171 2311 1242 2368 de
1273 2309 1533 2368 adventu
1553 2311 1672 2368 Eu-

397 2398 553 2474 genii
586 2398 681 2459 IV.
715 2399 880 2457 Pisas
912 2402 973 2456 et
1006 2398 1383 2468 Florentiam,
1432 2399 1504 2457 de
1536 2417 1673 2457 con-

1739 532 2098 607 apostolicus
2162 529 2243 613 (fl.
2315 528 2528 613 1580),
2609 533 2715 607 qui
2774 535 3021 610 reliquit

1740 620 2067 679 Historiam
2141 622 2576 680 ecclesiasticam
2640 624 3017 700 mexieanam,

1738 728 1890 785 quae
1920 712 2181 785 primum
2214 709 2437 786 prodiit
2466 710 2686 769 Mexico
2728 720 2912 773 1870.
2932 746 3020 754 —

1740 836 1768 867 ,
1784 799 2266 858 Bartholomaeus
2283 799 2458 858 delas
2492 799 2580 858 Ca
2598 818 2626 858 s
2645 818 2718 858 as
2753 797 3020 882 (Caseus)

1739 886 1850 946 ΟΡ.
1895 888 2196 964 Hispanus
2230 888 2513 948 Indorum
2566 889 3019 948 occidentalium

1736 994 1874 1034 vere
1934 980 2104 1052 pater
2163 979 2225 1035 et
2267 977 2426 1036 inter
2470 996 2674 1037 eorum
2719 979 3018 1053 apostolos

1740 1066 2083 1140 praeprimis
2130 1066 2531 1126 numerandus
2581 1066 2655 1124 ob
2687 1068 3019 1127 animarum

1737 1154 1949 1212 salutis
1980 1154 2246 1213 studium
2269 1156 2544 1230 vitaeque
2564 1156 2942 1215 sanctitatem
2957 1160 3020 1214 et

1735 1242 2127 1302 eruditionem
2203 1244 2585 1320 singularem,
2664 1246 3016 1319 praesertim

1735 1350 1874 1391 vero
1906 1333 1983 1390 ob
2013 1333 2364 1391 miserorum
2394 1332 2677 1393 Indorum
2722 1333 3016 1393 defensio-

1734 1439 1886 1478 nem.
1921 1422 2113 1480 Gestis
2144 1421 2269 1480 suis
2299 1441 2585 1498 magnum
2637 1422 2752 1480 sibi
2783 1422 2923 1482 fecit
2954 1424 3020 1481 in

1733 1512 1990 1584 utroque
2053 1510 2194 1569 orbe
2256 1528 2469 1569 nomen
2489 1505 2596 1591 ¹).‘
2673 1510 2866 1571 Natus
2927 1516 3019 1571 est

1733 1615 1779 1655 c.
1823 1607 1940 1662 147
1949 1608 1985 1660 4
2010 1598 2252 1674 Hispali.
2287 1600 2356 1657 In
2377 1618 2421 1658 s.
2443 1600 2734 1658 Dominici
2763 1601 3018 1659 insulam

1742 1695 1906 1749 1502
1942 1688 2247 1764 navigavit
2277 1692 2457 1762 atque
2495 1698 2661 1751 1510
2715 1689 2789 1747 ad
2822 1708 3010 1748 sacer-

1733 1774 1965 1834 dotium
2000 1777 2115 1835 suit
2144 1781 2465 1852 promotus.
2530 1777 2784 1836 Didacus
2817 1778 3015 1837 Velas-

1732 1883 1880 1938 quez
1911 1865 2107 1925 Cubae
2140 1885 2348 1941 prorex
2399 1885 2536 1924 eum
2587 1866 2703 1924 sibi
2734 1868 3014 1925 consilia-

1731 1953 1887 2011 rium
1921 1955 2135 2032 selegit
2161 1955 2334 2030 eique
2382 1955 2447 2013 in
2493 1955 2911 2026 commendam,
2937 1960 3018 2014 ‘ut

1732 2043 1988 2117 ajebant‚
2053 2044 2339 2119 quosdam
2401 2044 2683 2102 Indorum
2759 2046 3016 2121 populos

1730 2132 2021 2208 regendos
2055 2133 2319 2191 tradidit.
2365 2132 2494 2201 Qua
2525 2133 2828 2192 occasione
2860 2134 3012 2191 didi-

1729 2220 1812 2279 cit
1843 2221 2000 2279 diras
2032 2222 2380 2291 exactioneS,
2423 2222 2643 2296 quibus
2676 2222 2809 2279 Indi
2843 2240 3011 2279 vexa-

1731 2308 1953 2367 bantur
1986 2310 2195 2386 bisque
2229 2313 2539 2385 propterea
2570 2310 2635 2367 in
2668 2310 3013 2385 Hispaniam

1729 2399 2014 2457 remeavit
2044 2398 2303 2457 remedia
2352 2419 2387 2457 a
2435 2399 2674 2474 regibus
2705 2398 3012 2457 catholicis

392 2487 546 2545 ciliis
578 2486 895 2546 basileensi
926 2490 987 2547 et
1006 2486 1338 2555 florentin0‚
1357 2488 1428 2546 de
1449 2488 1672 2546 renatis
1727 2486 2174 2561 impetraturus,
2226 2488 2446 2562 quibus
2493 2487 2752 2546 obtentis
2813 2487 3009 2557 rediit,

392 2577 699 2636 literarum
724 2576 939 2636 studiis
973 2578 1080 2635 etc.
1120 2611 1195 2620 —
1233 2578 1329 2636 La
1353 2576 1674 2654 Chronique
1730 2575 1835 2634 sed
1865 2596 2046 2652 parvo
2080 2577 2298 2644 fructu,
2349 2595 2481 2635 cum
2526 2576 2857 2635 executioni
2889 2595 3010 2636 non

389 2667 458 2724 de
479 2665 752 2725 Maur-iac
771 2685 880 2741 par
910 2667 1262 2727 Montfort
1292 2661 1669 2748 (parochum)
1730 2665 2173 2726 mandarentur.
2205 2667 2450 2725 Interim
2484 2687 2535 2725 a.
2573 2667 2695 2740 jam
2724 2669 2904 2724 natus
2929 2675 3008 2729 48

390 2756 581 2813 suivie
601 2755 673 2813 de
695 2756 1043 2814 documents
1075 2755 1297 2814 inedits
1332 2775 1437 2815 sur
1456 2757 1513 2814 la
1532 2755 1672 2814 ville
1730 2754 1999 2813 ordinem
2061 2756 2366 2833 ingressus
2441 2759 2536 2814 est
2612 2774 2654 2813 s,
2720 2755 3008 2813 Dominici

390 2847 451 2904 et
502 2846 557 2903 le
607 2849 941 2903 monastere
1002 2864 1071 2903 ex
1121 2844 1313 2903 medio
1362 2863 1471 2903 sec.
1524 2843 1670 2907 XVI.
1730 2840 1974 2923 (1522).
2038 2845 2171 2903 Non
2221 2844 2459 2903 destitit
2504 2864 2539 2903 a
2579 2843 2817 2902 tuendis
2847 2844 3011 2902 Indis

388 2933 961 2992 demumetenebris
984 2935 1161 3009 juxta
1192 2934 1492 3008 epitomen
1513 2933 1673 2990 eruit
1728 2949 1849 2990 non
1911 2933 2035 2991 sine
2082 2934 2244 2992 omni
2297 2933 2514 3002 fructu,
2582 2933 2684 2991 sed
2736 2933 3010 3009 ingentes

387 3022 532 3079 Lud.
566 3021 639 3079 de
672 3022 887 3092 Ribier,
922 3022 1164 3081 Parisiis
1206 3031 1369 3085 1905
1407 3022 1470 3079 in
1506 3030 1561 3082 8.
1585 3055 1672 3066 —-
1727 3022 2042 3095 propterea
2071 3022 2259 3080 subiit
2298 3021 2543 3090 labores,
2577 3041 2886 3080 aerumnas
2919 3024 3010 3081 at-

389 3111 601 3168 Petrus
678 3111 719 3168 C
740 3111 1019 3169 alzolai
1098 3108 1428 3194 (Calzolari)
1494 3110 1672 3168 etiam
1728 3127 1844 3183 que
1865 3110 2271 3170 contumelias.
2303 3110 2395 3169 Ad
2418 3111 2792 3186 chiapensem
2811 3111 3009 3169 sedem

387 3200 604 3257 Petrus
635 3200 983 3259 Ricordatus
1016 3220 1123 3259 seu
1146 3200 1526 3258 Florentinus
1549 3200 1670 3258 dic·
1727 3198 2087 3268 nominatus,
2134 3200 2275 3258 licet
2302 3219 2335 3257 a
2366 3199 2765 3276 dignitatibus
2797 3200 3010 3258 abhor-

384 3293 506 3356 tus‚
542 3308 578 3345 a
608 3287 731 3348 loco
781 3290 969 3364 patrio
1018 3290 1081 3348 in
1112 3289 1354 3347 Etruria
1403 3289 1475 3347 de
1506 3290 1667 3365 Bug-
1726 3293 1905 3356 reret,
1938 3288 2072 3346 ideo
2109 3289 2351 3347 tandem
2401 3290 2717 3357 consensit,
2771 3294 2838 3347 ut
2883 3288 3007 3346 effi-

385 3377 566 3453 giano
586 3378 1056 3453 cognominatus,
1079 3378 1241 3436 unde
1257 3380 1431 3436 enata
1446 3379 1670 3437 occasio
1727 3376 1924 3434 cacius
1955 3377 2239 3435 Indorum
2273 3396 2510 3436 causam
2558 3395 2731 3453 agere
2772 3381 3005 3451 posset:

384 3466 587 3540 plures
620 3466 882 3542 fingendi
912 3468 1245 3543 scriptor-ea,
1288 3466 1512 3525 ordinis
1544 3469 1671 3525 erat
1727 3464 1831 3523 sed
1863 3466 2014 3523 male
2046 3485 2080 3523 a
2112 3466 2394 3541 Hispanis
2443 3485 2646 3523 earum
2696 3466 3007 3541 regionum

386 3573 431 3612 s.
464 3556 608 3613 Ben.
641 3572 839 3630 congr.
889 3574 1001 3614 cas.
1055 3557 1117 3615 in
1166 3555 1529 3615 monasterio
1560 3556 1667 3615 fio·
1726 3553 2124 3613 domitoribus
2157 3559 2436 3629 exceptus
2468 3557 2575 3614 est.
2644 3553 2904 3620 ²,Verum
2935 3558 3008 3611 ut

383 3643 621 3701 rentino
672 3661 715 3700 e.
750 3645 984 3712 Mariae,
1035 3645 1171 3704 dein
1221 3647 1383 3720 prior
1434 3645 1498 3702 in
1543 3663 1665 3703 mo·
1725 3646 1853 3701 erat
1913 3642 2004 3701 vir
2066 3643 2313 3702 infracto
2376 3660 2483 3718 pro
2523 3641 2764 3716 justitia
2808 3642 3005 3701 animo

383 3721 645 3790 nasterio
677 3751 918 3792 romano
970 3752 1012 3791 S.
1048 3734 1220 3792 Pauli
1268 3737 1437 3792 extra
1466 3752 1669 3792 muros
1724 3731 2087 3807 frontequea
2106 3732 2225 3790 Deo
2247 3732 2503 3790 donatus
2523 3749 2725 3789 eorum
2745 3731 3004 3800 duriore,

384 3817 446 3901 (†
507 3832 598 3883 11.
652 3822 787 3896 Maj.
846 3818 1054 3904 1580).
1109 3823 1356 3897 Scripsit
1404 3822 1669 3881 Historia
1726 3821 2114 3879 contumelias
2161 3840 2363 3879 omnes
2403 3838 2508 3896 pro
2541 3819 2775 3879 Christo
2806 3821 3004 3896 parvi-

387 3912 705 3969 monastica
755 3929 931 3971 overo
962 3911 1212 3969 Trattati
1264 3930 1370 3986 per
1400 3911 1574 3970 modo
1607 3912 1667 3969 di
1724 3908 1987 3984 pendens
2035 3928 2142 3984 pro
2194 3910 2322 3986 lege
2354 3910 2461 3969 Dei
2511 3911 2573 3967 et
2605 3910 2862 3968 Caesaris
2897 3912 3004 3967 im-

383 3999 650 4074 Dialogo,
675 3998 1005 4059 Florentiae
1035 4010 1190 4062 1561
1219 4001 1472 4071 3Romae
1503 4010 1663 4062 1575
1723 4000 1894 4073 pigre
1925 4001 1987 4056 et
2019 3997 2314 4074 intrepide
2329 3998 2557 4072 ubique
2573 4016 2678 4056 seu
2693 3999 2848 4073 apud
2867 4017 3004 4056 oves

382 4087 445 4145 in
480 4097 537 4148 4.
569 4087 659 4148 ed.
691 4093 868 4147 aucta
912 4093 973 4147 et
1002 4089 1329 4159 emendata,
1376 4107 1528 4164 quae
1560 4108 1666 4148 suo
1724 4086 1841 4144 sibi
1872 4086 2143 4156 creditaS,
2195 4106 2301 4146 seu
2351 4089 2414 4145 in
2463 4104 2743 4145 consessu
2775 4087 3003 4161 episco-

382 4181 649 4250 tempore
680 4177 1123 4236 aestimabatur.
1722 4194 1932 4250 porum
1967 4194 2071 4234 seu
2120 4195 2314 4234 coram
2362 4175 2770 4233 tribunalibus
2821 4176 3003 4251 regiis

1725 4264 1921 4323 astitit
1953 4265 2025 4322 ab
2059 4284 2106 4322 a.
2148 4271 2637 4328 1545—1547.‘
2673 4264 3004 4322 Fatendum

478 4363 577 4415 52.
641 4355 985 4414 Missionum
1048 4355 1357 4413 historiam
1419 4361 1669 4415 narrant
1723 4357 1917 4411 tamen
1968 4358 2057 4411 est
2105 4373 2241 4412 eum
2292 4352 2543 4412 subinde
2593 4352 3003 4411 vehementius

383 4441 781 4517 Hieronymus
843 4443 913 4502 de
977 4444 1359 4502 Mendieta
1409 4444 1471 4506 Ο.
1528 4446 1665 4503 Min.
1725 4443 1848 4500 suis
1880 4442 2166 4500 institisse
2217 4442 2477 4501 consiliis
2528 4445 2709 4517 atque
2741 4442 3001 4517 pruden-

385 4550 502 4607 reg.
566 4530 691 4589 obS.
758 4531 1155 4604 Victoriensis,
1219 4532 1538 4607 HispanuS,
1606 4534 1667 4591 in
1724 4531 1841 4589 tiae
1890 4549 2005 4588 non
2059 4531 2201 4588 satis
2253 4532 2532 4589 habuisse
2564 4531 2868 4590 rationem.
2933 4530 3002 4587 In

1803 4741 1840 4808 ¹)
1869 4736 2089 4790 Echard
2151 4737 2218 4801 ΙΙ,
2283 4741 2416 4804 192;
2480 4737 2664 4788 Briick
2715 4737 2827 4788 KL.
2884 4736 2999 4800 VII,

1725 4813 2095 4866 1437—1441.

459 4742 470 4773 ¹
520 4735 604 4791 Cf.
622 4734 929 4790 Goovaerts
947 4736 1231 4791 Ecrivains
1260 4778 1271 4790 .
1295 4779 1306 4790 .
1330 4779 1342 4793 .
1367 4737 1668 4792 del’Ordre

382 4805 454 4861 de
527 4807 807 4861 remontre
834 4807 902 4872 II,
929 4813 1031 4865 177
1060 4827 1100 4864 s.
