3625 5193
619 249 740 304 223

1342 235 1712 291 1581-1600.
1739 231 2004 302 Exegesis
2031 233 2089 285 in
2119 233 2409 303 Hispania.
2439 232 2527 297 Sa,

3104 250 3230 305 224

614 417 990 493 corrigendae
1022 416 1288 476 editioni.
1334 418 1477 476 Cum
1510 418 1720 477 deinde
1750 419 1887 494 plu·
1946 422 2331 492 fessariorum
2396 440 2463 478 ex
2533 419 2842 478 doctorum
2916 420 3230 478 sententiis

613 527 705 565 res
739 525 922 565 annos
954 506 1086 565 aliis
1118 507 1183 565 in
1212 507 1421 565 Italiae
1472 507 1724 566 urbibus
1756 526 1888 566 exe-

611 597 814 672 gisset,
834 615 952 655 non
982 595 1130 654 citra
1158 596 1495 655 sanctitatis
1513 596 1726 654 famam
1745 595 1889 654 emi-

611 686 806 761 gravit
867 704 935 742 ex
981 685 1089 743 hac
1148 685 1270 743 vita
1331 687 1560 744 Aronae
1605 695 1703 747 30.
1754 685 1889 743 Dec.

620 785 801 837 1596.
866 774 1164 842 ‚Omnino
1210 775 1304 833 vir
1346 774 1480 843 fuit,
1529 773 1728 849 inquit
1759 773 1889 831 bib-

611 863 863 922 liotheca
911 862 1123 938 Script.
1175 863 1230 925 S.
1280 862 1354 932 J„
1418 863 1579 921 inter
1626 863 1890 921 illustres

609 955 846 1011 nostrae
908 952 1206 1011 societatis
1270 952 1535 1010 homines
1604 952 1886 1020 eminenS,

557 1094 560 1097 .
608 1046 679 1099 nt
710 1061 846 1100 vere
875 1041 1170 1117 primitias
1203 1041 1454 1117 spiritus
1491 1041 1768 1099 habuisse
1799 1043 1889 1097 at-

610 1150 724 1205 que
756 1131 829 1188 ab
863 1130 994 1204 ipso
1036 1132 1305 1189 nostrum
1350 1130 1615 1188 omnium
1646 1131 1890 1206 parente

610 1220 840 1294 Ignatio
871 1219 1152 1294 pietatem
1185 1219 1482 1278 exsuxisse
1515 1221 1886 1295 appareret‘

609 1309 868 1383 Reliquit
928 1307 1227 1366 doctrinae
1289 1327 1427 1366 suae
1475 1312 1887 1367 monumenta:

609 1398 844 1456 Scholia
908 1399 971 1454 in
1031 1400 1070 1456 4
1137 1398 1449 1473 Evanyelia
1525 1415 1595 1455 ex
1658 1396 1888 1455 selectis

608 1485 915 1544 doctorum
948 1504 1246 1544 sacrorum
1293 1486 1607 1545 sententiis
1641 1485 1888 1544 collecta

658 1619 669 1631 .
705 1620 716 1631 .
783 1574 981 1632 addita
1041 1578 1102 1633 et
1150 1574 1440 1649 quaedam
1492 1574 1564 1632 ab
1627 1577 1883 1645 auctore,

608 1663 985 1738 Antwerpiae
1014 1673 1176 1725 1596
1200 1668 1261 1721 et
1280 1664 1531 1740 saepiuS,
1565 1682 1714 1738 quae
1749 1682 1886 1721 vere

608 1771 846 1810 auream
878 1752 1205 1812 catenulam
1238 1753 1426 1828 possis
1460 1753 1774 1828 appellare,
1801 1752 1887 1809 ait

607 1841 966 1900 bibliotheca
980 1859 1160 1916 supra
1186 1841 1441 1900 laudata.
1473 1842 1806 1899 Notationes
1823 1842 1883 1898 in

608 1938 784 1988 totam
847 1930 1214 2004 Scripturam
1276 1950 1342 2007 s.,
1407 1930 1626 2005 quibus
1687 1930 1885 1989 omnia

607 2020 727 2078 fere
759 2021 887 2078 loca
919 2018 1182 2078 difficilia
1213 2019 1555 2078 brevissime
1588 2019 1884 2094 explican-

607 2112 724 2179 tur,
758 2108 1134 2183 Antwerpiae
1163 2118 1326 2172 1608
1360 2113 1422 2167 et
1452 2108 1686 2183 saepius
1719 2108 1882 2177 alibi,

606 2197 784 2255 etiam
817 2198 881 2255 in
911 2197 1108 2255 Biblia
1140 2217 1354 2274 magna
1401 2197 1570 2272 Haji
1616 2200 1886 2272 receptae

614 2296 798 2358 1643,
841 2296 1025 2350 1660.
1056 2287 1168 2345 Eas
1200 2286 1496 2345 tironibus
1517 2287 1727 2362 iisque,
1749 2286 1885 2361 qui-

603 2375 718 2433 bus
752 2376 1224 2452 perfunctorium
1253 2379 1489 2434 tantum
1534 2395 1579 2433 a.
1616 2375 1886 2451 Scriptu-

606 2484 702 2523 rae
754 2464 1024 2523 studium
1069 2464 1458 2540 permittitur,
1532 2464 1885 2522 utilissimas

605 2553 750 2612 dicit
783 2548 1211 2633 Calmet1).1ta
1259 2553 1439 2612 etiam
1491 2551 1709 2625 Simon,
1761 2552 1883 2612 Du·

605 2643 739 2717 pin,
832 2643 1031 2700 Andre
1120 2655 1182 2699 et
1275 2637 1526 2720 Feller2)
1598 2642 1887 2716 judicant.

604 2731 682 2788 Et
725 2750 932 2789 revera
979 2730 1366 2787 brevissimae
1417 2733 1560 2788 sunt
1604 2733 1665 2788 et
1697 2749 1885 2805 quan·

606 2817 799 2894 doque
845 2822 1051 2877 auctor
1107 2818 1286 2876 verbo
1345 2818 1672 2877 obscuriori
1733 2838 1883 2877 non-

604 2908 723 2966 nisi
753 2907 975 2965 clarius
1010 2906 1330 2965 substituit
1361 2906 1627 2965 verbum.
1681 2907 1885 2966 Utilis-

607 2996 742 3054 simi
775 3014 1011 3071 quoque
1045 2998 1187 3053 sunt
1219 2997 1346 3070 ejus
1394 2996 1716 3068 aphorismi
1752 3015 1885 3054 con-

683 3225 720 3290 ι)
751 3223 812 3273 In
839 3220 1100 3276 biblioth.
1128 3238 1300 3275 sacra.

677 3297 720 3364 ²)
747 3292 942 3346 Simon
959 3292 1040 3345 ita
1054 3293 1227 3346 habet
1241 3292 1383 3345 Hist.
1401 3293 1522 3346 crit.
1540 3293 1618 3346 du
1636 3292 1706 3348 N.
1724 3292 1785 3348 T.
1799 3295 1886 3350 ch.

603 3368 672 3419 42
694 3386 705 3417 :
758 3363 941 3426 „Ceux
968 3364 1066 3431 qui
1110 3364 1397 3418 n'aiment
1421 3364 1587 3432 point
1612 3364 1693 3417 les
1718 3364 1886 3434 longs

605 3435 1030 3490 commentaires
1070 3438 1143 3489 ou
1184 3434 1227 3489 il
1266 3452 1302 3503 y
1341 3451 1376 3488 a
1413 3437 1541 3488 bien
1569 3436 1667 3489 des
1693 3435 1887 3490 choses

604 3505 854 3570 inutiles,
882 3507 1118 3561 doivent
1153 3507 1441 3560 consulter
1478 3506 1558 3560 les
1586 3507 1885 3561 Scoliastes

604 3581 660 3631 et
698 3581 857 3632 entre
897 3581 1087 3632 autres
1126 3579 1455 3633 Emmanuel
1484 3579 1585 3640 Sa,
1622 3579 1885 3632 Francois

605 3647 742 3702 Luc
769 3649 850 3703 de
879 3649 1160 3718 Bruges
1187 3652 1245 3702 et
1268 3649 1410 3702 Jean
1436 3649 1786 3702 Mariana.
1809 3648 1885 3703 Le

608 3720 865 3787 premier,
908 3720 1007 3786 qui
1053 3721 1094 3772 s'
1112 3720 1380 3788 applique
1429 3721 1804 3774 entierenient
1854 3723 1887 3774 a

605 3791 834 3843 trouver
858 3790 911 3844 le
939 3807 1065 3843 sens
1090 3790 1302 3843 litteral
1329 3793 1416 3844 est
1439 3796 1629 3845 exact:
1675 3792 1816 3844 mais
1843 3791 1888 3844 il

607 3863 750 3914 n'est
773 3877 876 3928 pas
896 3878 1047 3914 assez
1069 3861 1297 3922 etendu,
1321 3862 1382 3914 ni
1405 3865 1583 3915 meme
1603 3878 1754 3915 assez
1782 3862 1886 3915 cri-

607 3932 814 4000 tiques·
847 3933 928 3991 Cf.
957 3932 1100 3986 Hist.
1129 3933 1251 3986 crit.
1290 3932 1367 3986 du
1395 3931 1465 3984 N.
1494 3932 1556 3984 T.
1582 3933 1617 3986 l.
1645 3937 1695 3989 3.
1725 3950 1768 3985 c.
1798 3938 1883 3989 11.

606 4001 787 4056 Feller
824 4019 954 4056 vero
997 4002 1189 4056 scribit
1217 4003 1338 4067 Vll,
1367 4007 1500 4059 368:
1554 4005 1687 4065 „Ces
1727 4007 1887 4058 notes

606 4092 699 4126 sur
727 4074 782 4125 la
807 4073 966 4128 Bible
994 4076 1126 4126 sont
1150 4077 1368 4128 courtes
1395 4077 1452 4127 et
1493 4074 1800 4136 litterales;
1844 4075 1885 4129 il

604 4163 642 4212 y
667 4161 735 4198 en
761 4161 794 4197 a
822 4161 900 4196 un
925 4144 1106 4212 grand
1149 4146 1398 4209 nombre,
1440 4145 1542 4212 qui
1583 4146 1723 4199 dans
1763 4147 1887 4199 leur

1949 509 2195 578 collecti,
2243 509 2474 567 fructus
2519 509 2706 567 studii
2775 519 2855 570 40
2912 529 3230 568 annorum:

1949 617 2125 674 quam
2158 598 2486 656 utilitatem
2532 601 2835 656 testantur
2887 598 3230 657 innumerae

1949 687 2268 756 editiones;
2315 705 2518 745 earum
2567 686 2731 746 ultra
2780 687 3045 763 triginta,
3079 707 3231 762 quae

1948 775 2301 851 prodierunt
2332 777 2519 851 spatio
2542 776 2794 852 triginta
2813 794 3120 843 annorum,
3139 795 3230 834 re-

1947 868 2147 923 censet
2180 862 2484 943 Backer1).
2518 865 2852 924 Fatendum
2896 870 3095 922 tamen
3140 870 3230 923 est

1946 955 2174 1029 priores
2191 954 2480 1012 editiones
2499 955 2684 1011 fuisse
2705 954 3055 1029 prohibitae,
3072 993 3099 1022 ‚
3112 954 3228 1012 nisi

1947 1043 2166 1101 fuerint
2201 1062 2268 1102 ex
2302 1043 2581 1101 correctis
2606 1043 2779 1118 juxta
2810 1043 2899 1101 ed.
2926 1061 3227 1101 romanam

1945 1152 1996 1192 a.
2037 1141 2200 1194 1602
2251 1128 2426 1213 (decr.
2467 1143 2518 1195 7.
2553 1133 2706 1208 Aug.
2748 1128 3001 1211 1603).‹
3050 1132 3230 1190 Nuua

1947 1224 2146 1279 tamen
2166 1225 2427 1280 correcta
2440 1221 2741 1296 prodierat
2760 1241 2809 1279 a.
2839 1229 3024 1289 1602,
3042 1221 3231 1296 prima

1948 1315 2210 1368 correcta
2240 1310 2461 1386 prodiit
2492 1330 2539 1368 a.
2581 1319 2766 1373 1608.
2804 1310 2878 1367 Μ.
2899 1310 3227 1368 Brasichel·

1945 1400 2126 1457 lensis
2161 1400 2342 1457 nimio
2375 1391 2496 1457 zelo
2529 1404 2590 1457 et
2621 1399 2897 1457 libertate
2935 1417 3063 1457 eam
3102 1416 3227 1456 cor-

1944 1489 2095 1547 rexit
2126 1489 2191 1546 in
2220 1490 2383 1546 ultra
2406 1492 2646 1546 centum
2668 1488 2809 1547 locis
2820 1484 2888 1567 2).
2906 1488 3075 1545 Ratio
3096 1506 3227 1562 pro·

1945 1577 2252 1636 bibitionis
2284 1578 2600 1653 praecipua
2631 1576 2765 1645 fuit,
2799 1576 2961 1651 quod
3004 1576 3230 1634 faveret

1943 1667 2295 1726 confessioni
2317 1686 2421 1742 per
2442 1666 2756 1741 epistolam
2767 1665 3001 1723 absenti
3020 1667 3223 1724 factae.

1944 1757 2012 1813 In
2033 1754 2667 1814 recentissimalndicis
2685 1755 2822 1813 edit.
2845 1751 2903 1835 (1
2918 1749 3071 1834 900)
3090 1754 3228 1812 haec

1943 1845 2209 1904 clausula
2242 1846 2482 1904 sublata
2513 1844 2648 1901 fuit.
2681 1843 2881 1902 Editio
2907 1843 3228 1902 meliorest

1944 1952 2028 2003 ea,
2042 1952 2219 2008 quam
2238 1934 2470 1992 curavit
2491 1932 2753 1992 Andreas
2765 1932 3074 1990 Victorelli
3086 1934 3226 2008 jux-

1942 2025 2004 2080 ta
2035 2025 2363 2081 correctum
2381 2041 2689 2081 romanum
2706 2021 3017 2096 exemplar,
3030 2022 3134 2096 qui
3155 2020 3227 2078 li·

1944 2111 2163 2171 bellum
2180 2113 2411 2170 auxitet
2423 2110 3038 2186 illustravitLugduni
3061 2120 3170 2173 161
3188 2119 3223 2171 2

1943 2207 2051 2259 etc.
2087 2200 2281 2276 Hujus
2314 2201 2505 2276 operis
2524 2201 2756 2259 ratione
2776 2199 2936 2257 inter
2958 2204 3226 2257 auctores

1942 2292 2227 2371 classicos,
2273 2290 2377 2365 qui
2423 2289 2495 2348 de
2541 2289 2807 2348 moribus
2839 2289 3224 2364 scripserunt,

1942 2379 2147 2437 referri
2179 2380 2391 2455 potest.

2037 2531 2135 2582 99.
2171 2520 2298 2589 Quo
2330 2521 2626 2579 breviores
2659 2520 2839 2595 hujus
2887 2518 3227 2594 interpretis

1944 2611 2280 2670 notationes
2313 2612 2374 2668 in
2407 2611 2749 2670 universam
2773 2609 3142 2685 Scripturam
3162 2625 3224 2678 s.,

1944 2719 2011 2758 eo
2044 2700 2386 2774 prolixiores
2408 2703 2553 2758 sunt
2571 2698 2980 2757 commentarii
2999 2717 3102 2755 seu
3122 2716 3226 2772 po·

1944 2788 2068 2846 tius
2116 2789 2562 2847 dissertationes
2610 2787 2899 2862 Alphonsi
2952 2786 3226 2844 Salme·

1943 2877 2156 2935 ronis
2191 2877 2245 2940 S.
2277 2877 2331 2935 J.
2365 2879 2428 2934 in
2461 2879 2531 2935 N.
2555 2877 2619 2936 T.
2650 2876 2789 2934 Fuit
2822 2876 2869 2933 is
2900 2876 3095 2951 patria
3114 2875 3224 2932 To·

1944 2966 2192 3034 letenna,
2228 2967 2330 3041 qui
2362 2967 2507 3024 dum
2528 2965 2768 3023 Parisiis
2790 2963 3225 3041 philosophicas

1944 3058 2005 3113 et
2035 3055 2399 3131 theologicas
2432 3056 2754 3131 diligenter
2786 3053 3070 3112 excoleret
3106 3051 3224 3110 dis-

1944 3144 2208 3218 ciplinas,
2244 3162 2287 3202 s.
2321 3144 2554 3220 Ignatio
2587 3143 2812 3201 socium
2847 3161 2908 3201 se
2940 3141 3225 3216 adjunxit.

1946 3233 2225 3290 Maximae
2257 3232 2468 3290 deinde
2499 3251 2563 3290 ac
2595 3232 3005 3290 celeberrimas
3037 3231 3224 3288 totius

1944 3321 2152 3379 Italiae
2185 3321 2456 3379 civitates
2503 3320 2883 3379 concionibus
2932 3337 2997 3377 ac
3044 3318 3224 3377 sacris

1943 3411 2301 3468 lectionibus
2335 3410 2694 3479 illustravit3
2730 3410 3022 3485 plurimas
3056 3427 3119 3465 ac
3139 3408 3224 3464 la-

1943 3499 2201 3558 boriosas
2232 3499 2739 3574 peregrinationes
2773 3498 2876 3556 Dei
2897 3516 3075 3556 cansa
3095 3514 3224 3554 sus-

1942 3588 2117 3663 cepit.
2152 3589 2222 3646 In
2255 3588 2621 3665 superiorem
2645 3590 2705 3644 et
2725 3587 3063 3645 inferiorem
3084 3585 3224 3643 Ger-

1942 3677 2213 3747 maniam,
2247 3677 2311 3735 in
2352 3677 2655 3735 Poloniam
2685 3677 2829 3733 item
2875 3679 2934 3733 et
2980 3673 3225 3732 Galliam

1944 3765 2276 3841 legatorum
2310 3765 2750 3841 pontificiorum
2785 3783 2976 3823 comes
2998 3764 3129 3821 snit.
3154 3762 3225 3818 In

2021 3939 2056 4006 ι)
2074 3934 2473 4002 Bibliotheque
2490 3935 2588 3999 111,
2603 3939 2709 3990 445
2726 3953 2785 4006 s.;
2809 3934 2987 3987 Feller
3001 3932 3085 3986 ita
3099 3930 3224 3985 scri-

1940 4007 2042 4059 bit:
2060 4050 2084 4070 „
2093 4006 2193 4060 Les
2205 4007 2553 4060 confesseurs
2563 4023 2601 4073 y
2613 4008 2775 4059 trouv
2783 4012 2879 4059 ent
2897 4005 2931 4057 d
2940 4003 3223 4058 ’excellen-

1940 4080 2025 4131 tes
2040 4078 2238 4146 regles‚
2262 4077 2429 4130 fruit-s
2456 4077 2524 4130 de
2544 4077 2583 4129 l’
2599 4077 2945 4145 experience,
2975 4075 3053 4129 du
3064 4076 3224 4143 juge·

1942 4153 2098 4202 ment
2108 4151 2167 4202 et
2180 4148 2247 4202 de
2264 4148 2321 4202 la
2338 4148 2513 4202 solide
2528 4149 2683 4217 piete
2701 4148 2768 4201 de
2782 4149 3046 4201 l'auteur.
3068 4147 3223 4199 L'ou-

607 4216 855 4269 brievete
881 4214 1098 4282 jettent
1123 4216 1256 4284 plus
1281 4217 1350 4270 de
1369 4217 1506 4286 jour
1534 4234 1629 4270 sur
1652 4218 1704 4271 le
1731 4218 1885 4272 texte
1939 4237 2108 4288 vrage
2134 4222 2285 4273 n'est
2311 4237 2413 4288 pas
2453 4220 2508 4272 d’
2524 4220 2697 4273 abord
2723 4220 2860 4273 sorti
2883 4219 2950 4272 de
2984 4235 3045 4271 sa
3071 4215 3224 4269 main

607 4288 758 4340 sacre
785 4288 841 4341 et
867 4288 1172 4340 terminent
1197 4287 1388 4341 mieux
1417 4287 1483 4341 de
1513 4289 1752 4355 grandes
1778 4288 1883 4343 dif-

606 4359 838 4422 ficultes,
868 4375 974 4425 que
990 4358 1057 4411 de
1085 4359 1242 4427 longs
1272 4360 1744 4413 commentaires.·⁶
1775 4359 1884 4412 Du-

607 4427 707 4497 pin
736 4429 925 4498 (xvn,
955 4433 1079 4499 130)
1101 4451 1111 4482 ε
1160 4430 1240 4483 De
1266 4433 1392 4483 tous
1416 4429 1496 4484 les
1523 4431 1885 4484 commentai-

1941 4292 2021 4345 tel
2048 4308 2158 4358 que
2186 4309 2328 4344 nous
2355 4291 2407 4344 le
2432 4308 2662 4359 voyons,
2683 4290 2738 4344 le
2758 4293 2962 4343 maitre
2978 4288 3056 4341 du
3073 4287 3223 4341 sacre

1940 4361 2124 4430 palais
2141 4380 2211 4416 en
2228 4365 2406 4429 ayant
2421 4362 2529 4415 fait
2547 4364 2799 4430 changer
2816 4378 2889 4415 on
2900 4360 3225 4415 retrancher

1941 4451 2018 4485 un
2060 4434 2276 4487 certain
2301 4434 2532 4487 nombre
2575 4433 2641 4486 de
2683 4432 2973 4496 decisione,
3016 4430 3115 4499 qui
3141 4429 3222 4483 lui

606 4517 692 4552 res
718 4517 815 4552 sur
841 4500 878 4553 l'
897 4499 1145 4554 Ecriture
1173 4500 1214 4553 il
1241 4503 1335 4568 n'y
1356 4518 1423 4554 en
1440 4518 1473 4554 a
1490 4502 1655 4570 point
1669 4502 1735 4555 de
1751 4502 1885 4570 plus
1940 4504 2315 4572 paraissaient
2340 4507 2382 4557 s'
2400 4504 2656 4573 eloignei·
2682 4504 2777 4557 des
2804 4520 2837 4558 o
2881 4502 3068 4557 inions
3082 4517 3222 4554 com·

605 4573 779 4632 court,
808 4571 868 4623 ni
885 4571 951 4624 de
970 4570 1100 4639 plus
1126 4572 1413 4624 commode
1440 4589 1575 4639 ques
1603 4572 1683 4625 les
1711 4572 1883 4626 Notes
1940 4576 2272 4630 munement
2296 4592 2491 4640 rccues
2520 4575 2703 4645 parmi
2720 4576 2844 4628 lest
2886 4574 3218 4644 eologiens.“

607 4641 674 4694 de
701 4641 761 4694 E.
791 4642 863 4695 Sa
890 4683 900 4695 .
931 4683 942 4695 .
971 4683 983 4695 .
1013 4643 1114 4709 qni
1141 4643 1471 4711 s'applique
1511 4643 1883 4696 entierement

2015 4649 2053 4708 2]
2082 4648 2144 4699 ln
2184 4663 2286 4702 sno
2328 4641 2515 4700 Indice
2543 4646 2602 4699 ll.
2646 4645 3136 4716 expurgandorum
3162 4642 3220 4694 in

608 4715 641 4766 a
667 4715 892 4766 trouver
918 4713 968 4766 le
1008 4730 1134 4766 sens
1159 4712 1374 4766 litteral
1403 4731 1470 4766 en
1500 4731 1610 4782 peu
1637 4715 1705 4767 de
1737 4718 1885 4767 mots
1940 4717 2324 4772 studiosorum
2387 4718 2630 4786 gratiam
2675 4719 2949 4780 confectO,
3013 4715 3222 4769 Romae

606 4785 663 4837 et
688 4784 867 4837 d’une
895 4785 1143 4838 maniere
1171 4783 1700 4855 tres-intelligible.“

1942 4792 2096 4845 1607.
2126 4807 2181 4858 p.
2208 4783 2488 4858 347—70;
2517 4790 2586 4842 cf.
2619 4788 2840 4843 Reuseh
2872 4789 2942 4852 ΙΙ,
2968 4791 3087 4844 312.
