3625 5193
424 327 551 381 837

705 307 955 362 Historia
983 307 1268 365 ordinum.
1295 308 1729 378 Mozzagrugno‚
1756 309 2095 376 StellartiuS‚
2126 311 2444 377 Crusenius‚
2473 310 2755 378 Marqnez.

2927 329 3048 382 838

421 497 500 557 ib.
547 505 701 557 1621
757 495 816 552 in
869 503 921 555 8.
965 528 1032 536 —
1075 494 1207 552 Jam
1259 498 1432 552 antea
1479 494 1714 552 Gabriel
1768 497 2077 568 religionis
2102 501 2297 556 status
2326 497 2606 555 aChristo
2639 497 2957 555 institutus
2980 497 3052 555 ad

419 585 495 642 de
545 584 606 642 la
657 584 1072 642 Charlonie
1123 579 1484 663 (Carlonius)
1549 583 1708 640 exhi·
1768 585 1865 643 IV.
1900 605 2091 661 usque
2123 605 2229 644 sec.
2252 586 2602 661 producitur
2634 589 2694 644 et
2726 604 2925 644 omnes
2957 605 3050 645 or-

427 673 641 732 buerat
686 674 1111 750 enyolismenses
1152 673 1443 745 episcopos
1451 715 1470 745 ,
1517 671 1711 749 Engo·
1770 674 1975 733 diuum
1999 675 2376 751 postmodum
2411 676 2770 751 conscriptae
2791 674 3053 750 promul-

426 763 632 820 lismae
671 771 834 825 1597
885 761 948 819 in
983 772 1035 822 4.
1084 762 1270 818 Auxit
1318 779 1553 835 quoque
1603 761 1710 818 Re·
1767 767 2006 841 gantur,
2042 764 2226 823 Duaci
2258 774 2419 827 1626
2455 764 2520 822 10
2556 775 2625 834 4;
2661 765 2898 822 annales
2932 782 3052 820 mo-

425 853 567 909 cueil
598 870 665 908 en
707 853 891 925 forme
921 849 980 907 d’
1004 849 1258 908 Histoire
1291 849 1362 908 de
1395 850 1456 907 la
1480 849 1622 907 ville
1653 852 1715 907 et
1767 855 2005 910 nastici.
2040 853 2161 911 sive
2225 853 2606 928 chronologia
2648 853 2710 910 ll.
2757 852 2914 910 XVII
2961 856 3052 911 to·

427 941 526 998 des
554 945 773 999 comtes
789 938 1230 1014 d'Engouleme‚
1253 941 1491 997 auctore
1510 938 1709 997 Franc.

421 1029 1095 1090 0011100111.1629,
1147 1036 1331 1090 1631.
1368 1060 1449 1070 —
1488 1027 1714 1102 Hippo-

425 1119 588 1194 lytus
643 1115 1231 1176 Donesmundus
1283 1116 1346 1177 O.
1403 1117 1454 1175 S.
1505 1116 1710 1174 Franc.

427 1208 785 1266 Mantuanus
835 1207 1029 1264 italice
1079 1205 1344 1263 narravit
1404 1205 1710 1263 historiam

423 1295 880 1354 ecclesiast-icam
903 1294 1129 1371 patriae
1164 1312 1304 1352 suae
1337 1294 1397 1353 ll.
1429 1305 1522 1364 10,
1549 1295 1710 1352 Man-

423 1389 563 1443 tuae
597 1394 779 1446 1612.
801 1418 888 1426 —
908 1383 1167 1442 Jacobus
1190 1382 1438 1441 Merck
1473 1383 1711 1459 scripsit

426 1474 683 1532 Cleronik·
727 1474 824 1531 des
870 1471 1222 1531 Bistthumbs
1268 1471 1552 1530 Constans
1584 1471 1637 1529 d.
1674 1472 1708 1528 i.

422 1563 557 1621 eine
608 1563 819 1620 kurtze
872 1560 1313 1635 Bescbreibung
1364 1561 1512 1618 aller
1563 1561 1709 1619 Con·

427 1652 823 1710 stantzischen
854 1649 1183 1709 Bischoffen
1219 1650 1329 1706 wie
1383 1649 1504 1706 und
1536 1668 1708 1706 wann

415 1740 588 1816 jeder
621 1740 881 1799 Bischoff
917 1740 1150 1815 regiert‚
1200 1757 1318 1795 was
1364 1739 1485 1796 sich
1534 1742 1712 1796 unter

427 1828 588 1905 jeder
638 1829 978 1906 Regis-:rung
1026 1825 1482 1903 denkwiirdiges
1537 1846 1709 1904 zuge-

421 1923 634 1994 tragen
685 1919 831 1977 hab.
885 1916 1261 1975 constantiae
1326 1926 1510 1986 1627,
1566 1915 1712 1973 liber

428 2026 613 2064 rarus
635 2041 718 2049 —
751 2007 912 2064 Vetas
945 2008 1332 2080 episcoporum
1357 2006 1712 2077 plocensium

424 2099 628 2153 narrat
662 2096 993 2154 Stanislaus
1026 2093 1454 2152 Lubienski
1505 2113 1571 2150 ex
1605 2113 1708 2151 an-

426 2186 595 2260 tiqua
625 2190 684 2243 et
717 2185 906 2244 nobili
937 2184 1214 2260 prosapia
1245 2187 1430 2250 01105,
1465 2181 1571 2257 qui
1605 2183 1709 2238 ho-

1768 941 2070 1017 tidemque
2122 943 2337 1001 seculis
2389 941 2696 1011 distincta,
2750 942 2828 999 ib.
2884 950 3046 1002 1627

1768 1031 1832 1088 10
1868 1041 1937 1101 4;
1970 1032 2039 1088 de
2070 1033 2297 1090 coronis
2315 1039 2363 1088 et
2396 1033 2650 1089 tonsuris
2668 1048 3049 1107 paganorum,

1767 1119 2131 1179 «ludaeorum
2177 1124 2238 1178 et
2269 1120 2743 1179 Christianorum
2773 1119 2835 1177 ll.
2874 1127 2929 1188 2,
2973 1119 3052 1181 ib.

1777 1217 1961 1270 1625.
2013 1209 2188 1267 Hisce
2220 1212 2417 1266 tamen
2449 1208 2726 1284 operibus
2760 1207 2926 1266 deest
2949 1209 3049 1283 ju·

1768 1296 1987 1356 dicium
2035 1298 2325 1355 criticum.
2375 1296 2573 1374 Ipsius
2616 1316 2736 1356 non
2782 1300 2872 1354 est
2903 1314 3050 1371 opus

1770 1386 2127 1462 inscriptum
2160 1383 2364 1467 (Henr‘.
2397 1386 2751 1444 Lancillotto
2783 1385 3052 1444 tribuen-

1768 1471 1936 1554 dum)
1974 1475 2249 1533 Paralleli
2281 1473 2570 1533 LXXIII
2595 1476 2911 1550 Anqustae'ni
2952 1493 3047 1534 ro-

1770 1566 2249 1623 mano-catholici
2308 1571 2358 1622 et
2416 1565 3055 1641 Auyustino-mastiyis

1766 1653 2054 1729 haeretici,
2090 1654 2309 1728 quibus
2330 1653 2654 1711 orthodoxa
2686 1652 2739 1709 d.
2766 1653 3049 1728 Augusti-

1767 1742 1831 1800 ni
1870 1746 1929 1799 et
1973 1743 2206 1801 novella
2251 1741 2635 1800 sectariorum
2682 1741 2943 1800 doctrina
2989 1761 3053 1802 ac

1767 1830 1913 1888 fides
1946 1849 2015 1888 ex
2059 1831 2346 1889 diametro
2380 1831 2717 1907 opponitur,
2766 1831 2845 1893 ib.
2886 1841 3049 1894 1618

1768 1921 1831 1977 10
1867 1929 1920 1982 8.
1955 1953 2040 1961 ——
2073 1920 2217 1994 Eju's
2269 1920 2486 1978 sodalis
2538 1920 2820 1977 Nicolaus
2873 1920 3051 1978 Cru-

1768 2010 2019 2068 senius
2048 2008 2436 2083 Trajectensis
2457 2053 2469 2076 ‚
2509 2008 2785 2067 visitator
2819 2012 3053 2084 aposto·

1769 2098 1915 2155 licus
1949 2097 2068 2155 ord.
2112 2097 2703 2173 praemonstratensis
2744 2116 2849 2172 per
2880 2098 3052 2155 Flan-

1769 2185 1973 2256 driam,
1993 2185 2436 2244 commissarius
2452 2186 2742 2261 generalis
2757 2205 2861 2261 per
2875 2187 3052 2244 Bava-

427 2274 684 2331 norificis
761 2272 1109 2332 muneribus
1173 2274 1380 2329 auctus
1457 2271 1712 2329 decessit
1767 2276 1934 2344 riam,
1969 2275 2247 2333 visitator
2281 2294 2385 2350 per
2418 2274 2778 2342 Bohemiam.
2816 2275 3052 2332 Austri-

421 2363 734 2438 episcopus
800 2361 1096 2438 plocensis
1147 2381 1196 2422 a.
1257 2369 1420 2422 1640
1485 2360 1709 2418 relictis
1766 2384 1861 2421 am
1908 2369 1968 2421 et
2001 2363 2276 2440 Styriam,
2324 2362 2693 2420 Ferdinando
2727 2362 2800 2419 11.
2834 2382 2866 2419 a
2913 2380 3049 2420 con-

423 2451 558 2509 aliis
593 2452 886 2527 operibus,
921 2469 1070 2525 quae
1098 2449 1344 2507 collecta
1363 2449 1712 2524 prodierunt
1769 2452 1923 2510 siliis
1970 2456 2031 2510 et
2078 2452 2593 2528 historiographus
2645 2469 2948 2509 caesareus
2993 2448 3054 2531 (†

423 2538 1710 2617 ,1111001ρὶ1101643111100111631130011111111.
1778 2552 1870 2604 10.
1906 2541 2050 2601 Nov.
2091 2536 2301 2624 1629),
2338 2540 2671 2617 composuit
2696 2539 3051 2599 monasticon

1768 2633 2259 2707 auytcstinianum,
2326 2631 2385 2688 in
2434 2649 2551 2705 quo
2615 2631 2879 2689 omnium
2931 2631 3052 2688 ord.

521 2729 663 2780 350.
697 2718 1351 2777 Monasteriorum
1386 2718 1477 2774 vel
1511 2716 1706 2774 ordi·
1767 2720 1877 2778 sub
1919 2719 1973 2777 d.
2026 2720 2352 2796 Augustini
2398 2720 2606 2795 regula
2651 2718 3052 2789 militantium,

428 2826 589 2866 num
613 2807 913 2866 historiam
936 2807 1321 2865 illustrarunt
1342 2806 1496 2863 haud
1520 2805 1708 2880 pauci.
1767 2808 2082 2885 praecipue
2106 2816 2306 2867 tamen
2324 2809 2722 2877 eremitarum,
2740 2827 2865 2866 can.
2889 2828 3052 2884 prae·

417 2896 718 2972 Josephus
761 2897 817 2953 M
841 2915 873 2954 o
896 2916 923 2953 z
944 2916 971 2953 z
993 2916 1024 2953 a
1044 2916 1084 2972 g
1105 2915 1133 2952 r
1152 2914 1192 2952 u
1214 2914 1252 2970 g
1272 2914 1311 2952 0
1333 2913 1365 2952 0
1418 2913 1539 2951 can.
1585 2914 1708 2969 reg.
1769 2898 2315 2965 monstratensium,
2346 2897 2885 2965 Dominieanorum‚
2922 2898 3053 2955 Ser-

424 3004 497 3044 SS.
532 2986 684 3045 Salv.
719 2990 778 3043 et
812 2986 994 3043 abbas
1046 2984 1285 3058 collegit
1316 2984 1710 3041 narrationem
1766 3005 1975 3044 vorum
1999 2988 2052 3043 b.
2074 2987 2250 3055 MN..
2276 2986 3054 3061 Hieronymianorum‚Am-

425 3093 620 3132 rerum
650 3082 947 3149 yestarum
980 3071 1386 3131 canonicorum
1421 3074 1610 3149 requl„
1648 3072 1707 3129 in

420 3182 541 3238 qua
573 3166 805 3237 praetor
838 3181 1039 3221 eorum
1073 3162 1360 3237 originem
1396 3210 1408 3221 .
1446 3206 1457 3217 .
1496 3205 1507 3215 .
1542 3180 1705 3234 prae-

422 3252 771 3321 cellentiam.
796 3251 1241 3309 reformationes
1264 3251 1322 3307 in
1344 3250 1706 3318 universum,

420 3344 736 3416 praecipue
771 3343 1154 3398 recensentur
1205 3339 1545 3396 reformatio
1579 3338 1707 3412 ejus

421 3430 542 3489 ord.
592 3447 715 3487 can.
763 3449 881 3506 reg.
930 3428 1400 3505 congregationis
1447 3447 1521 3485 ss.
1557 3426 1707 3485 Salv.

417 3520 488 3577 Ο.
537 3520 590 3576 S.
641 3521 812 3594 Aug,
868 3536 1096 3577 necnon
1147 3517 1473 3593 privilegia,
1527 3517 1706 3591 leges,

420 3608 534 3665 viri
567 3607 716 3664 clari
763 3626 830 3664 ex
884 3606 1313 3682 probatissimis
1363 3605 1707 3663 auctoribus

417 3704 530 3754 etc.
565 3696 622 3754 ll.
662 3704 717 3765 8,
769 3695 1027 3754 Venetiis
1087 3703 1266 3762 1622,
1319 3697 1518 3751 tamen
1565 3694 1710 3750 olim

421 3785 724 3861 prohibita
799 3793 962 3847 1624
985 3830 997 3854 ,
1061 3785 1097 3840 l.
1165 3802 1353 3841 rarus.
1417 3815 1499 3825 -—-
1565 3783 1706 3840 Pro·

419 3873 610 3932 hibita
664 3872 854 3932 adhuc
908 3877 998 3931 est
1049 3891 1115 3930 ex
1165 3874 1360 3931 eadem
1415 3872 1564 3929 forte
1614 3891 1703 3927 ra-

417 3963 598 4023 tione.
651 3963 774 4020 scil.
809 3963 883 4021 ob
915 3962 1136 4020 laesam
1168 3980 1236 4018 ex
1271 3960 1451 4019 nimio
1482 3959 1707 4036 proprii

421 4052 689 4111 instituti
737 4070 930 4110 amore
963 4052 1269 4110 caritatem
1302 4049 1704 4117 christianam,

419 4141 689 4216 Prosperi
737 4141 774 4197 S
803 4139 1160 4198 tellartii
1196 4139 1257 4197 Ο.
1295 4139 1347 4196 S.
1383 4141 1532 4213 Aug.
1584 4140 1706 4195 tor·

419 4230 683 4287 nacensis
719 4228 779 4297 (†
818 4240 911 4291 10.
947 4230 1097 4305 Aug.
1139 4240 1214 4289 10
1229 4224 1333 4302 136)
1357 4228 1702 4303 Auyustino-

419 4319 647 4376 machia
693 4320 811 4377 sive
865 4318 1152 4377 vindiciae
1198 4317 1487 4376 tutelares
1519 4333 1626 4390 pro
1661 4333 1705 4372 8.

419 4408 755 4483 Augustino
789 4412 848 4465 et
872 4407 1323 4484 Augustinianis
1358 4406 1418 4464 ll.
1457 4415 1512 4475 2,
1546 4405 1703 4479 Lug·

420 4496 565 4554 duni
609 4507 772 4559 1613
807 4497 867 4553 10
907 4506 960 4560 8.
995 4496 1124 4553 Alia
1157 4498 1286 4571 ejus
1320 4514 1496 4570 opera
1529 4497 1702 4551 sunt:

421 4586 678 4643 Nucleus
696 4587 1005 4643 historicus
1036 4586 1276 4660 regulae
1309 4605 1352 4642 s.
1376 4582 1699 4659 Augustini

417 4674 492 4732 ad
524 4692 723 4733 servos
755 4674 880 4745 Dei,
916 4675 1293 4750 Antwerpiae
1335 4682 1496 4734 1618
1533 4671 1596 4729 10
1633 4681 1701 4739 8;

413 4764 767 4835 fundamina
801 4772 850 4820 et
881 4764 1111 4840 reyulae
1141 4763 1406 4820 omnium
1428 4760 1699 4818 ordinum

420 4852 874 4910 monasticorum
929 4857 989 4910 et
1037 4851 1430 4919 militarium,
1483 4850 1700 4924 quibus

1769 3076 2197 3143 b1·osianorum‚
2218 3075 2683 3151 Crucigerorum‚
2704 3075 3054 3133 Trinitario-

1768 3183 1918 3233 rum,
1934 3164 2435 3233 Guilelmitarum‚
2452 3165 2547 3220 Bri
2554 3164 2908 3240 gittinorum
2926 3165 3056 3222 alio·

1767 3271 2020 3327 rumque
2052 3253 2173 3311 fere
2212 3264 2289 3315 50
2314 3253 2573 3328 origines
2608 3256 2667 3309 et
2691 3253 3055 3309 incrementa

1766 3342 2154 3416 explicantur.
2193 3342 2252 3399 in
2290 3351 2323 3402 :3
2359 3361 2455 3415 pp.
2491 3341 2762 3409 divisum,
2812 3342 2872 3397 in
2907 3360 3051 3415 qua-

1766 3450 1900 3488 rum
1943 3441 1989 3491 1.
2041 3430 2162 3506 agit
2194 3430 2264 3487 de
2311 3428 2658 3486 fundatione
2706 3427 2825 3486 ord.
2862 3448 3052 3505 augu-

1767 3519 2040 3583 stiniani;
2086 3520 2146 3576 in
2185 3528 2236 3579 2.
2272 3518 2342 3575 de
2377 3517 2757 3592 dispersione.
2794 3518 2857 3573 in
2894 3528 2948 3577 3.
2981 3517 3052 3575 de

1766 3608 2110 3665 collectione
2142 3628 2205 3665 ac
2247 3606 2703 3670 restauratione2
2758 3606 3046 3663 Monachii

1776 3705 1936 3758 1623
1976 3697 2036 3753 10
2072 3698 2125 3765 f..
2160 3714 2311 3769 opus
2348 3714 2561 3763 rarum,
2596 3694 2915 3763 eruditum,
2954 3696 3049 3753 cui

1764 3788 1962 3843 tamen
1996 3784 2162 3844 deest
2192 3784 2485 3860 judicium
2524 3784 2815 3841 criticum.
2849 3817 2935 3825 —
2971 3785 3050 3841 De

1765 3873 1963 3932 eodem
2018 3874 2225 3933 ordine
2275 3873 2497 3931 meruit
2552 3873 2812 3931 Joannes
2863 3873 3051 3931 Mar-

1764 3982 1800 4037 q
1822 3982 1955 4021 uez
1988 3963 2051 4021 Ο.
2087 3964 2139 4021 S.
2176 3968 2326 4038 Aug.
2361 3962 2700 4030 ToletanUS‚
2742 3962 3053 4036 primariae

1765 4052 2075 4110 cathedrae
2108 4052 2471 4127 theologicae
2512 4052 2576 4109 10
2608 4051 2903 4109 academia
2936 4051 3051 4109 sal·

1763 4142 2112 4199 manticensi
2146 4139 2497 4210 moderator,
2542 4141 2743 4215 regius
2775 4141 3051 4197 ecclesia-

1765 4235 1904 4291 stes.
1953 4231 2044 4288 vir
2074 4231 2249 4305 plane
2296 4230 2579 4303 eloquens
2626 4232 2685 4286 et
2734 4229 3049 4285 admodum

1763 4320 2066 4387 excultuS‚
2120 4318 2385 4392 plurium
2438 4336 2677 4394 operum
2735 4321 2938 4373 auctor
2991 4313 3051 4393 (†

1772 4419 1864 4471 16.
1900 4409 2030 4465 Jan.
2075 4405 2287 4487 1621),
2340 4407 2401 4464 10
2452 4425 2543 4480 op.
2596 4405 2805 4479 Ori-qen
2854 4404 2922 4460 de
2967 4405 3051 4460 los

1763 4498 1878 4557 PP.
1910 4497 2317 4554 Eremitannos
2362 4497 2430 4552 de
2463 4496 2520 4556 S.
2553 4494 2841 4569 Auyustin
2887 4512 2928 4568 y
2978 4511 3047 4549 su

1764 4585 2081 4643 verdadera
2126 4584 2479 4642 institucion
2531 4586 2696 4640 antes
2754 4581 2851 4637 del
2901 4599 3048 4656 gran

1760 4674 2016 4733 Concilio
2034 4675 2440 4733 Lateranense.
2462 4670 2849 4728 salmanticae
2877 4678 3041 4731 1618

1759 4763 1821 4820 10
1854 4762 1909 4827 f..
1962 4781 2138 4836 quem
2171 4762 2206 4817 1.
2239 4760 2617 4835 impugnavit
2649 4758 2820 4815 Gabr.
2869 4759 3043 4815 Pen-

1759 4854 2064 4921 nottus,
2116 4849 2384 4908 defendit
2431 4848 2520 4906 Fr.
2570 4846 2936 4905 Bivarius
2988 4850 3047 4902 et

2620 4946 2713 5001 27·
