3625 5193
406 290 483 341 54
501 291 521 340 1
1555 270 1871 325 Ciaconius.
2899 288 3020 340 542

399 456 708 531 impendit.
764 457 926 515 Obiit
978 458 1191 515 Romae
1243 476 1287 515 c.
1337 477 1388 514 a.
1435 467 1590 518 1601
1635 475 1683 517 a.
1740 455 1922 512 nibus
1957 456 2331 531 Augustinus
2379 455 2692 513 Oldoini
2740 456 2796 512 S.
2843 455 2896 513 J.
2939 457 3026 513 lo·

398 546 608 603 aetatis
663 556 760 607 59.
822 547 923 604 Rei
979 547 1347 620 antiquariae
1395 544 1683 620 peritissi-
1741 544 2065 618 cupletavit
2117 549 2177 602 et
2227 544 2300 601 acl
2351 545 2710 603 Clementem
2746 544 2838 602 IX.
2894 564 3022 619 per·

397 653 578 701 mum,
611 634 935 709 Hispaniae
982 655 1120 692 suae
1172 654 1450 711 magnum
1484 634 1687 692 lumen
1740 633 1929 702 duxit,
1996 634 2208 692 Romae
2280 643 2438 695 1677
2507 636 2550 694 t.
2604 642 2638 693 4
2692 632 2753 690 in
2803 632 2841 693 f.
2892 652 3026 691 cum

401 742 533 780 eum
570 735 735 781 vocat
767 724 1126 803 Thu..nus1).
1193 724 1271 781 Ex
1317 724 1445 798 ejus
1494 722 1685 797 operi-
1742 722 2033 791 iconibus,
2096 722 2160 780 in
2221 741 2338 797 qua
2397 722 2655 780 editione
2703 722 2857 779 vitae
2909 722 3028 780 fere

396 810 570 891 bus2)
607 811 761 869 illud
792 814 1088 870 mentione
1123 813 1386 888 dignum.
1409 811 1505 869 cui
1537 812 1686 869 titu-
1709 814 1717 940 Ι
1742 811 2008 868 omnium
2053 811 2440 870 cardinalium
2486 811 2648 869 fuere
2694 810 3024 880 innovatae,

401 901 521 959 lus:
575 900 732 958 Vitae
765 908 814 957 et
844 922 935 958 res
949 909 1134 978 yestue
1155 920 1512 959 suncnwrum
1535 918 1684 973 pon-
1742 899 1908 958 brevi
1940 900 2197 975 quidem,
2254 900 2356 958 sed
2388 899 2523 968 acri,
2572 902 2804 975 compto
2837 920 2901 957 ac
2936 918 3025 957 se-

402 992 616 1061 tificum
669 1009 1045 1048 romanorum
1097 999 1146 1048 et
1178 992 1236 1050 S.
1271 991 1338 1049 R.
1377 989 1446 1046 E.
1492 991 1684 1047 cardi·
1744 991 1895 1047 lecto
1929 989 2082 1047 stilo.
2149 990 2228 1046 De
2260 1008 2328 1048 eo
2361 988 2446 1047 ita
2479 989 2686 1047 scribit
2719 989 2961 1047 Michael
2995 1008 3028 1046 a

397 1080 621 1136 nulium
653 1079 725 1135 ab
760 1079 933 1138 initio
967 1081 1265 1138 nascentis
1288 1079 1580 1136 Ecclesiae
1613 1078 1686 1135 ad
1743 1097 1785 1135 s.
1820 1077 1858 1135 J
1874 1079 2142 1153 oseph:
2180 1078 2394 1146 ,Enim
2423 1097 2560 1137 vero
2581 1082 2906 1153 supersunt
2923 1078 3023 1136 ad-

392 1167 751 1226 Clementem
786 1168 958 1238 V111.,
996 1170 1209 1227 Romae
1251 1176 1680 1229 1601-1602
1742 1168 1858 1225 huc
1889 1168 1952 1225 in
1985 1166 2215 1225 Ciaconi
2250 1186 2440 1242 opere,
2475 1167 2860 1241 quantumvis
2892 1170 3021 1224 tan-

396 1262 439 1313 t.
477 1265 509 1316 2
565 1258 626 1314 in
660 1257 696 1314 f.
762 1257 908 1314 Cum
958 1259 1114 1315 inter
1163 1276 1356 1315 moras
1404 1256 1683 1314 editionis

396 1345 575 1420 hujus
610 1346 825 1421 operis,
878 1348 973 1405 cui
1026 1366 1210 1404 annos
1260 1346 1458 1404 decem
1510 1345 1681 1403 desu-

390 1434 659 1501 daverat,
712 1438 917 1493 auctor
960 1440 1233 1494 mortuus
1279 1438 1453 1503 esset,
1503 1435 1684 1491 Fran-

403 1526 595 1581 cizcus
646 1524 971 1582 Cabrera
1006 1520 1378 1603 Moralesss)
1422 1524 1685 1597 reliquae

396 1611 648 1671 editioni
710 1612 985 1686 praefuit,
1051 1631 1302 1686 suasque
1354 1612 1685 1670 additiones

400 1702 728 1776 subjunxit,
766 1702 1112 1776 praesertim
1143 1702 1216 1759 ab
1236 1702 1568 1760 Alexandro
1592 1701 1682 1758 VI.

400 1789 475 1847 ad
500 1791 861 1848 Clementem
883 1789 1038 1848 VIII.
1074 1790 1454 1849 Desideratur
1484 1796 1685 1848 tamen

396 1878 462 1935 in
493 1880 601 1938 hoc
634 1898 808 1953 opere
847 1879 1049 1953 judice
1082 1880 1249 1938 Mich.
1299 1899 1333 1937 a
1364 1899 1407 1937 a.
1438 1878 1680 1953 Joseph,

399 1969 581 2035 ,ordo
617 1974 677 2025 et
708 1967 980 2043 digestio,
1035 1976 1162 2026 tum
1209 1968 1577 2026 concinnitas
1623 1972 1684 2025 et

392 2056 702 2114 concordia
763 2056 1175 2135 dictorum4).‘
1246 2056 1682 2115 Additamentis

1739 1260 1941 1314 torum
1973 1256 2236 1314 virorum
2285 1256 2441 1314 curis
2490 1256 2717 1324 limate,
2763 1260 3024 1314 correcto

1741 1349 1801 1403 et
1850 1348 2024 1403 aucto
2075 1364 2193 1403 non
2242 1365 2442 1420 pauca,
2492 1364 2644 1420 quae
2685 1345 3025 1403 debuerunt

1740 1434 2038 1492 emendari
2057 1456 2071 1503 ;
2093 1435 2380 1492 nonnulla
2395 1436 2571 1491 etiam
2589 1434 3024 1501 desiderantur,

1741 1523 1867 1582 sine
1917 1523 2137 1597 quibus
2183 1523 2336 1582 idem
2399 1542 2546 1597 opus
2610 1523 2846 1581 videtur
2907 1540 3025 1580 non

1739 1611 2015 1670 omnibus
2048 1613 2311 1670 numeris
2344 1613 2705 1671 absolutum.
2759 1612 2880 1669 Nec
2913 1611 3024 1668 du-

1741 1702 1924 1769 bium,
1959 1701 2119 1776 quod
2151 1705 2406 1776 utroque
2438 1720 2625 1760 naevo
2658 1701 2766 1759 hoc
2795 1700 3027 1776 insigne

1739 1808 1887 1865 opus
1921 1794 2166 1859 careret,
2199 1790 2319 1848 nisi
2353 1790 2522 1848 celeri
2544 1809 2609 1849 ac
2629 1789 3025 1848 tumultuario

1740 1879 1940 1937 studio
2004 1879 2385 1947 laborassent,
2449 1880 2554 1954 qui
2608 1878 2797 1937 eidem
2862 1877 3027 1953 operi

1738 1967 2094 2043 perficiendo
2157 1988 2394 2043 operam
2444 1988 2610 2026 suam
2662 1973 3020 2027 navarunt.‘

1737 2059 1911 2115 Caret
1960 2075 2108 2131 opus
2156 2058 2527 2116 accuratione
2586 2057 2763 2114 etiarn
2827 2056 3028 2113 critica

398 2145 549 2202 illud
613 2147 1010 2221 posteriorum
1075 2145 1420 2221 pontificum
1490 2165 1682 2221 usque
1736 2150 1915 2220 atque
1961 2145 2182 2203 nititur
2214 2145 2608 2204 decretalibus
2651 2144 2887 2218 spuriis.
2955 2145 3025 2200 M.

390 2233 469 2290 ad
492 2234 789 2292 Urbanum
813 2234 969 2298 VIII.
1002 2235 1388 2310 locupletavit
1419 2233 1682 2293 Andreas

401 2321 447 2378 V
466 2323 484 2379 i
500 2332 569 2380 ct
588 2341 621 2381 o
638 2342 667 2379 r
684 2323 821 2380 elli
841 2367 853 2389 ,
918 2324 1231 2399 presbyter
1290 2324 1680 2393 bassanensis,

397 2429 633 2485 operam
666 2412 1109 2495 conferentibus
1143 2411 1515 2471 Ferdinando
1550 2412 1678 2487 Ug-

1737 2234 2168 2292 Guarnacci
2213 2252 2363 2310 opus
2395 2234 2622 2309 pariter
2654 2231 3024 2291 continuavit

1737 2322 1981 2397 adjectis
2031 2322 2263 2381 duobus
2315 2323 2448 2381 aliis
2497 2322 2693 2390 tornis,
2756 2323 2825 2378 ut
2873 2319 3026 2377 infra

1737 2411 2018 2469 dicemus.
2060 2411 2243 2470 Aliud
2275 2410 2532 2469 Ciaconii
2565 2428 2715 2485 opus
2750 2412 2875 2466 est:
2942 2409 3028 2466 De

395 2499 436 2555 h
453 2520 483 2556 e
502 2501 523 2557 l
541 2501 561 2556 l
580 2501 615 2567 i,
660 2500 1023 2577 Hieronymo
1067 2505 1116 2559 A
1132 2502 1154 2558 l
1171 2521 1202 2559 e
1221 2522 1255 2560 a
1272 2521 1310 2558 n
1328 2502 1367 2559 d
1383 2521 1412 2559 r
1428 2520 1480 2570 ο,
1526 2501 1684 2559 Luca
1723 2500 1967 2574 jejuniis
2016 2507 2065 2557 et
2111 2502 2279 2559 varia
2329 2517 2524 2558 eorum
2570 2499 2730 2573 apud
2760 2500 3027 2573 antiquos

398 2587 823 2664 Waddingo
886 2595 946 2649 et
1008 2591 1246 2649 Caesare
1297 2586 1681 2669 Baculo-⁵),

398 2678 611 2736 Romae
655 2687 818 2739 1630
856 2699 906 2737 v.
948 2693 978 2741 2
1013 2681 1077 2736 in
1113 2682 1179 2748 f.;
1231 2680 1399 2739 novis
1431 2679 1682 2738 additio-

480 2832 514 2908 ¹)
542 2829 753 2883 Histor.
780 2831 814 2883 l.
846 2836 965 2888 122.
994 2833 1100 2886 sub
1127 2833 1312 2886 finem.
1344 2833 1430 2886 Ita
1457 2831 1529 2885 ad
1555 2848 1684 2884 eum

394 2901 619 2969 ssipsit
660 2901 1023 2956 'doctissimus
1064 2902 1328 2957 Latinius
1370 2905 1421 2956 d.
1449 2908 1499 2962 4.
1529 2902 1683 2955 Febr.

399 2975 565 3027 1589:
614 2972 903 3031 ..Sciebam
945 2991 1050 3044 ego
1070 2975 1191 3043 jam
1223 2975 1461 3044 pridem,
1503 2972 1687 3027 erudi·

398 3041 607 3096 tissime
637 3042 884 3104 Ciaconi,
915 3055 1198 3112 quantum
1226 3048 1286 3099 in
1307 3061 1572 3100 romanae
1594 3062 1686 3097 an·

398 3112 690 3179 tiquitatis
716 3115 1038 3184 cognitione
1055 3117 1372 3185 profeceris,
1392 3117 1610 3184 tibique
1629 3117 1687 3167 in

393 3185 516 3250 ejus
545 3183 738 3238 studio
766 3204 978 3254 paucos
1018 3192 1186 3255 atque
1228 3188 1369 3242 adeo
1406 3189 1686 3241 neminem

395 3257 823 3321 praeterendum
846 3261 1172 3314 statueram.
1202 3259 1309 3313 Sed
1328 3277 1395 3312 ne
1420 3261 1474 3311 te
1497 3277 1686 3312 verum

394 3326 585 3389 celem,
614 3345 915 3395 nunquam
959 3331 1174 3383 credidi
1217 3333 1444 3384 tantum
1494 3330 1599 3384 tibi
1625 3329 1686 3381 in

396 3397 558 3449 rebus
587 3399 838 3451 obscuris
860 3405 917 3453 et
941 3401 1294 3454 difficillimis
1317 3400 1688 3455 describendis

390 3466 680 3545 facultatis
708 3485 1079 3539 comparasse,
1124 3476 1190 3527 ut
1226 3474 1296 3526 de
1335 3474 1403 3526 iis
1444 3476 1562 3526 tam
1602 3488 1688 3525 co·

392 3553 546 3604 piose
576 3543 808 3614 turrique
824 3542 1112 3610 eleganter
1129 3544 1233 3597 scri
1242 3545 1367 3597 bere
1384 3547 1502 3596 tam
1522 3543 1687 3596 facile

392 3624 592 3675 posses.
623 3614 922 3678 superasti
943 3613 1125 3679 igitur
1145 3616 1248 3669 etsi
1263 3615 1551 3684 egregiam
1563 3631 1687 3668 cou-

390 3683 613 3748 ceptam
643 3681 712 3732 de
742 3685 797 3733 te
826 3683 1159 3751 opinionem
1188 3692 1323 3740 cte.“

446 3757 499 3829 J)
528 3750 610 3805 cf.
629 3750 959 3823 catalogum
980 3758 1140 3825 apud
1158 3756 1379 3810 Echard
1399 3757 1467 3821 II,
1484 3761 1588 3813 345
1602 3776 1688 3821 ss„

386 3818 505 3873 Nic.
532 3823 847 3876 Antonium
882 3824 923 3888 l,
954 3833 1024 3885 18
1053 3844 1095 3880 a.
1122 3827 1337 3895 Aliqua
1362 3831 1691 3883 referuntur

382 3891 453 3943 ad
479 3892 768 3946 historiam
798 3899 860 3948 et
880 3900 1289 3968 archaeologia
1314 3921 1342 3952 ιι
1366 3907 1688 3970 ronianam1:

383 3961 539 4030 plura
571 3969 910 4020 manserunt
936 3985 1072 4024 mss,

452 4043 491 4106 ³)
524 4035 629 4088 Hic
659 4037 804 4093 idem
849 4039 1046 4095 edidit
1083 4049 1249 4096 vitum
1278 4052 1322 4096 et
1348 4053 1495 4111 qesta
1526 4046 1690 4097 Coele·

376 4112 509 4160 alini
531 4112 714 4176 Papae
738 4114 838 4179 IL,
865 4109 1088 4168 Romae
1120 4117 1291 4180 159&
1323 4118 1464 4170 1613
1491 4115 1551 4166 in
1578 4118 1627 4168 4-

455 4186 495 4243 4)
521 4180 795 4236 Biblioth.
828 4183 958 4240 crit.
988 4189 1041 4248 1,
1073 4189 1193 4241 181.

454 4259 491 4321 ἦ)
521 4251 725 4306 Caesar
754 4253 799 4307 B
819 4272 849 4309 e
870 4255 1061 4310 cillo
1092 4257 1352 4319 Urbinas,
1392 4255 1552 4323 prius
1580 4270 1690 4306 me-

375 4319 548 4394 dicus,
594 4323 733 4378 dein
780 4328 999 4382 sodalis
1046 4326 1288 4381 Oratorii
1340 4345 1381 4380 s,
1430 4324 1687 4393 Philippi

376 4390 535 4448 Nerii
566 4399 614 4466 (t
632 4401 684 4452 6.
706 4396 846 4468 Maj.
865 4404 1025 4456 1649)
1057 4398 1293 4466 reliquit
1326 4401 1691 4451 annotationes

376 4471 713 4535 maryae‘nules
760 4469 824 4522 in
872 4470 1204 4524 Ciaconiutn
1251 4472 1305 4522 et
1359 4468 1687 4520 collationes

376 4534 752 4592 ciaconianae
780 4541 1057 4595 historiae
1084 4560 1211 4595 cum
1234 4539 1562 4602 baroniana,
1586 4537 1687 4589 Ro-

381 4624 505 4662 mae
535 4616 686 4668 1630
712 4611 775 4664 in
804 4613 845 4668 f.
873 4614 992 4666 sine
1016 4612 1261 4667 auctoris
1281 4611 1539 4672 nomine;
1568 4619 1687 4661 acta

380 4698 423 4732 a.
470 4687 596 4749 Faji
642 4686 703 4737 Ρ.
744 4695 789 4736 et
831 4687 924 4753 M„
965 4683 1038 4736 ib.
1088 4688 1254 4746 16:28:
1302 4685 1685 4747 vrunyeliorum

381 4758 662 4822 sonnatio,
692 4753 754 4805 in
783 4773 900 4822 qua
928 4756 1113 4807 textus
1142 4755 1333 4807 ordine
1362 4757 1582 4804 servato
1609 4768 1683 4803 re-

384 4838 513 4875 rum
561 4828 859 4894 gestarum
902 4826 1071 4879 series
1112 4826 1415 4888 indicatur,
1442 4824 1519 4878 ib.
1552 4827 1687 4879 1622

1738 2590 2099 2648 observantia
2119 2598 2419 2660 tractatu-9,
2453 2589 2671 2648 Romae
2704 2598 2863 2650 1599
2886 2587 2946 2644 in
2967 2596 3024 2654 4;

1738 2681 1807 2737 de
1841 2680 2122 2754 martyrio
2153 2681 2286 2738 200
2331 2680 2740 2737 mom-horum
2786 2697 2830 2735 s.
2864 2675 3026 2733 Petri

1740 2789 1772 2826 a
1804 2768 2065 2826 Cardena
2097 2767 2163 2832 Ο,
2196 2772 2249 2828 S.
2283 2770 2424 2826 Ben.
2458 2767 2769 2844 burgensis
2799 2765 3025 2823 dioece-

1740 2858 1820 2914 sis
1852 2863 1947 2925 tr.,
1981 2858 2058 2918 ib.
2101 2866 2265 2919 1594
2302 2856 2362 2914 in
2401 2867 2473 2928 8.,
2507 2856 2822 2915 admodum
2838 2871 3027 2912 rarus.

1744 2945 2087 3020 Singulares
2136 2949 2280 3004 sunt
2329 2944 2446 3004 duo
2494 2946 2714 3003 libelli:
2765 2943 3028 3002 Historia

1741 3036 1809 3091 de
1843 3036 2040 3091 (minus
2087 3034 2334 3108 'l'rajani
2356 3036 2630 3108 precibus
2662 3035 2715 3092 d.
2755 3031 3026 3109 Greyora'i

1742 3140 1930 3198 papae
1979 3123 2050 3179 ab
2099 3126 2308 3197 inferis
2339 3132 2552 3198 erepta,
2607 3123 2836 3197 saepius
2871 3119 3027 3201 (cum

1742 3213 1875 3269 aliis
1909 3213 2164 3270 Ciaconii
2195 3213 2501 3291 operibus)
2537 3212 2715 3272 edita.
2768 3209 3031 3268 Venetiis

1752 3310 1950 3370 15853
2002 3300 2171 3376 Regii
2237 3310 2430 3372 15853
2484 3302 2552 3358 de
2601 3320 2645 3362 3.
2692 3299 3032 3372 Hieronymi

1742 3389 2120 3447 cardinalitia
2152 3391 2431 3464 diynitate
2462 3391 2736 3465 quaestiO,
2787 3405 2922 3444 cum
2957 3386 3030 3442 li-

1742 3478 1897 3536 bello
1930 3479 2311 3551 praecedenti
2345 3477 2608 3535 Venetiis
2659 3476 2821 3533 edita
2862 3483 3026 3537 1583

1742 3568 1803 3625 in
1841 3577 1911 3636 43
1964 3564 2103 3622 dein
2137 3566 2353 3624 Romae
2394 3575 2579 3633 1591,
2633 3563 2735 3637 qui
2769 3563 3032 3638 produnt

1743 3657 2045 3713 auctorem
2079 3657 2206 3711 arte
2257 3656 2460 3713 critica
2490 3653 2861 3710 destitutum.
2927 3651 3030 3707 Fa-

1743 3743 1945 3802 bulam
1979 3743 2138 3800 enim
2168 3743 2333 3801 illam
2367 3744 2518 3802 serio
2550 3745 2767 3812 narrat,
2798 3744 2859 3800 et
2891 3739 3029 3797 Hie-

1745 3851 2058 3908 ronymum
2122 3833 2479 3912 cardinalem
2543 3831 2699 3890 facit.
2781 3830 3034 3906 Collegit

1746 3941 1982 3998 quoque
2013 3922 2422 3980 Bibliothecam
2452 3923 2633 3979 libros
2680 3922 2738 3977 et
2785 3920 3032 3993 scripto·

1748 4031 1841 4069 res
1874 4013 2056 4068 ferme
2090 4017 2335 4071 cunctos
2381 4012 2453 4068 ab
2504 4010 2676 4068 initio
2727 4007 2932 4066 mundi
2963 4006 3034 4064 ad

1748 4122 1797 4159 a.
1843 4109 2003 4162 15:38
2059 4101 2262 4158 ordine
2320 4099 2688 4176 alphabetico
2742 4098 3032 4172 complec—

1745 4194 1990 4255 tentem,
2029 4210 2176 4263 quae
2210 4191 2430 4266 prodiit
2464 4188 2676 4270 (usque
2699 4187 2768 4244 ad
2802 4187 3032 4244 literam

1746 4279 1816 4355 E)
1853 4298 1988 4336 cum
2005 4279 2518 4338 observationibus
2537 4279 2744 4334 Franc.
2766 4273 3030 4347 Dionysii

1745 4369 2196 4447 Camusatil)
2235 4369 2469 4426 Parisiis
2515 4375 2691 4427 1731.

1742 4540 1922 4601 11112„
1939 4537 2315 4595 Parisiis1631
2332 4538 2443 4591 inf.
2472 4536 2622 4589 Inter
2647 4533 2886 4602 plurima
2907 4550 3029 4582 mse.

1743 4610 2021 4680 reperitur
2048 4613 2104 4663 et
2132 4609 2414 4662 Historiae
2441 4605 2761 4661 eeclesiastie
2784 4621 2846 4656 ae
2875 4604 3030 4655 baro-

1746 4681 1952 4733 nianae
1981 4681 2334 4734 continuatio
2364 4684 2399 4732 t.
2432 4685 2512 4735 13.
2542 4680 2630 4730 ab.
2663 4679 3030 4732 1198—12921.

1744 4753 1828 4805 Cf.
1863 4752 2138 4805 Villarosa.
2167 4769 2218 4820 p.
2249 4756 2315 4807 52
2345 4769 2412 4805 ss,

1826 4831 1858 4892 'J
1890 4823 1970 4876 Cf.
1996 4823 2232 4875 Journal
2273 4823 2370 4875 des
2397 4822 2609 4875 Samus
2636 4825 2720 4880 97,
2762 4821 3025 4873 2238—455.
