3625 5193
1009 247 1378 299 1641—1663.
1405 242 1555 297 Teol.
1584 244 1698 312 pol,
1726 244 1785 296 iu
1806 242 2020 312 Belgio,
2048 242 2354 306 Sandaeus,
2382 240 2659 306 Coturius,
2979 257 3054 311 10
3071 260 3096 310 1
3113 258 3149 308 6

518 263 540 313 l
558 264 591 315 Ο
610 261 679 315 15

510 429 761 489 nonicus
782 428 1002 486 ibidem
1022 430 1083 485 et
1100 448 1208 503 per
1230 438 1309 489 35
1334 447 1518 488 annos
1536 429 1793 489 vicarius
1862 437 2024 493 1618
2059 429 2122 487 in
2158 439 2227 498 83
2283 437 2482 498 16203
2528 425 2756 503 prodiit
2802 426 2982 484 etiam
3030 426 3148 484 sub

509 518 821 595 generalis,
846 517 1004 591 juris
1036 516 1257 584 doctor,
1312 516 1631 577 admodum
1664 537 1793 578 ver·
1851 519 2058 578 titulo:
2090 518 2716 593 depraedestinatioue,
2740 511 3153 589 reprobatione

511 612 676 666 satus
708 607 772 665 in
797 605 1262 681 antiquitatibus
1310 607 1566 665 romanis
1598 606 1658 682 (†
1701 618 1793 669 19.
1852 611 1960 667 etc.
1995 607 2224 684 synodo
2258 605 2420 682 apud
2442 605 2769 664 Hollandos
2801 607 3149 664 controver-

511 698 662 773 Aug.
704 691 918 775 1656),
956 714 1078 754 non
1110 694 1301 754 solum
1331 695 1580 771 reliquit
1609 696 1794 755 libros
1852 698 1932 756 sis
1951 697 2014 756 ll.
2039 706 2097 767 2,
2120 696 2316 772 Hydri
2336 712 2403 768 p.
2423 696 2632 771 altera,
2667 693 2746 752 ib.
2776 704 2976 762 1619;
3009 711 3147 751 con·

509 785 582 844 de
602 784 1019 854 controversia,
1052 784 1213 842 inter
1231 802 1381 860 quos
1412 785 1793 844 aestimatur:
1851 787 2227 845 siderationes
2240 786 2310 843 de
2323 785 2530 861 synodi
2544 784 2977 842 dordrechanae
2995 801 3148 841 emo-

511 875 854 932 Paraenesis
903 874 981 931 ad
1028 873 1342 932 haereticos
1390 877 1452 931 et
1499 873 1641 933 alios
1684 874 1795 933 Ec·
1853 876 2119 934 lumentis
2131 919 2153 950 ,
2208 892 2315 932 seu
2359 872 2572 933 utilem
2621 872 2806 931 fuisse
2851 871 3146 948 synodum

514 963 722 1020 clesiae
774 963 973 1021 hostes
1029 965 1091 1020 et
1139 962 1425 1038 mastiges
1442 1006 1456 1032 ,
1521 962 1795 1022 Coloniae
1853 961 2653 1031 contra-remonstrantibus,
2693 962 3146 1020 remonstranti-

520 1060 705 1120 1634,
739 1051 1041 1109 sedetiam
1062 1050 1135 1109 de
1159 1051 1297 1125 jure
1312 1051 1376 1130 ¹),
1410 1055 1480 1108 ut
1500 1069 1795 1110 commen·
1854 1053 1998 1123 buzi,
2047 1052 2371 1120 catholicis,
2421 1051 2499 1109 ib.
2557 1058 2722 1113 1620
2774 1050 2838 1108 in
2874 1059 2908 1114 8
2937 1071 2951 1119 ;
2996 1068 3146 1108 com-

509 1141 662 1198 taria
693 1140 755 1197 in
789 1141 1020 1218 requies
1048 1141 1426 1198 cancellariae
1454 1141 1798 1214 apostolicae
1854 1143 2265 1201 mutationum
2340 1140 2804 1199 academicorum
2871 1138 3024 1197 liber
3084 1139 3143 1207 1.,

512 1230 636 1287 sive
681 1229 745 1287 in
789 1230 1147 1304 glossemata
1177 1229 1351 1305 Alph.
1391 1230 1548 1300 soto,
1594 1229 1796 1290 Leodii
1855 1231 2276 1309 grammaticus
2308 1229 2607 1304 profanus,
2642 1229 2705 1286 in
2737 1246 2856 1302 quo
2899 1228 2972 1286 de
3003 1246 3145 1286 con-

520 1327 703 1386 1621,
740 1337 875 1376 cum
894 1317 1318 1387 additionibus,
1349 1328 1548 1388 1658;
1580 1320 1649 1377 de
1664 1337 1796 1398 per-
1854 1320 2165 1380 troversiis
2195 1318 2332 1377 fidei
2363 1336 2429 1377 ac
2462 1336 2506 1377 s.
2541 1318 2900 1392 Scripturas,
2953 1316 3026 1374 de
3059 1317 3145 1374 vi-

514 1407 923 1465 mutationibus
966 1407 1363 1478 beneficiorum
1409 1407 1472 1463 in
1521 1427 1616 1482 pp.
1657 1417 1691 1471 3
1737 1411 1801 1466 et
1857 1409 1958 1468 tiis
1991 1412 2052 1467 et
2084 1408 2414 1467 virtutibus
2464 1425 2617 1467 novo
2671 1406 2842 1464 modo
2891 1423 2958 1464 ac
2987 1406 3147 1468 varie

521 1508 640 1558 100
660 1514 843 1569 prope
859 1496 1239 1569 quaestiones
1254 1495 1501 1567 divisus,
1523 1496 1801 1566 ib.1616;
1857 1498 2218 1574 disputatur,
2253 1497 2332 1555 ib.
2362 1505 2522 1559 1621
2562 1496 2624 1555 in
2647 1506 2713 1564 43
2740 1495 3143 1572 proleqomena

520 1593 683 1647 1632
722 1584 784 1641 in
820 1594 890 1652 ὃς
940 1585 1157 1642 Romae
1196 1593 1362 1647 1700
1414 1603 1549 1643 cum
1599 1580 1796 1666 aliis2)
1856 1588 2162 1664 theoloyiae
2209 1587 2593 1660 scholasticae,
2648 1583 2922 1643 Coloniae
2979 1593 3142 1646 1653

513 1673 778 1748 ejusdem
801 1671 1139 1749 argumenti
1163 1672 1225 1731 in
1246 1673 1316 1742 f.;
1349 1674 1564 1732 scholia
1583 1677 1798 1749 inpre-
1857 1677 1920 1734 in
1957 1686 2026 1745 4;
2085 1676 2417 1752 Theoloqiae
2456 1694 2515 1749 p.
2553 1677 2608 1731 1.
2655 1674 2932 1750 theoloyia
2977 1674 3145 1729 varia

510 1780 600 1819 ces
651 1763 989 1834 primarias
1050 1763 1452 1838 imperatoris,
1529 1763 1800 1822 Coloniae

1860 1765 1933 1824 ad
1973 1777 2025 1827 1.
2058 1785 2114 1841 p.
2148 1765 2423 1823 Summae
2455 1763 2509 1821 d.
2542 1763 2796 1820 'rhomae
2832 1771 2867 1822 4
2903 1762 2983 1830 11„
3015 1765 3145 1819 tum

521 1859 677 1913 1621
722 1849 786 1908 in
811 1861 880 1919 43
914 1850 1193 1909 vindiciae
1224 1852 1506 1910 libertatis
1536 1854 1797 1910 ecclesia·
1857 1856 2155 1931 profanae,
2191 1859 2322 1912 tum
2343 1871 2387 1911 s.
2410 1851 2739 1928 theologiae
2761 1852 2978 1918 ortum,
3009 1868 3144 1926 pro-

511 1942 705 2014 sticae,
737 1938 943 1997 Leodii
983 1949 1147 2003 1630
1182 1940 1245 1999 in
1281 1950 1336 2003 4.
1380 1940 1553 1998 Haud
1587 1960 1801 2016 parum

515 2028 837 2086 laudantur
870 2028 1045 2087 Facis
1088 2029 1460 2088 historiarum
1510 2033 1803 2089 centuriae

514 2117 681 2192 duae,
717 2117 793 2174 ib.
834 2127 999 2180 1650
1036 2118 1099 2176 in
1131 2118 1187 2186 f.,
1239 2119 1301 2176 in
1335 2118 1553 2193 quibus
1598 2121 1798 2177 admo-

517 2206 657 2264 dum
692 2205 924 2263 erudite
957 2205 1028 2263 de
1062 2208 1245 2265 variis
1277 2209 1644 2283 argumentis
1678 2208 1799 2266 dis-

515 2295 675 2352 serit.

609 2482 752 2533 429.
789 2472 1188 2532 Plurimorum
1210 2491 1447 2548 operum
1476 2477 1682 2532 auctor
1712 2477 1805 2532 est

519 2561 957 2621 Maximilianus
1021 2563 1058 2621 S
1078 2581 1112 2620 a
1130 2580 1168 2620 n
1192 2562 1230 2621 d
1249 2581 1284 2620 a
1304 2581 1334 2620 e
1355 2582 1395 2622 u
1415 2580 1442 2621 s
1508 2557 1650 2643 (van
1700 2563 1806 2622 der

519 2648 728 2726 Sandt)
762 2654 815 2712 S.
838 2651 893 2709 J.
915 2650 1496 2721 Amstelodamensis,
1530 2654 1621 2709 tot
1646 2652 1804 2709 enim

519 2739 754 2814 scripsit
798 2739 928 2815 ipso
973 2742 1147 2809 teste,
1201 2743 1348 2814 quot
1398 2758 1586 2798 annos
1635 2740 1801 2811 vixit,

518 2827 641 2885 scil.
682 2836 758 2890 78
795 2824 878 2906 (n.
920 2836 1014 2890 13.
1043 2829 1186 2903 Apr.
1226 2836 1411 2898 1578,
1444 2827 1480 2896 †
1516 2829 1804 2890 21.Junii

526 2928 550 2976 1
569 2912 739 2995 656).
772 2915 1217 2992 Philosophiam
1250 2917 1452 2976 docuit
1475 2917 1804 2993 Herbipoli,

519 3004 658 3061 dein
714 3021 759 3061 S.
809 3004 1062 3063 Thomae
1125 3005 1415 3064 Summam
1480 3008 1804 3082 complures

518 3110 704 3150 annos
738 3094 1036 3167 praeclare
1068 3095 1420 3165 enucleavit,
1463 3100 1643 3170 atque
1676 3097 1800 3155 Mo·

521 3181 795 3256 guntiam
823 3185 1153 3242 translatus
1185 3203 1229 3245 8.
1248 3185 1607 3260 Scriptura-m
1628 3205 1804 3261 expo-

519 3270 659 3329 suit.
693 3271 778 3328 Ex
809 3273 938 3346 ejus
957 3269 1301 3355 operibusss)
1333 3273 1436 3331 illa
1454 3274 1805 3348 praesertim

519 3360 871 3429 laudantur,
950 3381 1100 3435 quae
1163 3367 1368 3420 contra
1431 3362 1802 3422 Calvinianos

519 3450 776 3525 scripsit.
800 3448 1097 3518 Quaedam
1114 3451 1539 3510 indicabimus:
1562 3452 1805 3527 Hydrus

518 3539 874 3598 hollandicus
918 3559 1022 3599 seu
1053 3540 1191 3598 fidei
1238 3540 1594 3599 christianae
1645 3541 1805 3616 apud

1858 1943 2209 2021 gressiones,
2244 1942 2626 2018 partitionem
2658 1940 2901 2010 variam,
2954 1939 3145 1999 notio-

1860 2051 1963 2090 nes
2012 2035 2073 2090 et
2122 2031 2439 2105 utriusque
2485 2048 2697 2088 arcana
2745 2048 2812 2086 ac
2858 2028 3144 2103 imagines

1859 2120 2189 2197 disquirens
2222 2123 2282 2179 et
2301 2121 2768 2195 repraesentans,
2806 2117 3145 2194 Moguntiae

1867 2219 2031 2273 1623
2066 2210 2128 2267 in
2165 2220 2233 2280 43
2298 2209 2599 2284 Theoloqia
2645 2207 2882 2277 medica,
2929 2206 2995 2264 in
3026 2225 3147 2281 qua

1859 2298 2146 2375 principis
2179 2302 2304 2356 tam
2349 2296 2731 2355 ecclesiastici
2774 2315 2951 2371 quam
2999 2295 3146 2371 poli-

1860 2387 1966 2446 tici
1997 2387 2188 2447 officia
2206 2386 2472 2462 exemplo
2506 2385 2718 2444 medici
2750 2384 3144 2453 declarantur,

1861 2479 1920 2535 et
1951 2476 2023 2534 de
2055 2476 2276 2535 morbis
2310 2496 2345 2534 a
2378 2474 2608 2534 Christo
2640 2473 2884 2532 humani
2914 2472 3145 2550 generis

1861 2566 2153 2625 archiatro
2204 2564 2431 2624 sanatis
2480 2580 2807 2638 eorumque
2870 2562 3145 2622 remediis

1862 2655 2174 2713 disseritur
2220 2655 2281 2717 11.
2319 2663 2375 2724 3,
2428 2654 2697 2713 Coloniae
2749 2660 2915 2715 1635
2964 2652 3026 2710 in
3074 2660 3146 2721 43

1875 2744 2173 2819 Theoloyia
2207 2745 2443 2819 mystica
2474 2743 2535 2804 ll.
2574 2751 2630 2813 3,
2666 2743 2730 2800 in
2760 2742 2978 2816 quibus
3010 2741 3144 2799 doc-

1861 2833 2023 2891 trina
2054 2833 2125 2891 de
2145 2833 2267 2890 Deo
2296 2832 2637 2907 divinisque
2657 2830 3149 2905 contemplativo-

1859 2939 1997 2980 rum
2027 2922 2278 2998 mystica
2322 2921 2395 2979 ad
2438 2921 2584 2979 artis
2629 2938 2900 2979 normam
2945 2918 3149 2977 ordine

1861 3010 2173 3087 redigitur,
2206 3011 2550 3086 Moguntiae
2590 3017 2753 3071 1627
2790 3007 2853 3065 in
2890 3017 2945 3069 4.
2980 3008 3147 3067 Com-

1861 3100 2066 3175 posuit
2110 3118 2347 3174 quoque
2392 3117 2497 3173 pro
2548 3097 2847 3173 theologia
2895 3097 3148 3173 mystica

1859 3191 2069 3246 clavem
2098 3207 2198 3246 seu
2229 3189 2608 3246 elucidarium
2628 3188 3021 3244 onomasticon
3040 3205 3142 3244 vo-

1861 3278 2213 3335 cabulorum
2244 3281 2305 3335 et
2335 3276 2703 3335 locutionum
2740 3275 3144 3343 obscurarum,

1860 3366 2078 3440 quibus
2123 3366 2393 3426 doctores
2439 3365 2672 3440 mystici
2717 3366 2994 3433 utuntur,
3042 3363 3147 3421 Co·

1861 3456 2054 3513 leniae
2095 3463 2258 3518 1640
2303 3456 2369 3513 in
2404 3464 2461 3515 4.
2509 3451 2609 3533 (m.
2647 3462 2789 3521 40.).
2849 3452 3149 3529 Theoloyia

1860 3544 2163 3619 symbolica
2195 3562 2263 3601 ex
2295 3543 2456 3602 omni
2489 3542 2847 3617 antiquitate
2890 3560 3055 3599 sacra
3087 3548 3148 3599 et

519 3626 841 3686 Hollandos
863 3626 1315 3705 controversa4),
1337 3650 1392 3704 p.
1430 3629 1804 3705 l.Herbipoli
1859 3632 2105 3707 profana
2149 3633 2211 3690 in
2244 3632 2391 3690 artis
2436 3631 2685 3690 formam
2736 3630 2973 3688 redacta
3017 3649 3146 3689 ora·

598 3802 635 3869 ¹)
664 3797 746 3850 Cf.
771 3798 955 3866 Biogr.
999 3803 1118 3851 nat.
1145 3800 1213 3851 de
1242 3798 1396 3869 Belg,
1426 3799 1521 3863 IV,
1562 3803 1805 3870 85—91;

518 3868 560 3920 F
564 3884 778 3936 oppens
808 3869 872 3932 11,
899 3874 1021 3928 613.

609 3947 645 4003 ²)
690 3938 839 3989 Inter
880 3955 1025 4004 quae
1069 3939 1239 3994 etiam
1293 3940 1513 3994 Nicolai
1556 3941 1806 3995 Remo·

521 4026 663 4059 cam
681 4025 718 4075 p
736 4006 789 4058 ii
817 4007 905 4065 (de
934 4007 1400 4081 Remonchamps)
1437 4011 1740 4065 leodiensis
1766 4011 1803 4066 1.

520 4083 583 4130 de
623 4080 985 4142 beneficiorum
1025 4085 1489 4137 ecclesiasticorum
1523 4091 1569 4136 et
1608 4087 1804 4151 officio-

522 4168 641 4201 rum
679 4153 997 4203 secularium
1038 4155 1398 4216 condicum-tis,
1442 4152 1637 4207 Leodii
1666 4159 1801 4211 1651

521 4220 579 4271 in
606 4224 657 4275 4.

595 4296 637 4361 ³1)
665 4292 747 4347 Cf.
775 4291 1077 4361 Sotvellus,
1106 4294 1518 4367 Sommervogel
1555 4296 1672 4361 VII,
1699 4301 1805 4354 555

521 4379 610 4426 ss„
638 4363 865 4417 Ruland
894 4365 1070 4419 Series
1097 4370 1155 4420 et
1183 4366 1331 4421 vitae

1860 3722 2109 3791 toribus,
2143 3720 2335 3796 poetis
2369 3724 2430 3778 et
2460 3719 2756 3778 universis
2780 3719 3148 3795 philosophis

1860 3809 1933 3868 ad
1954 3828 2185 3868 omnem
2209 3808 2686 3867 commoditatem
2710 3826 2990 3867 amoenae
3009 3827 3150 3865 eru-

1861 3898 2105 3957 ditionis
2158 3899 2525 3967 concinnata,
2584 3897 2922 3973 Moguntiae
2980 3906 3147 3958 1626

1860 3988 1921 4045 in
1959 3999 2012 4049 4.
2047 4020 2132 4031 —
2161 3987 2368 4045 Julius
2402 3988 2613 4045 Caesar
2644 3986 3015 4045 Coturius
3048 3982 3149 4058 (de

1860 4076 1918 4133 la
1963 4072 2246 4154 Couture)
2292 4078 2345 4135 S.
2379 4076 2417 4134 J
2421 4120 2453 4147 .,
2504 4074 2903 4133 Bruxellensis
2921 4070 2987 4153 ¹),
3041 4074 3148 4148 qui

1861 4164 1963 4223 diu
1982 4165 2043 4223 in
2063 4156 2344 4223 Bohemia
2364 4163 2529 4241 degit
2560 4163 2762 4238 ibique
2783 4162 3145 4239 theologiam

1370 4368 1516 4436 prof.
1543 4386 1586 4423 s.
1614 4368 1802 4433 theol„
1860 4368 2304 4423 Gomaristarum
2325 4372 2384 4423 et
2403 4367 3147 4433 Arminianorum,Werner‚

522 4435 621 4501 qui
648 4433 1005 4507 wirceburgi
1031 4439 1358 4501 docuerunt,
1402 4438 1636 4493 Wirceb.
1666 4443 1805 4496 1835
1859 4439 2054 4496 Gesch.
2096 4441 2193 4494 der
2219 4441 2443 4511 apolog.
2487 4440 2603 4494 und
2629 4441 2837 4510 polem.
2863 4438 3151 4494 Literatur

519 4523 574 4574 p.
602 4511 846 4563 46—542
888 4507 1118 4563 Kneller
1146 4509 1254 4564 KL.
1283 4510 1347 4575 X,
1376 4514 1532 4573 1691.
1561 4527 1805 4581 praeser-
1860 4512 1954 4569 IV.
1991 4515 2111 4568 638.

521 4578 623 4630 tim
666 4594 795 4633 vero
822 4582 1042 4634 indicem
1065 4583 1325 4636 librorum
1366 4584 1422 4636 P.
1453 4584 1526 4636 M.
1555 4584 1802 4651 Sandan}

521 4649 619 4716 qui
650 4649 866 4718 prodiit
890 4650 1150 4705 Coloniae
1178 4656 1317 4710 1653
1344 4652 1408 4704 in
1431 4656 1481 4708 4.

1935 4586 1975 4663 ¹)
2003 4582 2085 4637 Cf.
2122 4581 2559 4664 Sommerv-ogel·
2586 4584 2652 4645 11,
2699 4586 2852 4640 1588.
2904 4582 2982 4636 De
3024 4582 3148 4651 ejus

1859 4653 2084 4722 scriptis
2127 4654 2505 4735 mariologicis
2544 4672 2605 4707 in
2640 4654 2950 4708 utilitatem
2990 4653 3150 4707 soda-

594 4725 636 4785 ⁴)
665 4720 747 4773 ct.
776 4720 843 4774 de
871 4721 976 4773 hoc
1002 4738 1186 4791 opere,
1228 4724 1289 4776 in
1317 4740 1427 4791 quo
1455 4722 1804 4792 praeclaram
1859 4724 1999 4778 lium
2027 4727 2535 4848 congregationum
2564 4725 2953 4779 marianarum
2979 4723 3149 4778 editis

520 4790 770 4844 instituit
808 4793 1284 4857 comparationem
1329 4794 1478 4848 inter
1512 4794 1806 4863 opiniones
1861 4796 1934 4853 cf.
1957 4796 2014 4849 F.
2043 4794 2143 4867 F(a

2168 4795 2226 4860 k)
2268 4794 2541 4849 Katholik
2582 4800 2722 4854 1903
2749 4797 2817 4860 11,
2841 4800 3146 4853 454—458.
