3625 5193
404 258 440 313 8
453 260 479 311 1
1459 239 1651 295 Sixtus
1677 238 1955 294 Senensis.
2933 253 2967 306 3
2977 252 3012 305 2

404 428 725 503 aliquando
758 426 1151 485 fortissimum
1185 427 1306 485 fore
1338 423 1684 501 praevidens
1738 426 2144 485 voluminibus
2176 424 2563 500 pertractans,
2591 422 2826 499 singula
2856 422 3017 498 ipso-

406 518 698 576 Ecclesiae
730 515 1001 574 columen
1035 514 1288 591 fideique
1309 516 1591 592 pugilem,
1613 518 1686 573 ut
1737 534 1872 574 rum
1905 517 2271 592 argumenta,
2294 515 2582 581 auctoreS,
2605 512 3017 571 auctoritatem

405 610 470 666 et
495 607 600 665 has
632 604 910 664 infamiae
941 603 1133 663 nubes
1166 606 1549 681 abstergeret,
1595 604 1685 663 vi·
1739 622 2059 679 rerumque
2108 603 2182 661 ab
2227 601 2372 677 ipsis
2406 600 2837 676 descriptarum
2870 604 3018 659 tem-

401 700 581 771 taque
613 714 769 754 nova
800 711 867 751 ac
896 694 1223 768 tranquilla
1270 694 1545 769 deinceps
1594 693 1684 752 vi·
1740 713 1882 770 pora
1912 692 2364 769 diligentissime
2393 693 2662 766 exponet.
2697 689 3020 759 Secundus,

409 804 543 843 vere
574 788 787 859 posset,
810 801 917 857 pro
938 786 1078 842 voto
1109 782 1272 841 illius
1302 786 1533 841 mutato
1564 782 1685 858 pri-
1743 783 2098 857 scriptorum
2131 779 2416 850 omnium,
2451 797 2706 855 quorum
2737 779 2804 837 in
2821 796 2895 837 ss.
2917 797 3019 836 vo-

407 874 550 932 stini
600 873 895 932 Minorum
945 871 1215 930 instituti
1277 872 1685 941 contubernio,
1743 870 2071 930 luminibus
2103 870 2173 928 fit
2204 869 2444 939 mentio,
2496 868 2714 942 scripta
2745 869 3022 926 universa

406 981 516 1022 suo
566 962 738 1021 illum
789 960 1088 1036 cooptavit
1149 979 1284 1019 cum
1338 961 1688 1037 apostolicae
1742 960 2036 1018 exstantia
2066 962 2190 1018 tam
2220 978 2361 1018 vera
2390 962 2450 1016 et
2470 955 2824 1026 indubitata,
2847 976 3024 1032 quum

406 1052 558 1111 sedis
593 1050 949 1110 auctoritate
981 1050 1449 1124 praedicatorum
1496 1050 1689 1108 ordini
1744 1050 2078 1124 apocrypha
2125 1052 2185 1105 et
2229 1044 2775 1124 pseudoepigrapha
2823 1037 3036 1104 recen·⁴

407 1142 722 1217 ipsumque
755 1139 1009 1214 propriis
1043 1138 1320 1197 manibus
1362 1138 1600 1214 propria
1631 1143 1690 1196 et
1743 1138 1915 1207 sebit,
1949 1138 2332 1213 ipsorumque
2365 1137 2718 1212 argumenta
2750 1152 2817 1193 ac
2837 1135 3027 1192 multa

407 1234 571 1289 veste
602 1227 846 1289 donavit
889 1247 938 1285 a.
992 1237 1176 1290 1551.
1242 1228 1443 1286 Refert
1489 1231 1690 1286 autem
1744 1228 1806 1285 in
1839 1227 1932 1284 his
1963 1226 2211 1285 obscura
2253 1224 2447 1284 lucide
2491 1223 2824 1300 explicabit.
2885 1223 3023 1281 Ter-

406 1317 481 1377 de
533 1337 592 1377 se
642 1311 938 1397 Sixtus1):
996 1317 1175 1383 ,Pius
1224 1316 1290 1374 V.
1336 1317 1398 1374 P.
1433 1317 1506 1374 M.
1555 1336 1690 1375 cum
1746 1317 1890 1386 tius,
1955 1318 2142 1373 artem
2205 1314 2537 1389 exponendi
2601 1331 2676 1370 ss.
2724 1312 3029 1371 volumina

408 1414 544 1466 ante
576 1405 986 1482 pontificatum
1015 1405 1070 1463 ei
1090 1405 1376 1464 divinitus
1409 1406 1690 1464 collatum
1746 1406 2155 1479 complectenS,
2183 1414 2261 1466 60
2297 1404 2419 1462 fere
2454 1402 2657 1460 modos
2678 1401 3029 1475 explanandi

408 1496 774 1571 amplissimo
805 1513 871 1553 ac
902 1512 1065 1553 sacro
1098 1495 1285 1554 totius
1336 1494 1691 1554 christianae
1750 1512 1826 1552 ss.
1861 1492 2082 1569 scripti
2114 1492 2417 1551 catholicis
2448 1490 2882 1566 expositoribus
2909 1491 3028 1548 usi·

411 1584 819 1660 inquisitionis
849 1584 1083 1642 senatui
1115 1586 1431 1659 praeesset,
1456 1604 1505 1642 a.
1527 1584 1691 1642 vide·
1747 1586 1905 1641 tatos
1969 1581 2241 1640 ostendet
2305 1579 2633 1656 aptissimis
2683 1579 2907 1656 regulis
2970 1581 3031 1637 et

409 1674 548 1733 licet
578 1674 873 1732 humanae
906 1672 1120 1731 salutis
1175 1682 1339 1736 1559
1389 1673 1555 1731 misit
1600 1691 1693 1731 me
1749 1670 2048 1746 exemplis.
2112 1669 2390 1739 Quartus,
2443 1669 2773 1744 catalogum
2825 1687 3031 1726 eorum

410 1762 773 1821 Cremomam
816 1760 891 1820 ad
935 1760 1252 1820 abolendos
1298 1762 1693 1821 thalmudicos
1749 1761 2075 1829 continens„
2120 1759 2224 1834 qui
2258 1759 2461 1817 divina
2493 1758 2800 1817 volumina
2832 1758 3031 1815 catho-

409 1851 816 1910 Hebraeorum
847 1851 1033 1909 libros
1063 1850 1278 1927 impiae
1306 1869 1372 1910 ac
1392 1851 1694 1928 prodigio·
1751 1850 1882 1908 licis
1957 1847 2552 1924 interpretationibus
2628 1846 3029 1914 illustrarunt,

414 1958 513 2000 sae
561 1940 881 2010 doctrinae,
933 1957 1084 2014 quos
1147 1940 1362 1998 Judaei
1411 1958 1480 1998 ex
1536 1940 1697 1999 omni
1753 1938 2205 2014 comprehendet
2282 1935 2684 2012 expositorum
2747 1934 3029 2004 omnium,

410 2030 595 2088 ferme
626 2029 800 2088 ltalia
830 2028 891 2086 in
922 2047 1049 2087 eam
1081 2029 1289 2086 urbem
1310 2032 1613 2104 tamquam
1633 2029 1695 2086 in
1753 2028 1854 2104 qui
1892 2027 1966 2085 ab
1999 2046 2048 2086 a.
2086 2036 2228 2089 300.
2262 2029 2400 2085 ante
2424 2025 2721 2083 Christum
2763 2044 2818 2082 n.
2842 2042 3034 2098 usque

410 2136 722 2177 commune
731 2117 1004 2193 judaicae
1025 2118 1282 2176 nationis
1304 2118 1538 2194 asylum
1558 2135 1693 2176 con·
1752 2117 1826 2176 ad
1860 2116 2000 2174 haec
2029 2120 2297 2191 tempora
2318 2134 2391 2173 33.
2425 2113 2607 2173 libros
2644 2118 2802 2171 recte
2824 2113 3034 2187 pieque

414 2210 697 2267 vexerant
745 2210 899 2265 etc.‘
952 2202 1301 2287 Referuntss)
1349 2206 1529 2265 etiam
1561 2226 1693 2265 eum
1753 2209 2167 2281 exposuerunt,
2200 2204 2457 2273 nomina,
2509 2221 2716 2278 genus,
2769 2202 3034 2277 dignita-

413 2295 672 2356 letaliter
703 2294 1154 2354 decumbentem
1185 2313 1574 2371 quaecunque
1595 2295 1698 2354 ad·
1752 2298 1892 2364 tem,
1917 2294 2200 2361 seculum,
2236 2292 2798 2351 commentariorum
2826 2309 3035 2347 nume-

416 2385 533 2444 huc
577 2385 803 2444 inedita
846 2384 1184 2459 scripserat,
1237 2384 1390 2444 forte
1436 2385 1696 2443 nondum
1753 2403 1888 2442 rum
1937 2385 1998 2440 et
2045 2382 2410 2451 varietatem,
2477 2380 2760 2456 linguam,
2811 2379 3033 2446 stilum,

416 2494 526 2534 suo
558 2474 784 2533 calculo
815 2473 1016 2549 praelo
1036 2476 1288 2541 matura,
1314 2475 1451 2531 ante
1470 2473 1697 2531 obitum
1756 2471 2145 2547 expositionis
2192 2489 2400 2547 genua,
2447 2468 2776 2543 exponendi
2807 2467 3034 2525 metho-

419 2564 545 2642 igni
576 2562 926 2623 tradidisse:
978 2565 1155 2637 atque
1188 2563 1335 2620 hanc
1366 2581 1489 2622 esse
1520 2581 1700 2620 unam
1757 2561 1901 2620 dum
1937 2562 1998 2620 et
2027 2559 2373 2636 praesertim
2414 2558 2676 2616 virorum
2708 2556 3037 2615 illustrium

419 2656 726 2724 rationem,
761 2671 867 2711 cur
886 2671 952 2710 ex
971 2654 1065 2710 tot
1082 2652 1405 2727 tantisque,
1428 2670 1580 2727 quae
1610 2651 1704 2710 vir
1759 2651 1921 2709 varia
1974 2651 2045 2708 de
2096 2649 2432 2726 praecipuis
2482 2647 2912 2723 expositoribus
2937 2647 3037 2721 ju-

420 2744 523 2801 ille
543 2741 987 2801 eruditissimus
1014 2742 1474 2800 concinnaverat
1506 2741 1701 2816 operi-
1758 2739 1939 2798 dicia:
1993 2738 2130 2796 huic
2179 2738 2458 2796 accedent
2506 2735 2841 2811 appendicis
2891 2736 3037 2804 loco,

422 2834 553 2900 buS‚
588 2849 861 2906 quaeque
894 2830 1016 2903 ipse
1036 2848 1070 2887 a
1090 2848 1152 2888 se
1186 2829 1410 2904 scripta
1440 2832 1704 2888 recenset
1755 2828 1829 2888 de
1859 2827 2147 2886 hebraicis
2181 2827 2518 2886 divinorum
2538 2825 2909 2883 voluminum
2942 2843 3039 2882 ex-

421 2918 731 3002 (Biblioth.
766 2921 803 2977 l.
840 2913 943 2998 4.),
992 2919 1229 2977 nullum
1276 2918 1440 2978 aliud
1473 2921 1706 2993 praeter
1758 2916 2124 2993 positoribus
2156 2916 2454 2985 elenchuS,
2488 2915 2752 2989 itemque
2774 2914 2846 2971 de
2866 2913 3042 2971 falsa-

420 3009 830 3070 Bibliothecam
891 3014 1152 3066 sanctam
1212 3007 1550 3083 posteritati
1604 3026 1702 3065 su·
1758 3026 1894 3065 rum
1956 3005 2409 3081 inscriptionum
2472 3003 2665 3061 causis
2715 3004 2775 3060 et
2819 3003 3040 3076 quibus

422 3099 623 3175 persit.
660 3098 878 3156 Verum
912 3096 1052 3154 haec
1084 3096 1309 3155 sufficit
1337 3096 1411 3155 ad
1432 3115 1705 3173 magnam
1760 3094 2113 3171 conjecturis
2144 3112 2347 3153 earum
2386 3092 2860 3168 deprehendatur
2877 3091 3041 3149 falsi-

424 3206 532 3246 suo
579 3185 806 3245 auctori
854 3185 1207 3244 eruditionis
1253 3187 1463 3244 samam
1514 3185 1703 3244 conci·
1759 3188 1872 3255 tas,
1905 3183 2100 3242 brevis
2143 3181 2484 3242 admonitio,
2550 3179 2807 3249 Quintus
2839 3198 3042 3238 censo-

424 3276 700 3338 liandam.
752 3275 982 3334 Prodiit
1026 3294 1094 3333 ea
1139 3275 1397 3350 primum
1444 3273 1708 3332 Venetiis
1761 3273 1918 3331 rium
1953 3272 2082 3347 ejus
2114 3273 2177 3330 in
2209 3271 2569 3347 expositores
2603 3268 2942 3329 divinorum
2975 3268 3041 3325 V.

433 3374 592 3429 1566
629 3364 863 3424 duobus
892 3363 1301 3422 voluminibus
1330 3363 1393 3420 in
1420 3363 1706 3433 f.,deinde
1761 3362 1822 3420 T.
1855 3361 2228 3420 voluminum
2279 3359 2393 3418 sibi
2442 3357 2768 3426 vindicans,
2803 3356 3045 3414 habebit

425 3454 690 3529 saepius;
742 3453 1015 3512 meliores
1067 3451 1357 3511 editiones
1411 3456 1553 3510 sunt
1607 3451 1707 3508 illa
1764 3450 2196 3518 annotationeS,
2261 3465 2555 3516 censuras,
2609 3446 3042 3521 castigationes,

429 3543 494 3601 P.
526 3544 615 3601 de
648 3544 717 3600 la
763 3542 921 3618 Hay
956 3540 1013 3599 S.
1044 3540 1100 3599 J.
1134 3540 1411 3617 Lugduni
1452 3550 1606 3602 1591
1649 3541 1709 3598 et
1764 3538 2204 3598 observationes
2264 3539 2326 3595 ct
2373 3535 2794 3594 elucidationes
2844 3533 3044 3592 erudi-

429 3626 651 3713 alibiss),
685 3635 745 3690 et
776 3631 960 3689 altera
990 3630 1242 3688 Thomas
1290 3629 1611 3687 Milante
1644 3627 1707 3687 O.
1764 3626 2132 3686 tissimorum
2178 3625 2468 3684 Ecclesiae
2513 3623 2820 3682 doctorum
2867 3640 3046 3698 super

426 3721 628 3779 Praed.
662 3720 908 3796 Neapoli
944 3739 993 3778 a.
1019 3726 1184 3782 1742
1218 3719 1577 3793 locupletata
1606 3736 1707 3775 an·
1769 3715 1952 3775 variis
1986 3715 2128 3775 locis
2159 3717 2226 3774 in
2256 3712 2768 3790 explanationibus
2787 3711 3044 3770 nobilio-

427 3809 833 3868 notationibus
878 3807 1080 3877 doctis,
1127 3807 1389 3866 auctario
1450 3807 1710 3865 virorum
1766 3826 1895 3865 rum
1920 3806 2322 3881 expositorum
2339 3803 2556 3881 partim
2577 3805 2746 3861 caute
2762 3801 3043 3878 legendis,

426 3899 752 3969 doctorum,
796 3897 899 3972 qui
931 3897 1002 3956 de
1033 3915 1077 3954 s.
1112 3896 1417 3972 Scriptura
1466 3896 1709 3972 scripse·
1766 3895 1986 3971 partim
2019 3913 2262 3970 prorsus
2294 3892 2574 3963 vitandiS,
2592 3891 2810 3967 partim
2843 3891 3045 3966 piein-

431 3992 591 4056 runt,
639 3987 744 4063 qui
792 3987 887 4044 vel
937 3985 1337 4061 praetermissi
1384 3984 1631 4043 fuerunt
1679 4004 1713 4042 a
1771 3983 2166 4059 terpretandis
2201 3987 2309 4042 aut
2340 3983 2547 4040 saltem
2577 3979 2842 4039 modeste
2875 3999 3047 4037 excu-

430 4075 594 4134 Sixto
625 4077 718 4135 vel
752 4083 889 4151 post
921 4076 1117 4149 ipsum
1148 4075 1495 4133 floruerunt.
1548 4073 1711 4131 Divi-
1772 4072 1988 4131 sandiS.
2024 4072 2236 4130 Sextus
2258 4071 2462 4130 eodem
2494 4068 2816 4128 annotandi
2851 4068 3048 4127 studio

429 4163 598 4223 ditur
628 4183 804 4240 porro
838 4163 945 4222 hoc
976 4180 1125 4238 opus
1156 4163 1221 4221 in
1254 4172 1289 4228 8
1326 4163 1529 4231 libroS,
1563 4181 1710 4238 quo·
1767 4164 1830 4220 et
1861 4161 2066 4219 ordine
2098 4177 2376 4219 censuras
2421 4165 2483 4218 et
2522 4160 2942 4216 annotamenta
2986 4157 3049 4214 in

436 4273 569 4312 rum
604 4253 893 4331 „primus,
925 4251 1106 4310 verba
1148 4253 1290 4310 sunt
1339 4252 1600 4310 auctoris
1651 4251 1713 4308 in
1768 4250 2177 4326 explanatores
2223 4249 2293 4306 N.
2341 4248 2403 4306 T.
2449 4247 2794 4306 continebit.
2860 4246 3048 4321 Septi-

435 4343 814 4417 praefatione,
875 4342 947 4400 de
996 4340 1213 4399 divinis
1274 4340 1589 4415 utriusque
1651 4340 1712 4397 T.
1768 4358 1902 4398 mus
1936 4339 2220 4398 adversus
2253 4355 2351 4396 eos
2385 4338 2706 4404 decertem,
2743 4334 2849 4410 qui
2869 4335 3051 4393 libros

1770 4429 1840 4487 N.
1875 4428 1934 4486 T.
1970 4427 2305 4486 haeresibus
2351 4426 2475 4485 suis
2509 4425 2824 4484 obscurare
2855 4426 3050 4482 tenta-

516 4517 549 4583 ¹)
575 4513 844 4567 BibUOssh·
871 4530 912 4567 ⁸·
938 4511 975 4565 l·
1002 4516 1056 4568 4·
1082 4511 1155 4565 ad
1180 4511 1407 4566 calcem·
1771 4520 1932 4588 runt,
1967 4534 2171 4575 omnes
2203 4516 2490 4584 haereseS,
2542 4533 2691 4589 quae
2741 4513 2814 4570 ab
2849 4530 3048 4571 ascen—

510 4589 552 4726 {3
578 4581 1349 4710 gfggffiaffigilffihffiapcffss
1376 4583 1441 4647 H'
1468 4586 1590 4639 2⁰7·
1773 4607 1937 4666 sione
1953 4605 2170 4664 Christi
2191 4605 2459 4680 usquein
2497 4603 2648 4661 hanc
2668 4602 2825 4659 diem
2846 4602 3051 4658 adver-

1272 4657 1362 4724 p1t
1388 4669 1555 4721 quem
1589 4668 1716 4706 mox

438 4727 855 4783 nominabimus
894 4725 1139 4780 Thomas
1165 4725 1402 4780 Milante
1439 4724 1500 4778 in
1540 4724 1716 4795 praef,
1774 4715 1876 4754 ³¹¹⁸
1926 4695 2193 4771 Singfflas
2217 4694 2391 4795 ·N.·T.
2417 4691 2784 4793 ,gfff-PQYRS.
2818 4697 3052 4747 3¹0¹*ae

438 4814 569 4853 suae
596 4798 733 4854 edit.
1773 4789 1931 4854 sunt,
1964 4788 2088 4842 tam
2124 4803 2191 4842 ex
2215 4801 2354 4858 ipsis
2374 4782 2596 4840 divims
2630 4780 2839 4849 literis,
2874 4797 3052 4853 quam
