3625 5193
438 233 468 284 7
481 233 511 283 7
1445 221 1649 289 Copns,
1676 218 2044 275 Nacchiante.
2971 238 3002 289 7
3014 237 3048 292 8

432 408 692 462 nostram
727 402 927 461 minus
972 403 1205 462 faciunt
1219 398 1285 484 ¹),
1332 405 1712 479 prodierunt:
1770 406 1834 464 in
1866 424 1933 465 eo
1966 423 2157 481 opere,
2191 424 2343 481 quae
2373 405 2626 464 nimium
2658 405 2902 482 pietatis
2924 410 3051 465 stu-

437 495 521 553 De
539 494 775 568 justitia
805 493 1023 551 coelesti
1052 493 1108 551 ll.
1139 491 1216 569 X,
1246 493 1518 552 Coloniae
1545 504 1711 557 1574
1770 493 1937 553 dium
1986 495 2083 552 vel
2133 495 2607 554 concionatorius
2660 495 3051 572 exaggerandi

434 583 719 641 adversus
769 581 1098 640 Lutherum
1149 585 1210 640 et
1259 583 1579 642 Calvinum.
1643 584 1714 642 In
1770 584 1982 643 modus
2045 583 2309 653 extorsit,
2361 584 2755 660 expungenda
2804 601 3050 642 censue·

434 672 783 730 Gualterum
816 671 1172 729 Haddonum
1214 672 1588 731 Elisabethae
1622 691 1713 731 re·
1769 675 1916 730 runt
1937 680 1994 743 3«
2074 672 2293 747 quibus
2367 673 2644 731 correctis
2706 673 3050 748 saepissime

432 761 606 837 ginae
638 759 989 836 magistrum
1011 760 1349 819 libellorum
1376 762 1713 837 supplicum
1769 760 1991 837 prodiit
2040 765 2111 819 ut
2157 762 2536 836 Antwerpiae
2594 770 2798 831 15833
2863 770 3049 824 1622.

432 850 501 907 de
534 867 664 906 cera
686 850 957 924 reliqione
975 849 1032 907 ll.
1055 848 1173 919 ΠΙ,
1198 849 1496 925 Olisipone
1527 860 1711 922 15673
1770 850 1972 926 Spatio
2004 850 2186 909 unius
2220 851 2403 909 seculi
2432 861 2505 913 15
2540 851 2829 909 editiones
2849 868 3049 909 recen-

435 938 707 1014 Dilingae
739 949 755 998 1
776 947 807 999 5
821 947 900 999 69
920 959 933 1005 ;
957 956 1089 995 cum
1110 937 1516 1014 christophori
1534 939 1579 997 L
1596 958 1710 998 on·
1769 942 1864 997 set
1885 940 1929 996 L
1945 957 1977 996 e
2006 939 2053 996 L
2068 955 2101 996 o
2117 958 2156 997 n
2173 935 2293 1021 g1).
2312 939 2635 1014 Subjicitur
2649 939 2898 998 subinde
2919 941 3049 1014 ejus

431 1027 623 1103 golii
672 1023 734 1108 (†
793 1021 982 1107 1522)
1028 1045 1150 1085 non
1196 1027 1503 1087 dissimilis
1535 1048 1712 1105 argu·
1770 1029 1808 1090 1.
1841 1029 1910 1086 de
1940 1029 2105 1086 >modo
2152 1029 2531 1087 concionandi
2562 1028 2686 1086 sive
2735 1028 3050 1086 Rhetorica

433 1117 617 1174 menti
650 1115 912 1174 oratione
952 1124 1116 1177 1576
1153 1118 1294 1185 etc.;
1329 1119 1389 1175 in
1416 1118 1714 1191 epistolam
1769 1117 2181 1188 ecclesiastica,
2207 1116 2597 1176 Salmanticae
2625 1124 2818 1187 15763
2850 1127 3046 1182 1596;

437 1207 487 1262 b.
526 1206 699 1263 Pauli
728 1205 809 1263 ad
829 1205 1121 1263 Romanos
1138 1205 1193 1264 ll.
1213 1205 1255 1263 I
1265 1205 1348 1277 V,·
1375 1208 1711 1281 par-aphra—
1778 1215 1961 1268 1584.

430 1296 513 1352 sis
544 1297 607 1352 in
636 1293 767 1368 Job,
808 1293 1086 1367 Psalmos,
1109 1293 1433 1353 Salomonis
1464 1296 1711 1369 Sapien-

431 1386 594 1457 tiam,
629 1383 852 1440 Isaiam
867 1404 895 1454 ,·
925 1385 1333 1441 commentaria
1367 1386 1430 1441 in
1454 1385 1710 1443 Parabo-
1862 1392 1960 1447 37.
1993 1384 2076 1441 Ex
2099 1384 2307 1459 Anylis
2325 1383 2513 1441 edidit
2544 1383 2769 1441 Alanus
2803 1383 3047 1457 Copus

430 1473 520 1529 las
552 1472 897 1545 Salomonis,
929 1473 992 1528 in
1028 1471 1248 1542 Oseam,
1271 1474 1333 1530 in
1358 1472 1712 1532 Zachariam
1767 1472 2175 1532 LondinensiS.
2197 1472 2300 1548 qui
2333 1472 2469 1530 fidei
2495 1489 2674 1530 causa
2694 1472 2933 1530 Romam
2955 1489 3047 1528 se·

421 1561 658 1636 proph„
692 1561 765 1618 de
797 1560 1016 1636 quibus
1065 1561 1271 1619 scribit
1303 1561 1395 1620 Ca
1416 1563 1511 1620 lm
1537 1581 1568 1621 e
1588 1560 1709 1643 t²):
1769 1563 1948 1620 cessit
1995 1562 2308 1635 factusque
2356 1561 2558 1619 doctor
2609 1560 2939 1637 theologiae
2989 1564 3050 1617 et

434 1650 547 1717 ,In
596 1649 719 1706 suis
769 1649 1204 1708 commentariis
1237 1653 1297 1708 et
1332 1651 1710 1727 paraphrasi·
1761 1651 1918 1726 juris
1951 1651 2215 1709 canonici
2256 1650 2508 1708 decessit
2556 1649 2869 1708 canonicus
2904 1648 2975 1707 ad
3003 1667 3045 1705 s.

430 1739 545 1796 bus
590 1738 861 1814 neglecta
906 1739 1272 1815 expositione
1318 1758 1525 1799 vocum
1562 1740 1709 1799 sacri
1768 1740 2012 1798 Petrum
2044 1740 2292 1798 Lovanii
2334 1747 2521 1813 1568,
2555 1739 2841 1815 Syntaxin
2873 1738 3046 1795 histo—

431 1830 631 1886 textus
662 1830 827 1885 totus
860 1829 949 1885 est
980 1827 1045 1885 in
1075 1827 1407 1905 indagando
1441 1848 1620 1887 sensu
1650 1832 1713 1887 et
1768 1831 1895 1886 riae
1913 1830 2284 1906 evanyelicae,
2310 1828 2371 1886 in
2392 1846 2620 1902 quares
2639 1828 2706 1885 D.
2728 1827 2799 1885 N.
2822 1827 2875 1885 J.
2898 1826 3044 1895 chr„

431 1916 848 1974 connexione.‘
872 1950 959 1959 ·--
981 1917 1085 1975 His
1117 1917 1373 1991 denique
1406 1918 1711 1977 addendus
1769 1937 1888 1992 quo
1909 1918 2115 1976 ordine
2141 1925 2333 1997 yestae
2362 1918 2615 1991 fuerant,
2636 1918 2784 1989 ipsis
2801 1923 3050 1992 quatuor

430 2005 683 2063 Didacus
713 2004 799 2063 de
832 2005 1135 2064 Estella
1169 2000 1289 2087 (vel
1322 2003 1531 2088 Stella)
1568 2007 1631 2066 Ο.
1655 2007 1709 2066 S.
1767 2008 2245 2082 evanqelistamm
2307 2006 2488 2063 verbis
2536 2004 2754 2081 partite
2817 2009 2878 2062 et
2927 2003 3046 2062 dis-

431 2094 649 2163 Franc.,
684 2094 1008 2151 secundum
1041 2095 1189 2153 alios
1223 2095 1539 2165 lusitanus,
1588 2096 1709 2155 his·
1766 2096 1950 2154 tincte
2028 2095 2327 2154 collocatis
2396 2098 2737 2163 narrantur,
2802 2092 3047 2151 Lovanii

429 2201 620 2257 panus
653 2183 972 2241 secundum
1003 2183 1162 2242 alios,
1198 2183 1447 2261 Scripsit
1477 2188 1711 2259 praeter
1774 2192 1974 2254 15723
2012 2183 2194 2242 Duaci
2238 2193 2401 2246 1603
2438 2183 2498 2240 in
2535 2193 2589 2245 4.

430 2272 681 2329 ascet-ica
711 2274 780 2329 de
808 2280 1126 2346 contemptu
1157 2274 1362 2331 mundi
1392 2274 1709 2332 Caesarau-

427 2364 638 2435 gustae
698 2370 858 2423 1572
917 2364 1057 2431 etc.;
1109 2363 1177 2418 de
1209 2380 1404 2419 amore
1438 2362 1546 2420 Dei
1578 2363 1706 2421 Sal·
1859 2369 1957 2423 38.
2006 2360 2240 2436 Reliqui
2289 2363 2432 2418 sunt
2477 2361 2615 2419 Itali
2626 2358 2693 2441 2),
2746 2380 2777 2418 e
2825 2361 3044 2434 quibus

427 2451 716 2507 manticae
760 2459 919 2512 1582
955 2453 1062 2508 etc.
1112 2451 1460 2527 (utrumque
1507 2452 1710 2527 lingua
1765 2450 1883 2507 duo
1906 2449 2188 2520 eminent,
2210 2449 2392 2507 Jacob
2423 2450 2866 2508 Nacchiante
2897 2445 3043 2527 (Na-

426 2537 636 2614 hispan
647 2537 723 2618 a).
748 2558 897 2613 quae
919 2557 963 2601 s,
985 2539 1330 2599 Franciscus
1363 2540 1399 2598 S
1417 2541 1482 2598 al
1496 2559 1527 2598 e
1545 2541 1665 2600 siu
1681 2559 1708 2599 s

426 2627 623 2704 magni
657 2628 796 2686 fecit
828 2634 887 2685 et
922 2648 1071 2703 quae
1106 2629 1323 2688 iterum
1354 2630 1707 2704 prodierunt
1846 2642 1880 2710 ¹)
1909 2638 1990 2692 Cf.
2029 2637 2172 2693 Bibl.
2210 2639 2356 2708 hisp.
2399 2654 2527 2692 nov.
2556 2642 2604 2701 1,
2631 2641 2751 2702 282,
2793 2637 2891 2690 ubi
2933 2635 3047 2689 alia

426 2717 488 2773 in
559 2717 832 2775 Colleeion
896 2718 966 2775 de
1030 2718 1117 2776 los
1177 2719 1428 2794 majores
1470 2723 1707 2778 autores
1765 2709 2017 2779 ejusdem
2046 2710 2293 2791 aucliffl'iss
2339 2725 2511 2779 Opem
2545 2709 2826 2780 (weeffissa)
2860 2724 3046 2762 recen-

764 2808 807 2867 τ-
1839 2850 2900 2920 ..Β
2914 2783 3046 2903 1:2⁷3:

427 2893 803 2971 Evanyeffi‘m
823 2895 1016 2953 Lucae
1036 2898 1234 2954 vastos
1252 2899 1705 2971 commentarios,
1762 2923 1882 2976 eiu
1900 2942 1955 2976 m
1985 2923 2046 2977 Ο.
2074 2925 2126 2978 S.
2153 2923 2360 2977 Bened.
2388 2922 2786 2976 Florentinum
2814 2931 2860 2987 (†
2886 2926 3045 2986 1574)

426 2986 495 3039 ut
529 2983 612 3040 ait
645 2982 940 3054 Schottus,
999 2984 1179 3052 ,stilo
1209 2988 1413 3043 tamen
1446 2986 1613 3043 tenui
1647 2989 1707 3042 et
1763 2998 2054 3048 auctorem
2097 2998 2412 3049 harmoniae
2463 2996 2516 3047 V.
2546 3003 2593 3047 et
2631 2997 2700 3050 N.
2752 2998 2827 3058 T„
2870 3009 3042 3060 quam

425 3071 678 3147 vulgari,
713 3072 774 3130 in
808 3092 925 3147 quo
958 3091 1134 3131 sensu
1166 3073 1389 3132 literali
1422 3077 1593 3132 acute
1612 3075 1704 3132 in·
1766 3065 2020 3119 venetiis
2081 3065 2356 3136 P1⁰dfi³⁸0
2419 3067 2662 3118 testam?
2705 3063 3046 3117 P0⁸⁸8V11¹¹1⁸

421 3165 620 3230 m...
654 3161 905 3220 moraes
937 3181 1177 3236 quoque
1441 3163 1703 3221 infinitos
1761 3136 3045 3277 23332.2;²³.‘1.1⁰313‘31332.32530:32{aaz}az.-

424 3250 585 3307 eruit
601 3253 661 3306 et
682 3249 1067 3349 locupletas«
1096 3251 1485 3351 Sfflmanfficae
1511 3262 1584 3314 15
1597 3262 1671 3314 75
1690 3274 1702 3322 3
1762 3279 1874 3333 tori
1901 3278 2034 3333 utili
2055 3278 2170 3334 alla
2184 3278 2554 3348 intelligeuza
2573 3278 2876 3346 spirituale
2893 3277 3045 3330 della

425 3337 722 3412 Compluti
762 3349 924 3401 1578
960 3340 1071 3397 vol.
1099 3349 1132 3401 2
1158 3359 1217 3397 m
1238 3338 1308 3410 f.;
1349 3343 1705 3415 Antverpiae
1761 3368 1803 3405 s,
1833 3350 2099 3414 Seritura,
2128 3349 2452 3404 Florentiae
2477 3354 2617 3406 1572
2643 3348 2703 3401 in
2723 3354 2775 3404 4.
2792 3382 2859 3388 —-
2877 3347 3044 3401 Nico·

433 3436 618 3491 1584.
678 3427 981 3486 Editiones
1029 3431 1164 3487 ante
1206 3448 1255 3490 a.
1299 3437 1479 3492 1581.
1528 3429 1704 3487 index
1760 3424 1917 3476 laum
1945 3420 2529 3491 Mongeorghnn,
2565 3421 2714 3488 juris
2742 3418 3044 3485 utriusque

424 3534 705 3574 romanus
723 3517 1017 3589 quondam
1035 3516 1454 3592 prohibuit,et,
1470 3518 1704 3593 hispani
1760 3493 2382 3632 ggssfggss’ezxglffizess
2391 3491 3044 3616 ssbfl'ss‘lll‘ssedsgssffiziffi'ff

422 3604 704 3680 theologi,
727 3605 812 3663 ait
831 3607 1016 3663 Lucas
1040 3606 1492 3682 Wacldingus,
1514 3608 1705 3664 multa
1762 3635 1871 3689 (ἦε
1915 3635 2100 3689 orium
2128 3633 2170 3685 p
2187 3633 2245 3686 ri
2263 3651 2318 3685 m
2336 3633 2444 3685 ati
2462 3635 2485 3685 t
2502 3632 2521 3684 i
2540 3651 2576 3685 u
2594 3650 2650 3685 m
2679 3630 3043 3703 (primafficei)

1762 3705 1824 3760 O.
1898 3705 2047 3759 raed.
2070 3704 2371 3758 Etruscum
2398 3709 2446 3774 (†
2463 3706 2603 3760 1578
2629 3720 2678 3757 a.
2695 3702 2899 3756 aetatis
2915 3707 3043 3770 800.

1762 3777 1864 3845 qui
1890 3794 1993 3846 pro
2011 3775 2422 3847 incipientibus
2438 3777 2497 3828 et
2513 3775 2703 3828 minus
2718 3773 2914 3845 peritis
2930 3775 3046 3827 edi-

421 3851 623 3901 tarr'um
670 3850 726 3900 in
752 3849 1100 3902 Ecclesiasten
1142 3857 1188 3902 et
1231 3852 1439 3902 cantica
1483 3853 1704 3902 cantieo-
1760 3849 1848 3902 dit
1873 3851 2274 3917 &positionem
2315 3850 2570 3901 literalem
2601 3850 2834 3900 onmium
2855 3850 3041 3913 episto-

420 3937 564 3986 rum,
594 3917 861 3987 Lugduni
892 3923 1048 3975 1611.
1076 3921 1179 3974 etc.
1219 3919 1364 3979 „Son
1393 3934 1594 3982 neven,
1620 3919 1704 3971 in·
1759 3924 1940 3975 larum
1982 3923 2033 3976 d.
2079 3922 2252 3983 Pauli,
2299 3917 2554 3972 Venetiis
2601 3921 2743 3973 1564
2781 3916 2842 3969 in
2880 3921 2931 3972 4.
2974 3948 3041 3958 —-

422 3990 555 4056 quit
578 3989 624 4042 D
645 4007 682 4042 ιι
710 3988 785 4041 Pi
800 4007 857 4052 n,
882 3989 1027 4044 Bibl.
1056 4007 1225 4044 nouit.
1244 3993 1327 4054 16,
1354 3995 1475 4055 122,
1502 3990 1706 4044 n’ecrit
1760 3991 2026 4058 Aloysius
2043 3989 2404 4060 (Ludovicus)
2424 3989 2465 4041 V
2487 4006 2524 4042 u
2541 3988 2563 4040 1
2580 4004 2609 4042 c
2624 4004 2658 4040 a
2673 4006 2712 4040 n
2727 4005 2765 4040 ιι
2784 4006 2807 4040 s
2834 3991 3041 4040 terram

421 4076 525 4130 pas
552 4059 746 4114 sibien
767 4077 878 4128 que
898 4060 1001 4124 lui,
1023 4060 1309 4129 quoiqu'il
1324 4061 1585 4115 aitimite
1601 4078 1705 4114 son
1760 4064 2014 4115 sanctam
2043 4066 2179 4118 1557
2225 4060 2524 4114 lustravit:
2568 4058 2704 4113 hinc
2744 4063 2913 4113 enata
2958 4060 3044 4111 est

419 4129 582 4199 style,
611 4131 753 4184 mais
780 4132 822 4184 il
837 4132 1025 4201 parait
1040 4133 1200 4187 avoir
1213 4150 1283 4186 eu
1301 4133 1430 4202 plus
1446 4133 1500 4185 d·
1519 4132 1703 4185 erudi·
1772 4135 1906 4186 Vera
1932 4152 1958 4187 e
1982 4152 2158 4186 nicom
2183 4135 2495 4186 deser-itione
2521 4130 2579 4183 di
2607 4134 2759 4183 tutta
2787 4130 2842 4182 la
2871 4130 3041 4183 Terra

417 4202 561 4257 tion.
579 4202 674 4255 Ses
690 4202 865 4256 Notes
880 4221 978 4256 sur
989 4203 1045 4256 la
1064 4203 1406 4274 Paraphrase
1424 4204 1521 4257 des
1532 4202 1703 4257 Psau-
1761 4204 1936 4257 Santa
1981 4221 2011 4258 e
2057 4203 2496 4273 peregrinaggio
2541 4201 2638 4256 dal
2663 4217 2820 4254 sacro
2848 4203 3039 4254 monte

420 4289 536 4326 mes
564 4276 695 4328 sont
724 4275 934 4330 bonnes
956 4278 1013 4328 et
1036 4275 1253 4344 pleines
1279 4274 1349 4328 de
1375 4291 1703 4343 remarques
1761 4275 1921 4328 Sinai
1949 4276 2258 4345 compilata
2281 4274 2353 4327 da
2379 4272 2653 4327 verissimi
2674 4273 2879 4334 autori,
2898 4271 2949 4324 N
2953 4287 3040 4324 ea-

419 4343 693 4414 critiques
733 4363 830 4398 sur
857 4346 896 4399 l’
914 4346 1190 4400 Hebrew‘
1224 4348 1347 4415 Ipse
1375 4346 1613 4400 decessit
1651 4349 1701 4402 6.
1758 4347 1879 4415 poli
1930 4351 2101 4410 1563:
2153 4349 2308 4402 1656.
2362 4379 2427 4386 —
2479 4343 2688 4398 Contra
2738 4342 2800 4397 P.
2840 4341 3040 4396 Garcia

419 4415 580 4470 Febr.
607 4421 766 4473 1611.
1759 4418 1816 4470 M
1836 4418 1900 4471 ir
1916 4435 1999 4472 an
2019 4418 2053 4470 d
2070 4436 2107 4470 ιι
2124 4417 2144 4470 l
2159 4433 2193 4469 a
2211 4435 2264 4468 m
2327 4416 2765 4485 impugnantem
2816 4414 3040 4467 conclu·

498 4492 533 4556 ¹)
563 4487 645 4543 Cf.
673 4505 739 4541 ea
765 4488 828 4541 in
852 4488 996 4542 Bibl.
1025 4487 1171 4557 hisp.
1191 4506 1246 4543 n.
1269 4508 1281 4548 ς
1310 4486 1384 4541 Le
1399 4487 1521 4541 Lon
1575 4487 1702 4540 Bib·
1760 4489 1946 4544 aiones
1972 4486 2367 4544 cabbalisticas
2394 4486 2624 4556 scripsit
2650 4485 3038 4554 Archangelus

422 4559 587 4614 lioth.
613 4575 787 4615 sacra.
815 4558 897 4613 Cf.
925 4559 997 4612 de
1022 4559 1144 4628 ejus
1172 4558 1434 4614 doctrina
1461 4507 1702 4613 Wgerner
1758 4561 1828 4613 de
1855 4561 1900 4613 B
1917 4579 1955 4615 ιι
1972 4578 2000 4612 r
2016 4579 2055 4630 g
2072 4577 2105 4614 o
2126 4575 2207 4612 uo
2228 4576 2261 4611 v
2280 4576 2312 4612 o
2340 4560 2402 4612 O.
2430 4557 2567 4610 Min.
2594 4556 2763 4626 apolo
2804 4557 2920 4609 iam
2936 4574 3040 4636 pro

418 4628 508 4683 Fr.
555 4630 760 4684 Suarez
805 4635 855 4696 1,
894 4634 1017 4686 245.
1044 4635 1180 4690 ‘2932
1226 4629 1559 4684 Geschichte
1604 4630 1702 4684 des
1756 4635 2057 4700 defensione
2104 4634 2375 4685 doctrinae
2424 4632 2696 4696 s’abbalae,
2796 4641 3038 4681 ononiae

418 4700 781 4755 Thomismus
808 4719 865 4771 p.
892 4705 1015 4757 328.
1760 4707 1900 4760 1564
1924 4704 1983 4755 in
2011 4707 2096 4758 12.
2125 4735 2188 4742 -
2222 4698 2479 4769 Raphael
2505 4700 2606 4752 Ma
2624 4717 2662 4768 p
2681 4699 2716 4751 h
2734 4715 2766 4750 a
2784 4714 2812 4751 e
2830 4715 2867 4750 ιι
2884 4716 2908 4750 s
2942 4697 3038 4750 Ve-

495 4775 535 4842 2)
563 4772 836 4827 Biblioth.
862 4788 1032 4827 nouv.
1060 4772 1206 4839 XVI,
1236 4777 1356 4829 122.
1756 4777 1925 4828 uetus
1970 4773 2183 4827 dicitur
2224 4771 2285 4824 in
2331 4771 2527 4824 ordine
2573 4771 2722 4824 SerV.
2769 4769 2820 4823 b.
2868 4768 2941 4820 Μ.
2970 4767 3036 4820 V.
