3625 5193
596 253 714 306 251
1369 238 1737 291 1581—1600.
1768 233 2031 303 Exegesis
2056 232 2115 285 in
2143 231 2434 301 Hispania..
3086 248 3210 301 252

594 421 737 479 dum
781 420 1138 478 cardinalem
1189 417 1548 477 leodiensem
1601 428 1697 478 19.
1740 418 1873 475 Jan.
1932 417 2106 493 eique
2136 420 2401 475 nostram
2434 418 2538 475 hac
2582 417 2644 475 in
2689 436 2753 475 re
2796 416 3213 476 auctoritatem

599 519 762 573 1580
799 509 1058 568 scribens
1078 508 1181 579 ait,
1204 526 1265 566 se
1285 508 1522 565 mittere
1546 506 1874 574 ,dilectum
1929 505 2337 582 impertimur:
2372 506 2842 564 emendationem
2877 524 3015 564 vero
3033 511 3182 582 typo
3200 537 3214 550 ·

593 598 784 656 filium
816 598 905 656 Fr.
938 598 1228 668 Toletum,
1263 597 1731 655 concionatorem
1765 613 1872 653 no·
1930 595 2270 671 graphicam
2301 595 2393 652 Fr.
2427 595 2643 670 Angeli
2691 594 3043 653 Bocchensis
3087 597 3213 653 Au·

594 691 805 757 strum,
840 688 1034 745 virum
1085 685 1395 745 excellenti
1427 685 1712 753 doctrina,
1746 683 1872 760 pie·
1930 684 2261 760 gustiniani
2296 703 2331 742 a
2362 684 2667 742 Camerino
2716 682 2993 742 fidelitati
3027 687 3087 742 et
3118 685 3215 742 in-

591 779 733 846 tate,
770 776 1088 851 prudentia
1119 775 1455 850 praeditum
1499 776 1680 848 atque
1711 773 1873 832 omni
1929 772 2191 831 dustriae
2241 771 2680 832 demandamus.
2740 772 3005 831 Clemens
3056 773 3215 848 Papa

592 865 770 923 laude
836 865 1268 924 cumulatum.‘
1331 863 1424 921 Ad
1473 863 1668 938 ipsum
1733 879 1872 920 vero
1930 860 2128 920 VIII.‘
2182 861 2378 920 Editio
2421 865 2619 920 autem
2653 881 2701 919 a.
2746 871 2908 925 1598
2945 862 3213 920 omnium

594 954 866 1013 Toletum
912 954 1018 1012 has
1065 952 1229 1011 dedit
1269 963 1362 1014 16.
1394 952 1542 1010 Nov.
1586 960 1751 1015 1584
1799 950 1872 1008 li-
1930 954 2205 1008 censetur
2234 951 2484 1009 maxime
2516 950 2825 1009 emendata
2842 946 2903 1031 ¹).

589 1046 777 1101 teras:
813 1043 1043 1113 ,Tanta
1074 1045 1167 1100 est
1207 1041 1492 1110 doctrina,
1532 1039 1870 1115 prudentia,

590 1131 737 1190 fides
770 1136 829 1190 et
862 1132 1172 1208 diligentia
1219 1134 1337 1199 tua,
1388 1147 1541 1204 quae
1586 1128 1870 1205 gravissi·
2026 1138 2167 1192 109.
2200 1128 2450 1204 Propter
2480 1131 2574 1186 tot
2603 1127 2793 1187 Toleti
2825 1128 3040 1186 merIta
3085 1129 3215 1187 Cle-

591 1220 703 1278 mis
733 1220 798 1279 in
831 1219 1179 1278 muneribus
1211 1219 1388 1294 longo
1414 1223 1475 1277 et
1511 1218 1723 1276 intimo
1757 1236 1872 1275 usu
1928 1234 2095 1275 mens
2126 1217 2281 1275 VIII.
2315 1217 2489 1276 illum
2520 1217 2780 1275 invitum
2813 1217 3054 1293 quidem
3088 1236 3214 1275 car-

590 1309 763 1368 nobis
796 1310 1067 1386 cognitae
1098 1311 1242 1366 sunt
1285 1326 1352 1366 ac
1396 1309 1753 1383 perspectae,
1801 1309 1873 1364 ut
1928 1305 2189 1364 dinalem
2221 1305 2370 1364 dixit
2405 1306 2661 1380 primum
2683 1324 2714 1363 e
2737 1307 3021 1365 societate
3041 1305 3213 1364 Jesu.

590 1401 697 1456 tua
747 1399 971 1474 scripta
1022 1398 1175 1456 sicut
1237 1400 1571 1455 ceterorum
1620 1395 1871 1453 aliorum
1927 1394 2012 1452 Eo
2061 1395 2404 1469 praesertim
2455 1399 2696 1453 auctore
2748 1394 3073 1453 Henricum
3113 1394 3214 1453 IV.

583 1486 810 1561 judicio
844 1490 905 1544 et
934 1485 1190 1545 examini
1224 1485 1436 1560 subjici
1458 1503 1714 1559 aequum
1752 1502 1870 1542 non
1926 1483 2222 1559 gallorum
2255 1502 2453 1560 regem
2485 1502 2620 1542 cum
2652 1483 2911 1542 Ecclesia
2956 1484 3214 1554 reconci-

591 1574 684 1633 sit.
733 1575 944 1650 ltaque
986 1574 1404 1634 commentaria
1434 1573 1540 1632 illa
1569 1576 1675 1630 tua
1704 1573 1771 1630 in
1816 1571 1869 1629 d.
1929 1571 2096 1629 liavit
2129 1569 2375 1652 (1595),
2410 1573 2570 1646 quod
2601 1572 2955 1631 beneficium
2998 1572 3213 1631 Henri-

590 1662 630 1721 J
633 1682 884 1722 oannem
917 1665 1045 1722 sine
1076 1663 1323 1722 alterius
1364 1663 1716 1738 cujusquam
1762 1680 1869 1735 ap·
1926 1678 2029 1718 cus
2061 1661 2190 1735 ipse
2222 1680 2408 1738 quum
2441 1660 2643 1720 deberi
2665 1661 2869 1720 Toleto
2891 1680 3031 1736 prae
3051 1666 3214 1720 cete-

589 1753 935 1827 probatione
965 1756 1072 1811 aut
1101 1752 1355 1821 licentia,
1394 1750 1869 1827 quandocunque
1926 1749 2007 1807 ris
2085 1746 2529 1831 intelligeret2),
2610 1749 2664 1809 ei
2744 1750 3054 1809 demortuo
3150 1750 3216 1807 in

589 1841 702 1898 tibi
735 1842 1052 1912 videbitur,
1084 1841 1149 1899 in
1180 1841 1373 1899 lucem
1404 1839 1615 1898 edendi
1634 1840 1871 1914 plenam
1924 1839 2145 1913 templo
2176 1839 2445 1898 Lutetiae
2474 1839 2751 1916 primario
2796 1839 2958 1915 regia
3000 1858 3217 1914 pompa

588 1948 655 1987 ac
684 1929 926 1988 liberam
956 1930 1070 1989 tibi
1101 1930 1309 1990 damus
1339 1930 1684 1988 facultatem
1715 1931 1867 1986 etc.‘
1926 1927 2119 1986 voluit
2147 1931 2471 2003 parentari.
2505 1929 2723 1987 Eodem
2759 1948 2914 1987 anno
2946 1947 3216 1987 summus

589 2019 790 2095 Magni
821 2039 957 2078 eum
990 2019 1258 2078 fecerunt
1287 2019 1469 2077 etiam
1501 2018 1705 2076 Sixtus
1737 2013 1868 2097 V¹).
1925 2016 2193 2091 pontifex
2226 2017 2501 2076 Toletum
2536 2018 2785 2077 editioni
2832 2017 3213 2077 conciliorum

590 2112 651 2166 et
671 2109 989 2185 Gregorius
1010 2108 1177 2178 XIV„
1201 2108 1304 2184 qui
1323 2108 1482 2166 inter
1502 2106 1870 2167 consultores
1926 2105 2295 2181 generalium
2345 2107 2651 2167 vaticanae
2700 2106 3000 2183 praefecit,
3056 2110 3212 2167 teste

590 2198 1068 2274 congregationis
1129 2196 1202 2256 ad
1248 2215 1293 2255 s.
1345 2197 1534 2256 biblia
1590 2197 1869 2272 vulgatae
1926 2194 2102 2253 Petro
2152 2194 2381 2253 Morino
2433 2197 2521 2254 ita
2569 2196 2643 2255 ad
2695 2214 2830 2255 eum
2884 2196 3212 2256 scribente:

588 2285 864 2345 editionis
898 2286 1368 2363 recognoscenda
1409 2286 1723 2344 institutae
1759 2285 1871 2342 To·
1933 2283 2321 2351 ,Gratulatus
2368 2303 2500 2343 sum
2545 2285 2838 2344 Ecclesiae
2894 2285 3213 2343 catholicae

589 2375 775 2433 letum
792 2395 1026 2451 quoque
1048 2372 1325 2456 elegit2);
1360 2377 1420 2433 et
1441 2376 1553 2432 sub
1573 2375 1871 2433 Clemente
1928 2375 2283 2447 sanctaeque
2314 2374 2670 2448 apostolicae
2703 2374 2842 2444 sedi,
2879 2393 3011 2433 cum
3033 2374 3212 2432 intel-

589 2462 745 2522 VIII.
778 2466 1067 2524 maximae
1088 2465 1334 2523 fuerunt
1352 2464 1416 2521 in
1434 2465 1545 2522 hoc
1565 2480 1738 2538 opere
1760 2462 1871 2519 To·
1928 2461 2043 2519 lexi
2063 2461 2159 2519 SS.
2193 2462 2429 2520 Domini
2449 2463 2642 2522 nostri
2674 2481 2804 2521 esse
2825 2463 3210 2532 voluntatem,

589 2553 696 2612 leti
729 2558 956 2629 partes;
988 2556 1220 2613 textum
1252 2553 1410 2611 enim
1438 2552 1513 2611 ad
1534 2552 1748 2611 calcem
1768 2569 1871 2609 us·
1928 2568 2217 2609 summam
2268 2549 2546 2612 editionis
2604 2552 2984 2612 conciliorum
3033 2571 3213 2629 penes

591 2661 706 2717 que
756 2643 1143 2718 Apocalypsis
1186 2641 1600 2716 percurrend0‚
1653 2641 1874 2699 omissa
1929 2639 2403 2699 illustrissimam
2437 2641 2909 2718 Amplitudinem
2942 2642 3214 2701 Vestram

591 2731 940 2807 supplendO,
957 2750 1226 2805 quaeque
1241 2730 1428 2789 dubia
1446 2732 1869 2799 remanserant,
1928 2746 2056 2787 esse
2089 2732 2236 2787 etc!
2275 2730 2436 2788 Licet
2468 2731 2802 2802 cardinalis,
2836 2749 3064 2806 pauper
3085 2736 3214 2789 erat

593 2820 883 2877 alterutra
901 2820 1151 2878 lectione
1171 2820 1388 2878 selecta
1405 2819 1712 2888 firmand0‚
1738 2836 1871 2893 sep·
1928 2817 2087 2875 inter
2136 2818 2396 2889 divitias,
2451 2821 2683 2879 sobrius
2744 2820 2902 2878 inter
2952 2818 3209 2891 deliciaS,

589 2909 736 2966 timo
767 2908 841 2965 ab
862 2909 1148 2967 electione
1168 2908 1485 2967 Clementis
1507 2927 1702 2967 mense
1724 2926 1872 2966 non·
1927 2907 2253 2981 pulmentis
2294 2909 2818 2985 leguminibusque
2865 2909 3071 2975 vitam,
3119 2909 3215 2967 uti

590 2997 734 3054 dum
765 2997 1015 3072 expleto,
1049 3017 1172 3055 rem
1205 2997 1280 3056 ad
1312 2998 1665 3057 umbilicum
1684 2997 1871 3055 addu-
1930 3000 2315 3056 consueverat
2357 2998 2540 3074 priua,
2592 2998 2900 3057 tolerabat.
2950 2997 3213 3056 Sabbato

592 3081 836 3168 xerat-¹³).
872 3086 1014 3144 Cum
1038 3105 1175 3145 vero
1197 3087 1479 3146 adversus
1501 3106 1733 3147 omnem
1753 3087 1871 3144 sol·
1927 3104 2081 3159 pane
2112 3089 2174 3143 et
2204 3106 2356 3162 aqua
2388 3088 2575 3146 vitam
2608 3107 2773 3145 suam
2810 3085 3133 3144 definiebat
3153 3093 3213 3144 et

590 3174 962 3233 licitudinem
997 3180 1059 3234 et
1089 3175 1462 3252 diligentiam
1493 3175 1767 3234 nonnulli
1790 3174 1871 3232 ir·
1928 3190 1960 3230 e
1991 3173 2273 3235 Vaticano
2320 3176 2395 3234 ad
2439 3176 2642 3235 aedem
2687 3176 2969 3251 Deiparae
3002 3176 3064 3233 in
3096 3175 3211 3233 Ex-

592 3264 915 3338 repsissent
947 3283 1171 3324 errores
1187 3265 1249 3322 in
1268 3265 1586 3324 editionem
1608 3285 1658 3323 a.
1682 3274 1708 3325 1
1724 3273 1869 3331 593,

589 3353 675 3411 ita
721 3354 936 3412 statuit
987 3371 1256 3413 summus
1306 3354 1610 3412 Pontifex:
1663 3352 1873 3421 ,Hanc

589 3442 914 3501 bibliorum
948 3443 1418 3502 emendationem
1443 3444 1620 3517 juxta
1644 3459 1870 3500 correc-

589 3533 810 3590 tionem
846 3552 880 3590 a
911 3531 1363 3609 congregatione
1396 3531 1738 3607 praestitam
1758 3531 1871 3588 im-

588 3622 957 3696 primendam
1015 3621 1381 3689 mandamu8‚
1435 3622 1497 3678 et
1535 3619 1760 3695 judicio
1809 3617 1870 3675 P.

589 3709 884 3767 Francisci
935 3709 1128 3767 Toleti
1173 3728 1204 3767 e
1248 3707 1300 3765 S.
1336 3709 1392 3771 J.
1426 3708 1870 3775 committimuS,

593 3931 688 3983 red
694 3931 877 3984 debat.
907 3930 1281 3994 Quamobrem
1299 3929 1349 3999 eJ'
1357 3947 1420 3983 us
1437 3945 1643 3983 nomen
1660 3930 1872 3981 factum

592 4008 674 4054 es
701 4001 784 4053 ita
810 4000 1042 4065 celebre,
1069 4001 1152 4054 ita
1169 4018 1458 4070 magnum,
1487 4002 1554 4053 ut
1578 4000 1739 4053 nulla
1754 4002 1873 4053 tam

594 4071 846 4152 difficilis
862 4089 964 4135 reS,
983 4070 1306 4136 tamardus,
1321 4075 1437 4124 tarn
1452 4069 1872 4139 consiliiegens,

592 4160 650 4264 dm
679 4143 1072 4278 qztriaestioneip1
1087 4142 1446 4266 degucerefit,
1427 4159 1604 4210 ,quae
1620 4159 1735 4194 non
1750 4143 1874 4265 ejula

594 4229 1338 4339 ιὲἓᾱέἶῖἒεῖἷὲ.ῗέωῗί]“
1403 4228 1825 4281 ⁰¹⁰q¹¹e⁰⁰¹¹²¹¹²¹

669 4360 706 4424 ¹)
737 4356 928 4409 Sixtus
951 4357 1017 4411 V.
1040 4356 1162 4425 ejus
1184 4370 1356 4435 opera
1376 4354 1682 4409 utebatur
1665 4371 1726 4408 in
1751 4355 1873 4408 vul·

592 4428 759 4549 ffitae
787 4427 1051 4483 editionis
1077 4425 1437 4481 correctione.
1465 4427 1547 4480 Cf.
1580 4426 1872 4495 Ungarelli

671 4500 723 4549 st
765 4498 920 4569 vulg.
950 4496 1086 4554 bibl.
1113 4498 1246 4552 edit.
1273 4507 1299 4565 ς
1324 4503 1376 4552 8.

666 4517 1084 4635 ²)Vercellone,
1117 4568 1316 4622 Variae
1353 4568 1634 4635 lectioneS,
1676 4569 1874 4639 vulga-

595 4640 686 4759 ιε
711 4638 1013 4764 5555515
1013 4611 1380 4777 055555
1565 4613 1706 4699 1...
1721 4661 1774 4713 ..
1794 4644 1872 4713 ...

670 4728 784 4851 ³³)3V
791 4782 1066 4837 ercellone
1094 4783 1130 4838 l.
1157 4802 1201 4835 c.
1229 4801 1283 4851 p.
1312 4785 1475 4850 LXII,
1505 4784 1670 4840 LXX.

1928 3261 2133 3337 quiliis
2165 3266 2343 3342 longo
2364 3266 2578 3324 itinere
2607 3264 2785 3340 pedes
2802 3264 3006 3332 itabat,
3032 3283 3212 3339 quae·

1928 3368 2162 3425 cunque
2193 3358 2515 3429 tempestas
2546 3353 2867 3421 incidisset,
2889 3352 3097 3427 ibique
3116 3370 3212 3410 sa-

1928 3458 2093 3497 crum
2126 3441 2390 3500 faciebat.
2424 3442 2753 3511 Quotannis
2799 3440 2923 3499 dies
2957 3451 3059 3510 40,
3108 3442 3213 3516 qui

1929 3535 2264 3605 assumptae
2286 3531 2546 3608 Virginis
2566 3530 2909 3590 memoriam
2931 3547 3211 3604 praecur-

1928 3621 2088 3688 runt,
2122 3620 2487 3678 continuatis
2511 3620 2777 3695 jejuniiS,
2806 3618 2986 3694 idque
3018 3619 3117 3676 vel
3149 3619 3215 3676 in

1929 3705 2141 3764 ultima
2178 3708 2297 3782 J'am
2340 3712 2532 3767 aetate
2576 3708 2881 3784 transegit.
2930 3706 3215 3765 Nondum

1929 3793 2126 3869 elapso
2172 3814 2205 3853 a
2250 3797 2621 3872 promotione
2671 3815 2824 3855 anno
2856 3796 3091 3872 integro
3123 3794 3213 3852 fa-

1930 3881 2109 3941 stidio
2142 3884 2366 3943 habens
2398 3904 2492 3943 res
2524 3905 2726 3944 omnes
2746 3884 3008 3951 caducae,
3031 3887 3215 3957 atque

1929 3969 2072 4030 adeo
2122 3972 2309 4046 ipsam
2359 3994 2702 4050 purpuram,
2754 3974 2953 4033 oblato
3010 3971 3215 4031 libello

1929 4058 2254 4142 supplice³)
2303 4063 2491 4121 enixis
2534 4063 2808 4137 precibus
2848 4080 2882 4118 a
2913 4060 3215 4118 Clemente

1930 4148 2087 4206 VIII.
2119 4151 2310 4225 petiit,
2358 4155 2430 4209 ut
2460 4150 2575 4208 sibi
2608 4151 2812 4210 liceret
2857 4150 3217 4226 dignitatem

1929 4237 2364 4298 cardinalitiam
2408 4239 2678 4299 abdicare
2723 4240 2784 4298 et
2825 4238 2893 4313 in]
2934 4239 3217 4297 solitudi-

1928 4345 2065 4385 nem
2097 4347 2158 4387 se
2190 4329 2465 4404 recipere,
2498 4327 2604 4387 ubi
2638 4327 2851 4403 exiguo
2879 4327 3002 4398 ille,
3053 4327 3218 4402 quod

2006 4503 2044 4569 ¹)
2076 4497 2433 4568 Ungarellil.
2459 4514 2502 4556 c.
2531 4505 2558 4563 g
2585 4501 2673 4552 24.

2004 4574 2043 4640 ²)
2073 4570 2155 4622 Cf.
2183 4572 2332 4639 Aug.
2360 4567 2586 4622 Thoul.
2618 4571 2738 4624 113.
2765 4583 2900 4620 suae
2926 4566 3216 4621 historiae.

2004 4645 2045 4711 ⁸)
2072 4641 2155 4694 Cf.
2182 4641 2335 4693 hunc
2375 4638 2660 4708 insignem
2700 4637 2961 4692 libeUum
2998 4637 3219 4706 suppli·

1930 4729 2152 4836 ξοιιιῖιῑιιιοέιι
2194 4709 2470 4764 Katholik
2500 4714 2640 4766 1864
2666 4728 2719 4765 v,
2748 4713 2796 4765 1.
2837 4726 2893 4777 p·
2919 4713 3021 4765 411
3054 4725 3128 4761 ss.
3154 4709 3219 4762 in
