3625 5193
622 290 783 345 1067
1070 274 1442 328 1641-1663.
1470 271 1815 339 Interpretes
1839 287 1881 324 s.
1911 267 2247 338 Scripturas.
2277 265 2559 331 Ghislieri,
2587 266 2765 331 Atesi,
3068 283 3252 338 1053

609 460 964 518 canticorum
982 456 1235 514 Thomae
1260 454 1581 513 Contini
1615 454 1680 513 O.
1702 454 1896 513 Carth.
1952 455 2226 514 Ceterum
2259 453 2335 512 de
2354 453 2698 513 Ghislieri
2731 452 2941 512 scribit
2961 451 3214 532 Si10s1)
3239 472 3260 511 t

610 547 822 623 prioris
842 539 1895 627 (†1649).-J0annesRhofflhau-
1957 544 2231 618 ,Ubique
2265 543 2420 601 idem
2465 560 2532 600 ac
2570 542 2666 600 sui
2713 542 2925 600 similis
2970 542 3249 601 videtur:

610 632 836 716 densis)
876 635 930 693 S.
955 634 1010 692 J.
1043 632 1517 704 Mediolanensis,
1553 632 1782 691 celeber
1802 632 1898 689 sui
1955 645 2208 710 argutus
2260 651 2500 708 nempe,
2557 631 2942 707 perspicuus,
3006 631 3249 700 fertilia,

609 724 900 800 temporis
946 721 1321 781 concionator
1366 719 1425 799 (†
1470 718 1685 803 1662),
1739 740 1896 780 com·
1953 722 2227 781 eruditus
2259 722 2572 797 tangitque
2595 739 2826 796 semper
2856 739 2966 779 acu
2987 738 3130 786 rem,
3167 721 3256 778 ab

608 814 813 891 posuit
856 813 923 872 in
967 811 1369 871 Hexaemeron
1421 811 1697 869 Oraziom‘
1736 828 1900 868 sacre
1954 811 2238 870 instituto
2284 829 2594 886 nunquam
2640 809 2851 869 devius
2869 855 2882 880 ,
2948 810 3124 883 plane
3172 813 3252 868 ut

610 923 787 979 sopra
831 903 890 960 la
921 900 1133 959 Divina
1165 899 1460 958 Scrittura
1491 919 1546 974 p.
1589 911 1657 969 1.,
1707 898 1896 957 Vene-
1953 900 2463 959 absolutissimum
2541 898 3026 958 commentarium
3089 894 3249 979 (scil.

608 993 714 1051 tiis
772 999 935 1054 1652
1001 989 1066 1047 in
1120 998 1192 1058 43
1256 988 1528 1046 Orazioni
1591 1006 1769 1062 sopra
1817 988 1900 1064 qli
1953 988 2105 1047 illud
2136 989 2200 1046 in
2232 984 2554 1068 canticum)
2589 988 2789 1046 nullae
2820 1006 2941 1046 non
2975 987 3248 1063 Europae

624 1082 849 1140 Uomim‘
894 1079 1120 1138 Illustri
1164 1077 1260 1135 del
1306 1077 1684 1135 Testamento
1718 1076 1785 1136 V.
1838 1079 1899 1133 et
1955 1075 3248 1154 academiaemagnoperecommendaverint<

610 1171 702 1240 N„
736 1169 999 1228 Mutinae
1038 1174 1204 1229 1672
1241 1168 1284 1223 t.
1323 1175 1376 1228 8.
1955 1200 2041 1211 —
2074 1166 2520 1243 Hujus·sodalis
2554 1166 2776 1225 Paulus
2816 1164 2983 1242 (ante
3015 1165 3248 1241 ingres-

1956 1275 2088 1314 sum
2133 1257 2198 1314 in
2242 1255 2667 1314 Theatinorum
2717 1255 2986 1313 ordinem
3031 1254 3248 1312 Caesar

721 1357 865 1410 457.
918 1347 1136 1421 Maj01e
1170 1345 1295 1420 jam
1349 1343 1680 1402 attentione
1730 1342 1897 1417 digni
1955 1342 2402 1424 dictus)Aresi
2435 1345 2843 1403 Cremonensis
2867 1341 2950 1423 (n.
2973 1361 3018 1401 c.
3051 1353 3167 1405 157
3178 1339 3250 1420 4)

614 1441 790 1495 sunt:
837 1434 1084 1493 Michael
1131 1432 1517 1491 Ghislieri
1544 1429 1592 1513 ¹)
1641 1432 1703 1490 Ο.
1751 1431 1899 1491 cler.
1955 1435 2023 1492 de
2053 1452 2181 1492 vero
2226 1435 2382 1492 sacri
2432 1435 2641 1491 cantici
2686 1434 3039 1491 canticorum
3078 1432 3248 1489 Salo-

613 1545 732 1602 reg.
766 1525 1066 1586 Romanus
1115 1519 1174 1603 (†
1216 1531 1378 1583 1646
1429 1541 1477 1580 a.
1512 1521 1724 1579 aetatis
1769 1515 1897 1598 83),
1956 1525 2143 1581 monis
2172 1529 2293 1580 tum
2310 1523 2580 1580 historico
2611 1530 2730 1580 tum
2747 1522 3045 1597 spirituali
3075 1539 3250 1579 sensu

613 1613 862 1673 celebris
883 1611 1099 1688 Agellii
1132 1611 1461 1685 discipulus
1480 1609 1750 1678 eximiuS,
1787 1608 1898 1666 lin·
1959 1630 2171 1670 novam
2193 1611 2612 1687 cogitationem
2644 1615 2705 1669 et
2723 1631 2829 1686 pro
2862 1610 3064 1669 eadem
3097 1609 3248 1668 veli-

612 1721 870 1779 guarum
901 1700 1285 1759 orientalium
1324 1698 1745 1773 peritissimus,
1793 1696 1900 1772 qui
1956 1701 2238 1759 tationem
2254 1700 2451 1758 binam
2469 1700 2729 1773 scripsit,
2749 1697 3062 1757 Mediolani
3083 1707 3252 1761 1640

614 1786 977 1870 vulgavit2):
1036 1789 1450 1848 Commentarii
1492 1789 1557 1845 in
1599 1786 1901 1846 Canticum
1956 1790 2020 1848 in
2055 1799 2110 1851 4.
2142 1789 2373 1848 Eratis
2406 1792 2530 1847 tam
2572 1789 2955 1863 praecellenti
3000 1788 3244 1864 ingenio

619 1879 990 1937 Canticorum
1038 1878 1362 1936 Salomonis
1398 1876 1571 1952 juxta
1617 1875 1901 1934 lectiones
1956 1882 2018 1936 et
2049 1878 2329 1937 memoria
2359 1877 2682 1953 praeditae,
2716 1881 2788 1936 ut
2817 1878 2949 1952 ejus
2982 1878 3046 1935 in
3076 1877 3252 1934 theo·

614 1968 947 2044 vulgatam,
1011 1967 1320 2026 hebraeam
1371 1969 1433 2024 et
1480 1983 1719 2041 graecas
1767 1966 1900 2022 tum
1957 1967 2114 2042 logia
2147 1967 2430 2043 magister
2472 1967 2923 2042 praeparatione
2969 1965 3249 2042 diligenti

614 2057 781 2127 Lxx,
827 2059 958 2114 tum
990 2056 1243 2115 aliorum
1288 2058 1559 2113 veterum
1604 2054 1899 2128 interpre-
1956 2056 2268 2132 indigeret,
2302 2073 2420 2131 quo
2440 2055 2807 2132 sagacissimi
2831 2055 3112 2129 discipuli
3131 2053 3254 2111 dif-

611 2149 763 2216 tum,
813 2146 1024 2205 Romae
1066 2154 1229 2209 1609
1278 2145 1341 2203 in
1372 2144 1443 2213 f.;
1489 2143 1578 2202 ed.
1620 2144 1795 2201 aucta
1842 2145 1903 2199 et
1956 2145 2254 2204 ficultates
2276 2145 2501 2204 solvere
2523 2147 2741 2219 posset.
2777 2144 3024 2219 Neapoli
3050 2146 3112 2202 et
3130 2143 3254 2201 Ro·

615 2234 938 2311 recognita,
973 2234 1239 2293 Venetiis
1280 2242 1476 2302 1613;
1524 2231 1902 2305 Antwerpiae
1957 2253 2086 2292 mae
2145 2232 2572 2310 philosophiam
2619 2237 2679 2292 et
2737 2233 3097 2309 theologiam
3140 2232 3252 2290 do-

623 2334 821 2394 1614;
858 2322 1101 2381 Parisiis
1145 2331 1305 2386 1618
1338 2327 1476 2391 etc.;
1509 2320 1767 2396 primum
1800 2338 1900 2377 ex·
1957 2324 2083 2383 cuit
2114 2326 2174 2381 et
2196 2342 2407 2399 magna
2426 2322 2796 2397 eloquentiae
2817 2323 2975 2380 fama
3000 2324 3092 2380 est
3110 2339 3256 2379 con-

525 2405 542 2420 ‘
615 2413 783 2471 hibet
803 2431 1043 2471 sensum
1074 2412 1388 2478 literalem,
1423 2410 1561 2469 dein
1581 2409 1902 2484 mysticum
1958 2412 2245 2471 cionatuS.
2282 2411 2449 2470 Obiit
2479 2411 2791 2487 episcopus
2824 2410 3251 2469 derthonensis

617 2506 677 2561 ct
708 2501 1007 2572 moralem,
1056 2504 1237 2574 atque
1267 2499 1571 2576 integrum
1604 2497 1900 2555 canticum
1964 2511 2062 2563 13.
2093 2501 2226 2560 Jan.
2256 2509 2439 2561 1644.
2473 2500 2576 2559 Vir
2607 2503 2732 2558 erat
2751 2499 3040 2568 eruditus,
3073 2499 3253 2573 cujus

618 2591 858 2667 exponit
902 2589 973 2648 de
1005 2589 1286 2658 Ecclesia,
1338 2588 1411 2648 de
1456 2586 1654 2646 anima
1699 2588 1904 2645 sancta
1957 2591 2216 2666 plurima
2248 2609 2398 2665 quae
2430 2589 2686 2666 posteris
2725 2589 2974 2664 reliquit
3004 2588 3256 2666 egregia

617 2680 689 2738 de
719 2680 777 2741 b.
808 2679 991 2737 Maria
1021 2677 1086 2736 V.
1136 2675 1414 2738 distincte
1460 2680 1519 2734 et
1565 2675 1900 2750 separatim,

617 2768 900 2842 additque
930 2766 1102 2840 quasi
1124 2768 1391 2824 catenam
1415 2767 1685 2841 patrum3
1719 2767 1782 2822 in
1802 2764 1901 2821 Je-

617 2859 862 2914 remiam
892 2855 1227 2929 prophetam
1260 2856 1654 2913 commentarii
1703 2850 1791 2935 (in
1825 2870 1901 2916 cc.

625 2939 863 3023 1-15)
891 2944 1065 3019 juxta
1084 2961 1320 3002 sensum
1344 2943 1655 3013 literalem,
1690 2942 1900 3018 mysti-

619 3052 754 3090 cum
786 3036 847 3091 et
880 3032 1160 3092 moralem
1179 3036 1240 3091 et
1264 3033 1435 3108 juxta
1464 3032 1748 3091 lectiones
1770 3031 1902 3089 vul-

618 3124 834 3199 gatam,
868 3121 1198 3191 hebraeam,
1241 3121 1612 3198 paraphrasis
1644 3119 1900 3178 chaldai-

618 3229 715 3269 cae
747 3213 807 3268 et
842 3228 1102 3287 graecas,
1150 3229 1283 3269 cum
1317 3215 1526 3269 catena
1558 3227 1902 3284 graecorum

615 3303 856 3375 patrum
900 3319 1107 3377 graece
1151 3303 1211 3358 et
1257 3300 1445 3358 latine
1477 3320 1510 3356 a
1541 3299 1712 3357 Joan.
1753 3298 1900 3354 Mat-

619 3390 792 3447 thaeo
843 3388 1194 3465 Caryophilo
1246 3388 1499 3447 cretensi
1550 3405 1750 3456 versa,
1809 3404 1902 3445 re-

617 3477 856 3554 cognita
886 3497 921 3536 a
952 3478 1143 3537 Leone
1163 3477 1491 3547 Allati03
1526 3477 1669 3533 item
1702 3478 1764 3533 in
1782 3475 1903 3532 La·

618 3566 988 3626 mentationes
1007 3567 1296 3625 Jeremiae
1325 3573 1375 3625 et
1396 3566 1633 3625 Baruch
1652 3581 1787 3623 cum
1810 3582 1900 3622 ca-

618 3656 771 3714 tenis
802 3674 1009 3732 graece
1043 3660 1104 3713 et
1133 3656 1319 3713 latine
1349 3674 1416 3713 ex
1443 3655 1713 3714 versione
1746 3654 1902 3729 ejus-

1958 2698 2136 2756 opera
2166 2678 2523 2754 profundam
2556 2679 2971 2754 copiosamque
3013 2678 3253 2753 sapien-

1958 2768 2175 2827 tissimi
2224 2768 2518 2843 praesulis
2569 2767 2900 2826 doctrinam
2961 2768 3254 2842 eloquen-

1959 2857 2192 2916 tissimo
2226 2857 2461 2916 silentio
2483 2856 2823 2933 praedicant
2834 2853 2904 2937 ²).
2939 2856 3253 2932 Ejusmodi

1959 2950 2128 3005 sunt:
2195 2945 2551 3004 Velitatioms
2601 2948 2639 3003 6
2693 2948 2756 3003 in
2806 2942 3256 3021 Apocalypsim,

1958 3035 2179 3110 quibus
2201 3035 2276 3093 ob
2296 3053 2496 3093 rerum
2516 3053 2733 3093 nexum
2755 3039 2815 3093 et
2835 3034 3252 3111 cognationem

1958 3125 2113 3183 bona
2143 3142 2280 3199 pars
2310 3123 2657 3200 prophetiae
2692 3123 2960 3183 Danielis
2998 3122 3252 3198 exponi·

1959 3217 2061 3271 tur
2078 3216 2140 3271 et
2171 3212 2530 3283 illustratur,
2564 3212 2816 3287 aliisque
2837 3212 3072 3270 divinae
3093 3211 3256 3271 Scri-

1960 3306 2172 3377 pturae
2212 3300 2352 3359 locis
2397 3301 2498 3359 lux
2541 3301 2882 3369 immititur,
2929 3300 3254 3359 Mediolani

1969 3401 2152 3461 1647,
2189 3408 2323 3448 cum
2344 3389 2602 3449 auctoris
2622 3390 2750 3449 vita
2784 3410 2820 3449 a
2839 3391 3025 3448 Paulo
3047 3389 3122 3447 Sf
3131 3408 3164 3447 o
3176 3408 3258 3447 n·

1958 3480 2092 3538 dra
2108 3479 2168 3537 ti
2202 3479 2542 3554 conscripta
2568 3478 2630 3537 in
2650 3479 2688 3536 f.
2722 3480 2864 3556 Agit
2891 3478 3050 3537 iniis
3070 3479 3254 3537 etiam

1959 3569 2031 3627 de
2079 3568 2453 3644 perennitate
2501 3568 2794 3626 Ecclesiae
2856 3573 2917 3627 et
2973 3568 3251 3625 haereses

1960 3661 2167 3717 contra
2199 3657 2361 3715 illam
2393 3657 2725 3734 impugnat.
2786 3657 2874 3715 De
2905 3675 3086 3733 aquae
3119 3658 3256 3714 vino

619 3746 750 3803 dem
769 3745 1004 3815 Allatii3
1035 3744 1248 3820 adjecit
1267 3747 1573 3819 praeterea
1589 3750 1905 3801 tractatum
1960 3749 2174 3805 mixtae
2205 3748 2265 3803 in
2297 3747 2584 3820 sacrificio
2635 3749 2847 3804 missae
2891 3752 3255 3803 transmuta-

617 3852 659 3890 s.
695 3834 945 3891 Maximi
978 3833 1074 3901 M„
1127 3834 1192 3891 in
1221 3852 1339 3907 quo
1371 3833 1656 3891 nonnulla
1700 3850 1770 3890 ex
1801 3831 1904 3889 Je-
1960 3838 2109 3894 tione
2146 3835 2496 3909 disputatio,
2544 3836 2885 3894 Derthonae
2924 3843 3110 3899 1622,
3158 3833 3255 3891 ed.

619 3919 805 3977 remia
837 3920 1238 3995 explicantur3
1274 3920 1309 3978 1.
1336 3920 1727 3979 Clementis
1760 3920 1903 3979 alex.
1961 3928 2133 3984 aucta
2163 3924 2536 4000 Antwerpiae
2577 3934 2761 3986 1628.
2797 3924 3051 3999 Imprese
3071 3923 3256 3981 sacre

624 4008 766 4077 Quis
809 4007 963 4064 dives
1012 4010 1305 4084 salvatur,
1357 4012 1418 4067 et
1468 4018 1498 4069 7
1538 4007 1906 4083 Origenis
1961 4033 2068 4073 seu
2088 4030 2388 4072 sermones
2409 4012 2559 4071 sacri
2578 4013 2894 4089 variagena
2911 4011 3255 4071 eruditione

624 4093 774 4152 hom·
823 4094 886 4152 in
919 4094 1255 4165 «ΪΘΥΘΠΙῘΒῙΒ,
1307 4096 1587 4172 Lugduni
1619 4099 1661 4154 '⁰-
1700 4106 1733 4158 3
1771 4097 1833 4154 in
1865 4097 1902 4154 f·
1959 4103 2179 4172 referti,
2227 4119 2377 4177 quos
2415 4101 2583 4160 auxit
2628 4120 2860 4177 semper
2904 4104 2974 4159 ut
3004 4103 3048 4158 t.
3086 4109 3118 4161 7
3154 4118 3254 4157 re·

1959 4193 2212 4268 plerent,
2247 4191 2351 4265 qui
2385 4193 2704 4266 coeperunt
2732 4189 2969 4266 prodire
2985 4189 3258 4248 Veronae

701 4268 735 4336 Ι)
764 4266 926 4319 Alius
952 4281 986 4318 a
1012 4263 1415 4347 Franciaoo
1432 4264 1513 4347 Ὀ.
1540 4283 1661 4322 can.
1688 4283 1802 4335 reg.
1821 4283 1904 4349 ’aa
1970 4289 2133 4343 1613
2168 4283 2296 4351 em„
2332 4282 2510 4354 astque
2551 4279 2735 4339 latine
2768 4280 2923 4338 versi
2958 4277 3257 4337 Mongehfi

620 4336 769 4391 Salv.
797 4339 854 4390 et
879 4336 1083 4390 abbate
1105 4335 1446 4391 Bonomensl
1468 4346 1514 4404 (†
1538 4343 1716 4411 1625),
1742 4355 1906 4406 cujus
1972 4379 2134 4431 1694
2154 4390 2166 4402 ,
2219 4368 2589 4428 Francos-arti
2631 4376 2926 4431 Nol—⁹
2963 4372 3005 4425 t·
3043 4377 3078 4428 3
3113 4367 3176 4424 in
3209 4367 3239 4423 f

620 4409 808 4462 exstat
830 4410 893 4462 de
903 4412 1088 4476 judice
1112 4412 1444 4478 requlart‘um
1463 4412 1553 4474 tr„
1578 4410 1638 4462 in
1666 4426 1780 4478 quo
1802 4410 1904 4462 cri-
2154 4412 2166 4437 ’
2895 4414 2925 4428 “
3236 4415 3252 4427 ·

620 4479 849 4533 minalis
872 4479 1178 4534 summaria
1203 4480 1393 4549 praxis
1428 4480 1783 4549 regularibus
1808 4496 1905 4548 ap-

620 4551 834 4621 plicata
873 4551 1229 4609 continetur:
1270 4552 1471 4606 modus
1514 4569 1741 4620 quoque
1779 4567 1906 4620 pro·

621 4638 835 4676 cessum
866 4623 1146 4677 formandi
1182 4640 1523 4692 quacunque
1560 4621 1905 4693 procedendi
2043 4622 2079 4691 ¹)
2107 4618 2248 4673 Hist.
2276 4618 2405 4674 cler.
2431 4635 2544 4690 reg.
2573 4637 2628 4689 p.
2657 4624 2690 4675 3
2715 4620 2751 4672 l.
2779 4622 2845 4679 8;
2872 4617 2943 4672 cf.
2971 4615 3254 4670 Allatium

620 4694 714 4747 via
752 4710 882 4747 cum
924 4695 1199 4759 formulis,
1240 4694 1491 4747 venetiis
1521 4699 1689 4764 1613;
1734 4698 1903 4754 1622;
1961 4691 2018 4744 in
2047 4691 2083 4745 1.
2111 4707 2247 4761 apes
2271 4690 2535 4746 urbanae.

622 4763 888 4817 Coloniae
913 4769 1069 4821 1623.
2037 4766 2076 4833 ²)
2104 4763 2190 4816 lta
2235 4762 2402 4816 Mich.
2448 4779 2482 4815 a
2518 4779 2557 4815 s.
2598 4760 2807 4831 Joseph
2853 4761 2946 4825 ΙΙΙ,
2993 4762 3128 4818 415;
3177 4757 3256 4811 cf.

697 4837 738 4902 2)
765 4834 847 4886 Cf.
870 4834 1095 4887 Vezzosi
1122 4836 1162 4900 I,
1188 4839 1289 4893 391
1311 4853 1380 4893 ss.
1968 4833 2193 4887 Vezzosi
2221 4831 2257 4887 l.
2286 4850 2332 4887 c.
2358 4853 2412 4903 p.
2441 4838 2511 4889 54
2536 4849 2607 4889 ns.
