3625 5193
642 235 763 289 527
1415 220 1543 272 1601
1562 220 1785 274 -1620.
1814 215 2064 270 Historia
2090 216 2477 275 ecclesiastica.
3130 233 3252 285 5⁴28

637 402 951 478 burgensis
1003 398 1064 482 (†
1105 396 1318 483 1610).
1351 437 1436 444 —
1471 402 1697 459 Pariter
1728 403 1923 459 multa
1973 402 2111 460 nius
2162 412 2260 465 31.
2296 401 2420 460 Oct.
2464 410 2625 464 1538
2663 401 2855 469 Sorae,
2907 421 3058 476 quae
3109 403 3258 459 urbs

638 491 710 549 ad
732 492 1173 566 chronologiam
1197 492 1525 566 spectantia
1538 491 1923 565 reperiuntur
1974 491 2390 565 antiquissima
2419 494 2512 548 est
2543 491 2907 566 Campaniae.
2949 490 3129 547 Illum
3164 491 3258 547 vix

639 581 699 637 in
718 581 996 655 operibus
1012 581 1415 656 christophori
1446 574 1918 659 Clavii(Clau)
1975 586 2186 639 natum
2239 580 2338 655 pia
2386 584 2574 637 mater
2618 579 2992 637 beatissimae
3025 579 3258 655 Virgini

639 670 689 727 S.
724 668 780 728 J.
817 670 1266 746 Bambergensis
1315 663 1772 748 (1538·1612),
1819 668 1922 743 qui
1975 676 2279 743 tamquam
2313 668 2533 744 pignus
2585 669 2659 725 ab
2691 688 2760 726 ea
2799 669 3111 727 obtentum
3164 687 3255 726 so·

637 758 1188 817 mathematicorum
1250 758 1483 834 insigne
1545 764 1670 815 erat
1734 757 1920 825 sidus,
1977 759 2158 817 lemni
2221 758 2347 815 ritu
2407 762 2700 816 sacratum
2762 757 3088 819 constituit.
3153 757 3259 832 qui

636 847 926 906 Ecclesiae
1019 851 1433 905 ornamentum
1456 890 1469 915 ,

638 937 812 994 laude
858 936 1103 1005 celeber,
1152 937 1415 993 maximis
1461 936 1765 1011 praeditus
1796 935 1922 992 vir-

637 1026 892 1083 tutibus
958 1026 1172 1084 Romae
1227 1034 1304 1086 20
1374 1043 1558 1083 annos
1611 1024 1924 1083 mathesim

637 1134 851 1191 magna
883 1133 1014 1172 cum
1066 1114 1237 1172 laude
1287 1118 1381 1172 est
1414 1114 1730 1189 professae,
1766 1113 1922 1171 mul—

639 1207 888 1278 tumque
920 1202 1181 1261 contulit
1212 1204 1285 1260 ad
1317 1203 1796 1261 reformationem
1828 1220 1922 1259 ca-

643 1291 893 1349 lendarii
944 1292 1053 1350 sub
1106 1292 1387 1367 Gregorio
1439 1291 1593 1349 XIlI.
1643 1292 1923 1350 reforma-

637 1384 887 1455 tumque
921 1385 1160 1438 strenue
1200 1381 1489 1454 docteque
1522 1380 1783 1438 defendit
1817 1380 1921 1437 ad-

640 1488 848 1527 versus
911 1474 1324 1545 protestantes.
1390 1469 1747 1528 Prodierunt
1791 1470 1923 1543 ejus

644 1577 818 1632 opera
881 1562 921 1615 t.
990 1569 1021 1620 5
1089 1559 1152 1615 in
1206 1558 1243 1615 f.
1325 1558 1667 1633 Moguntiae
1740 1567 1922 1619 1612.

643 1646 1079 1704 Praetermissis
1142 1648 1422 1721 operibus
1485 1646 1558 1705 ad
1611 1646 1922 1705 mathesim

640 1732 1127 1813 spectantibus1),
1177 1737 1291 1793 huc
1336 1736 1639 1811 pertinent
1672 1737 1926 1794 Romani

640 1826 965 1882 calendarii
1010 1845 1045 1880 a
1094 1826 1372 1901 Greyorio
1403 1824 1588 1884 XIII.
1621 1823 1685 1885 P.
1722 1824 1799 1884 M.
1832 1844 1922 1881 re·

639 1916 825 1971 stituti
886 1914 1185 1987 explicatio
1198 1935 1226 1985 ‚·
1286 1914 1532 1972 accessit
1595 1913 1924 1972 confutatio

640 2021 860 2071 eorum,
895 2002 999 2077 qui
1034 2003 1439 2061 calendarium
1488 2004 1660 2061 aliter
1690 2004 1923 2060 instau-

637 2092 889 2149 randum
905 2110 1031 2150 esse
1048 2093 1497 2159 contenderunt,
1516 2092 1731 2150 Romae
1756 2102 1777 2152 1
1797 2101 1829 2151 5
1841 2102 1874 2151 9
1888 2102 1918 2152 5

638 2180 698 2237 in
733 2180 801 2249 f.;
846 2190 1042 2251 16033
1086 2191 1281 2245 1605:
1322 2181 1634 2253 Computa-s
1665 2181 1921 2239 ecclesia-

637 2272 811 2327 sticus
842 2289 945 2343 per
977 2270 1302 2345 digitorum
1335 2271 1618 2329 articulos
1650 2270 1800 2327 mira
1831 2270 1923 2328 fa-

640 2359 866 2416 cilitate
899 2359 1176 2428 tradituS,
1212 2359 1481 2417 Coloniae
1523 2370 1685 2421 1600
1723 2359 1785 2417 in
1826 2368 1923 2427 16;

640 2448 855 2505 Romae
895 2457 1093 2516 15973
1141 2458 1300 2509 1603
1336 2449 1400 2505 in
1435 2460 1502 2515 ὃς
1557 2448 1704 2505 Nom?
1735 2446 1922 2507 calen-

638 2536 796 2592 darii
828 2539 1057 2593 romani
1088 2538 1351 2613 apoloqia
1371 2536 1652 2594 adversus
1675 2536 1924 2595 Michae-

642 2626 756 2682 lem
773 2625 1152 2683 Moestlinum
1174 2626 1699 2700 Gaeppingensem‚
1711 2627 1926 2684 Romae

652 2723 812 2776 1558
869 2714 931 2770 in
968 2725 1037 2782 43
1093 2712 1251 2794 (eum
1306 2711 1627 2788 appendice
1678 2715 1739 2772 in
1786 2714 1924 2772 edit.

645 2797 968 2879 mogunt.);
1002 2802 1125 2860 Jos.
1151 2802 1185 2859 S
1204 2821 1232 2859 0
1251 2803 1319 2859 al
1340 2803 1415 2878 ig
1432 2822 1461 2859 e
1479 2802 1542 2859 ri
1575 2802 1859 2861 Elenchus
1878 2811 1928 2860 et

642 2892 941 2964 castiyatio
992 2892 1317 2948 calendarii
1357 2894 1691 2968 qreyoriani
1751 2894 1925 2950 casti·

635 2986 793 3054 quta,
829 2979 1044 3036 Romae
1089 2990 1247 3042 1595
1274 2981 1335 3037 in
1359 2989 1412 3039 8.
1449 2980 1684 3054 aliaque
1718 2982 1924 3039 adver·

641 3085 742 3124 sus
778 3067 1138 3143 Scaligerum
1162 3073 1220 3126 et
1248 3088 1350 3144 pro
1367 3069 1706 3128 defensione
1727 3072 1925 3128 calen-

642 3156 792 3214 darii
824 3158 1177 3232 gregoriani.

1563 846 1921 905 eruditionis
1976 849 2158 906 etiam
2191 850 2390 904 tantae
2436 850 2722 922 patronae
2767 850 3043 922 expertus
3083 866 3261 922 prae-

1978 936 2197 994 sidium
2212 935 2473 994 bimulus
2489 936 2695 993 mortis
2711 935 2902 993 evasit
2913 935 3260 1010 perieulum.

1977 1026 2054 1084 Ut
2086 1044 2336 1100 puerum
2385 1025 2575 1083 adhuc
2623 1025 2911 1082 tenellum
2960 1023 3033 1081 ad
3083 1043 3264 1100 opera

1977 1112 2419 1172 misericordiae
2455 1113 2845 1171 assuefaceret
2878 1118 3083 1184 mater,
3124 1133 3263 1171 eum

1979 1203 2254 1261 mittebat
2283 1202 2347 1259 in
2380 1202 2502 1260 vias
2536 1206 2716 1274 atque
2747 1203 2989 1276 plateae,
3024 1205 3093 1259 ut
3114 1222 3258 1277 pau·

1977 1311 2146 1368 peres
2198 1292 2502 1367 colligeret
2557 1292 2621 1348 in
2665 1290 2904 1348 domum
2951 1296 3258 1366 paternam

1979 1380 2410 1448 conducendOS,
2475 1380 2580 1438 ubi
2644 1380 2774 1438 cibo
2825 1379 3261 1439 reficiebantur.

1977 1470 2191 1528 Literis
2223 1488 2456 1544 operam
2508 1469 2688 1526 dabat
2721 1468 2978 1543 primum
3013 1469 3261 1527 Verula-

1977 1579 2104 1628 nae,
2130 1577 2259 1616 mox
2278 1557 2543 1633 Neapoli,
2577 1557 2816 1615 demum
2834 1553 3123 1635 Romael),
3159 1558 3264 1616 ubi

1979 1666 2026 1711 s.
2077 1647 2415 1722 Philippum
2471 1646 2735 1716 Nerium,
2785 1647 3264 1723 congregationis

1979 1736 2235 1794 Oratorii
2268 1738 2586 1804 auctorem,
2609 1736 2942 1811 spiritualis
2963 1736 3121 1794 vitae
3151 1736 3265 1794 du·

1977 1844 2102 1883 cem
2153 1827 2361 1882 nactus
2412 1825 2475 1882 in
2521 1825 2614 1882 sui
2665 1827 3013 1899 contemptu
3064 1830 3123 1882 et
3157 1826 3265 1883 Dei

1978 1933 2173 1973 amore
2206 1913 2467 1971 multum
2488 1913 2747 1988 profecit.
2784 1914 2931 1970 Mira
2961 1914 3026 1970 in
3057 1932 3263 1973 omnes

1979 2003 2343 2078 benignitate
2375 2004 2624 2069 0011008,
2675 2002 3052 2060 severitatem
3084 2022 3263 2061 suum

1978 2092 2040 2149 in
2072 2110 2286 2166 corpus
2333 2094 2679 2166 perpetuam
2726 2109 2792 2147 ac
2838 2091 3263 2164 parsimoniam

1977 2180 2041 2239 in
2072 2181 2200 2239 cibo
2233 2184 2294 2238 et
2326 2184 2467 2255 potu
2498 2178 2903 2238 incredibilem
2937 2182 3261 2240 exercebat.

1979 2269 2332 2347 Surgentem
2384 2288 2416 2325 a
2461 2288 2661 2327 mensa
2691 2268 3009 2342 aliquoties
3042 2287 3087 2326 s.
3121 2270 3260 2327 Phi-

1979 2360 2180 2434 lippus
2213 2357 2402 2416 redire
2426 2357 2626 2431 jussit,
2660 2357 2819 2432 quod
2853 2358 2935 2415 nil
2954 2358 3073 2416 fere
3095 2377 3262 2416 sum-

1979 2449 2200 2523 psisset
2229 2447 2517 2504 alimenti.
2551 2446 2740 2504 Horas
2755 2450 2990 2504 tantum
3010 2452 3268 2522 quatuor

1980 2538 2075 2595 vel
2096 2536 2362 2612 quinque
2385 2554 2588 2594 somno
2608 2534 2815 2593 dabat:
2851 2535 2988 2593 hinc
3009 2537 3268 2595 moriens

1983 2626 2274 2684 affirmare
2307 2628 2560 2700 poterat,
2589 2644 2648 2683 se
2679 2644 2785 2699 per
2814 2625 3067 2701 triginta
3082 2645 3268 2685 annos

1981 2733 2186 2774 somno
2236 2733 2545 2788 nunquam
2597 2714 2783 2772 fuisse
2833 2715 3132 2773 satiatum.
3196 2717 3266 2773 In

1979 2804 2354 2863 xenodochiis
2388 2822 2716 2879 pauperum
2732 2804 3149 2878 languentium
3171 2806 3265 2862 lu·

1981 2892 2242 2950 strandis
2293 2911 2503 2950 novem
2554 2910 2839 2950 annorum
2883 2893 3074 2967 spatio
3120 2893 3265 2952 adeo

1982 2982 2254 3056 pertinax
2285 2981 2422 3048 fuit,
2471 2983 2541 3039 ut
2583 3000 2658 3038 ne
2702 2981 2884 3039 febris
2935 2982 3176 3055 quidem
3212 2983 3268 3040 vi

1981 3071 2053 3128 ab
2085 3071 2190 3128 illo
2223 3070 2464 3145 pietatis
2497 3088 2737 3127 munere
2770 3075 3135 3140 avocaretur,
3170 3091 3264 3129 ac-

1981 3159 2243 3233 ciditque
2294 3158 2630 3233 aliquandO,
2678 3164 2749 3216 ut
2798 3177 2978 3216 sanus
3024 3159 3265 3218 domum

1980 3253 2398 3306 reverteretur.
2436 3248 2610 3305 Pater
2641 3248 2747 3306 hac
2769 3248 3001 3305 vivendi
3036 3249 3267 3306 ratione

733 3345 871 3398 226.
906 3335 1926 3418 HistoriaeEcclesiaeuniversaliff)
1980 3337 2085 3394 filii
2148 3337 2355 3406 iratuS,
2420 3336 2687 3394 subsidia
2736 3337 2999 3394 minatus
3062 3341 3153 3395 est
3205 3356 3266 3396 se

642 3425 982 3483 scribendae
1047 3426 1321 3484 incubuit
1382 3427 1486 3500 qui
1535 3426 1927 3501 plurimorum
1981 3426 2439 3494 subtracturum,
2486 3425 2549 3482 ni
2582 3425 2743 3482 illam
2776 3429 3054 3494 mutaret,
3088 3446 3266 3501 quam

641 3515 763 3571 loco
806 3520 915 3583 est,
952 3534 1199 3590 magnus
1245 3517 1525 3572 nimirum
1561 3515 1767 3572 Caesar
1798 3516 1925 3573 Ba·
1985 3569 2068 3574 „m

639 3605 923 3660 ronius.
974 3602 1041 3660 In
1076 3604 1262 3661 lucem
1299 3604 1497 3662 editus
1531 3610 1623 3661 est
1656 3605 1711 3661 C.
1745 3605 1926 3661 Baro-

643 3839 830 3908 gimus
851 3862 862 3892 :
893 3841 997 3902 „Ce
1029 3841 1307 3909 religieux
1325 3842 1467 3895 etait
1484 3846 1593 3896 tres
1608 3845 1765 3897 verse
1787 3845 1927 3897 dans

643 3911 678 3962 l'
697 3911 929 3964 histoire
955 3912 1139 3964 000100
1168 3914 1225 3964 et
1251 3917 1478 3966 surtout
1521 3916 1662 3967 dans
1688 3916 1742 3968 la
1771 3915 1927 3968 chro-

649 3980 872 4046 nologie
902 3983 995 4048 qu'
1011 3981 1052 4034 il
1075 4000 1107 4035 a
1128 3982 1297 4035 traite
1315 4000 1448 4037 avec
1463 3986 1759 4054 beaucoup
1778 3987 1928 4040 d'ex-
1983 3986 2051 4040 de
2077 3984 2313 4039 Athenis
2355 3986 2661 4055 Gregorius

2063 3639 2094 3695 ¹)
2124 3628 2485 3697 Quantopere
2514 3632 2706 3684 autem
2747 3630 2893 3683 hanc
2919 3631 3270 3686 adamaverit

1983 3703 2196 3763 urbem,
2224 3705 2383 3770 patet
2426 3718 2492 3754 ex
2519 3701 2671 3755 hisce
2698 3702 2949 3770 ejusdem
2977 3703 3162 3756 verbis
3189 3705 3266 3766 (in

1986 3773 2119 3825 Vita
2145 3772 2182 3826 l.
2215 3779 2257 3827 1.
2288 3790 2331 3825 0.
2362 3775 2416 3844 2(
2444 3776 2674 3826 auctore
2704 3773 2856 3827 Hier.
2883 3773 3014 3827 Ber
3033 3793 3067 3826 n
3085 3775 3170 3827 ab
3189 3792 3217 3828 e
3235 3792 3266 3827 0

2024 3844 2267 3912 01001110,
2307 3843 2518 3898 Romae
2557 3848 2747 3907 1651J:
2803 3844 2972 3906 „Mihi
3009 3851 3159 3899 certe
3201 3846 3269 3900 de

2035 3916 2132 3968 rbe
2149 3914 2294 3968 illud
2309 3914 2479 3968 liceat
2493 3914 2650 3968 haud
2667 3915 2728 3967 in
2771 3920 2894 3969 rato
2912 3916 3095 3981 fateri,
3113 3917 3267 3984 quod

2757 3986 3092 4042 azianzenus
3118 3987 3267 4040 affir-

644 4051 897 4105 actitude
926 4092 938 4104 .
964 4093 975 4103 .
997 4092 1009 4105 .
1039 4053 1086 4105 Il
1112 4070 1144 4105 a
1171 4055 1354 4108 releve
1382 4073 1461 4109 110
1488 4057 1667 4126 grand
1696 4059 1927 4111 nombre
1984 4060 2120 4122 mat,
2147 4056 2417 4110 nimirum
2445 4056 2621 4110 Roma
2648 4059 2794 4125 ipsa,
2836 4059 2942 4111 etsi
2980 4057 3267 4126 aliquibus

644 4122 696 4173 d'
716 4138 932 4203 erreurs
961 4124 1057 4192 qui
1088 4125 1313 4178 avaient
1358 4127 1609 4196 echappe
1652 4131 1685 4181 a
1727 4145 1810 4181 ses
1839 4129 1928 4182 de-
1984 4131 2218 4182 fortasse
2245 4127 2560 4198 perniciosa
2583 4128 2773 4192 fuerit,
2792 4130 2933 4183 mihi
2949 4135 3097 4183 certe
3117 4147 3268 4200 gem-

645 4211 943 4249 macretas·
1983 4217 2105 4254 mea
2135 4200 2402 4267 omnique
2443 4216 2508 4252 ex
2551 4207 2711 4268 parte
2753 4201 2921 4254 beata
2948 4204 3121 4270 atque
3148 4219 3271 4272 pro·

721 4271 755 4328 ¹)
785 4265 866 4319 Cf·
895 4267 1312 4336 Sommervogel
1342 4269 1404 4332 Il,
1434 4274 1627 4326 1:312*
1648 4276 1732 4326 24.
1983 4271 2124 4324 ficua
2141 4288 2362 4340 semper
2376 4269 2609 4335 exstitit,
2639 4274 2841 4340 utpote
2869 4289 3016 4340 quae
3043 4290 3130 4326 me
3158 4274 3269 4343 ple·

716 4344 756 4402 9)
788 4337 1011 4391 Claudii
1072 4339 1108 4388 Υ
1132 4338 1396 4393 illette
1448 4344 1533 4393 est
1584 4346 1817 4396 Annales
1867 4345 1929 4396 de
1981 4360 2085 4396 nae
2115 4341 2432 4412 pubertatis
2460 4342 2948 4396 adolescentulum
2977 4361 3186 4414 vagum
3216 4346 3272 4396 et

643 4410 678 4459 l'
697 4410 870 4475 E912·s‹›
915 4413 1219 4479 camelique,
1266 4428 1355 4479 ap.
1397 4414 1451 4464 et
1498 4412 1749 4466 romaine
1793 4428 1927 4466 avec
1980 4414 2262 4466 infrenem
2289 4411 2572 4482 excipiens
2614 4431 2742 4466 mox
2767 4415 2870 4467 sub
2897 4414 3107 4468 Christi
3126 4418 3269 4484 jugo

646 4477 682 4528 l'
702 4479 927 4533 histoire
954 4481 1020 4534 ‹le
1040 4483 1245 4534 France
1268 4499 1337 4534 en
1364 4483 1506 4534 seize
1533 4483 1744 4546 siet-les,
1773 4483 1926 4536 Paris
1980 4485 2271 4539 redactum
2299 4486 2613 4546 alumnum,
2656 4501 2826 4552 quem
2854 4487 3117 4556 suscepit,
3145 4488 3270 4539 edo·

646 4551 785 4604 1616
814 4548 872 4601 in
899 4556 947 4605 4.
984 4550 1246 4619 Ejusdem
1292 4556 1435 4606 forte
1479 4557 1564 4605 est
1589 4555 1924 4622 Deam-iption
1983 4557 2144 4618 muit,
2188 4557 2384 4610 sedula
2425 4573 2644 4608 morum
2685 4556 2959 4626 magistra
2999 4559 3270 4612 exsistens

645 4621 734 4670 des
762 4623 903 4700 Neue·
929 4621 996 4674 de
1026 4621 1081 4673 la.
1110 4627 1255 4675 terre
1283 4624 1463 4677 sainte
1492 4641 1563 4676 00
1594 4624 1659 4677 N.
1691 4627 1741 4678 S.
1770 4626 1928 4680 Jesus
1983 4644 2044 4679 ac
2073 4627 2380 4688 literarum,
2424 4631 2485 4678 ut
2529 4627 2696 4695 plane
2738 4626 3076 4697 intelligam,
3119 4628 3269 4697 quod

644 4703 677 4739 a
705 4689 959 4744 011010100
988 4695 1045 4743 et
1070 4694 1147 4745 les
1168 4695 1329 4762 ¹jours
1356 4695 1454 4748 des
1480 4695 1688 4749 annees
1733 4696 1801 4750 de
1843 4715 1928 4750 ses
1983 4699 2173 4751 minus
2197 4698 2527 4768 profecerim
2549 4698 2609 4750 in
2631 4697 2885 4766 utrisque
2902 4698 3272 4754 facultatibus

646 4774 876 4814 oeuvres
904 4778 971 4814 en
1000 4761 1174 4815 ladite
1203 4767 1346 4819 terre
1374 4783 1436 4836 s.‚
1463 4764 1619 4819 Paris
1647 4771 1801 4824 1608.
1982 4768 2120 4821 mihi
2149 4769 2343 4823 cedere
2372 4768 2592 4838 culpae,
2620 4785 2735 4822 non
2763 4769 2956 4826 Urbi.“
