3625 5193
1003 218 1373 274 1641—1663.
1400 213 1503 268 Jus
1529 213 1886 270 canonicum.
1911 212 2182 285 Zypaeus‚
2209 210 2562 278 Amidenius,
2591 212 2792 279 Strein‚
3046 231 3226 283 1154

589 234 758 289 1163

582 403 823 463 exordia
868 405 930 461 et
978 418 1327 478 progressus
1373 403 1434 458 et
1481 400 1724 477 linguae
1764 399 1866 458 he·
1923 398 2105 458 dorus
2137 399 2210 457 ab
2243 397 2629 474 Ameyden
2663 393 3066 480 (Amidenius)
3099 398 3228 456 Sil-

580 491 810 550 braicae
860 489 1208 559 encomium,
1268 497 1464 561 1618;
1516 488 1868 548 Bibliotheca
1923 487 2310 547 vaeducensis
2357 486 2431 547 ab
2476 486 2715 546 Andrea
2762 487 3059 546 cardinale
3106 506 3223 546 au·

584 582 810 656 belyica,
842 579 907 637 in
938 598 1059 654 qua
1086 578 1351 656 belgicae
1384 595 1491 637 seu
1522 577 1867 637 Germaniae
1923 577 2136 636 striaco
2171 576 2592 653 propemodum
2636 575 2830 635 adhuc
2875 576 3072 635 infans
3119 577 3222 635 in·

582 668 883 728 inferioris
901 667 1237 745 provinciae
1252 667 1569 743 urbesque,
1585 666 1699 725 viri
1719 666 1868 725 item
1921 669 2014 725 ter
2063 665 2229 724 aulae
2278 684 2496 742 pueros
2558 664 2624 725 in
2673 665 3045 725 Germaniam
3111 683 3220 725 su·

581 758 644 816 in
675 757 881 834 Belgio
900 757 1027 816 vita
1046 756 1403 832 scriptisque
1423 756 1568 815 clari
1600 759 1662 814 et
1682 755 1864 814 libro·
1921 755 2213 831 periorem
2263 754 2547 825 eductus,
2599 757 2662 813 et
2708 754 2923 813 deinde
2973 754 3223 813 Romam

579 865 712 905 rum
744 846 1209 916 nomenclatura,
1242 844 1483 904 Lovanii
1510 853 1676 907 1623
1709 845 1774 902 in
1797 852 1865 915 8;
1920 844 2246 920 perductus
2288 844 2481 902 haesit
2528 842 2769 914 ibidem,
2825 844 3009 902 donec
3055 842 3218 902 idem

587 943 753 999 1643
788 935 877 995 ed.
910 934 1092 1011 duplo
1136 933 1400 993 auctior:
1446 932 1713 994 collectio
1745 950 1865 990 non
1921 932 2238 992 cardinalis
2269 951 2339 990 ex
2371 932 2576 992 morbo
2608 932 2671 990 in
2704 931 2919 992 itinere
2951 932 3218 1008 neapoli-

581 1024 708 1083 sine
739 1024 970 1096 meritc,
1016 1021 1118 1083 sed
1150 1022 1348 1082 minus
1386 1024 1658 1082 accurata
1687 1021 1752 1080 in
1782 1022 1864 1079 ci·
1920 1024 2060 1080 tano
2092 1024 2394 1081 contracto
2427 1021 2570 1080 fatis
2603 1021 2797 1080 cessit.
2844 1021 3043 1080 Rediit
3075 1021 3228 1080 inde

579 1112 774 1171 tandis
805 1112 869 1176 ll.
901 1112 1117 1182 titulis,
1159 1113 1220 1171 et
1252 1111 1315 1170 in
1347 1130 1464 1187 qua
1494 1109 1867 1170 desideratur
1920 1110 1984 1169 in
2017 1109 2390 1169 Germaniam
2422 1113 2482 1169 et
2513 1110 2822 1187 Belgium;
2872 1110 3218 1184 iterumque

580 1201 842 1261 auctoris
874 1201 1166 1273 iudicium
1186 1199 1257 1258 de
1277 1200 1541 1259 virorum
1561 1217 1710 1276 quos
1730 1199 1865 1259 lau·
1920 1202 2057 1276 post
2090 1199 2253 1258 varia
2283 1199 2500 1258 itinera
2521 1200 2765 1258 Romam
2796 1199 3041 1276 repetiit
3072 1217 3217 1259 cau-

580 1291 683 1349 dat
731 1290 925 1366 pretio
976 1288 1255 1352 literario.
1330 1289 1495 1348 Fasti
1543 1285 1867 1349 academici
1923 1307 2240 1364 earumque
2271 1287 2624 1348 advocatum
2655 1288 2797 1365 egit,
2830 1308 2949 1365 quo
2980 1289 3045 1346 in
3076 1308 3214 1347 mu-

578 1380 758 1438 studii
799 1380 1084 1456 generalis
1128 1379 1487 1455 lovaniensis,
1535 1378 1599 1437 in
1643 1377 1864 1454 quibus
1919 1396 2057 1453 nere
2103 1397 2380 1455 magnam
2423 1380 2636 1441 nactus
2682 1380 2775 1436 est
2821 1378 3076 1437 nominis
3126 1377 3218 1435 fa·

580 1468 742 1545 origo
773 1472 835 1526 et
867 1467 1174 1527 institutio
1203 1466 1563 1537 academiae3
1596 1467 1743 1525 item
1776 1484 1865 1524 se·
1921 1485 2109 1535 mam;
2160 1466 2277 1525 fuit
2306 1466 2486 1526 etiam
2517 1469 2712 1525 rector
2756 1466 3036 1526 ecclesiae
3070 1466 3223 1526 Ger-

579 1556 696 1616 ries
726 1559 1044 1626 rectorum,
1078 1555 1584 1626 cancellariorum,
1633 1573 1867 1614 conser-
1920 1574 2235 1615 manorum
2254 1555 2396 1614 dell’
2412 1555 2628 1614 Anima
2647 1551 2920 1635 dictae1).
2955 1554 3214 1630 Scripsit

577 1654 853 1705 vatorum
885 1644 950 1704 in
996 1644 1264 1721 qualibet
1301 1643 1605 1715 facultate,
1653 1644 1865 1703 funda·
1920 1644 2149 1720 primus
2180 1643 2373 1703 fusius
2403 1646 2479 1703 tr.
2524 1645 2593 1703 dc
2623 1644 2812 1718 officio
2854 1652 2904 1704 et
2922 1644 3217 1719 jurisdic—

578 1737 778 1793 torum
823 1738 885 1792 et
929 1733 1378 1792 benefactorum
1422 1733 1686 1809 ejusdem
1726 1733 1864 1792 uni·
1920 1735 2068 1791 tione
2099 1733 2338 1803 dotarii,
2382 1750 2613 1793 necnon
2643 1733 2712 1795 dc
2741 1733 2872 1793 stilo
2918 1735 3218 1808 datariae,

578 1822 896 1893 versitatiS,
943 1822 1186 1882 Lovanii
1223 1830 1385 1886 1635
1424 1821 1488 1880 in
1521 1831 1596 1893 4.,
1647 1822 1864 1898 prioris
1921 1840 2087 1899 opuS,
2122 1826 2193 1881 ut
2225 1822 2563 1898 praefertur
2591 1822 2657 1881 in
2686 1822 2885 1892 titulo,
2938 1822 3226 1881 omnibus

577 1912 746 1970 velut
767 1910 1059 1986 appendix
1092 1914 1153 1970 et
1171 1911 1667 1988 complementum
1700 1921 1860 1975 1650
1920 1911 2216 1987 episcopis
2248 1915 2309 1970 et
2340 1930 2545 1971 eorum
2564 1911 2801 1970 vicariis
2837 1911 3222 1987 singulisque

578 1999 669 2058 ed.
700 2002 911 2071 aucta;
944 1999 1246 2075 quondam
1275 1999 1565 2076 prohibiti
1588 2009 1687 2062 30.
1708 2000 1862 2077 Aug.
1921 1999 2334 2061 ecclesiasticis
2359 2000 2683 2075 judicibus,
2732 1999 3053 2070 advocatis,
3101 2020 3215 2076 pa·

586 2097 745 2151 1661
776 2087 1004 2158 ,donec
1032 2088 1471 2166 corrigantur‘‚
1507 2088 1667 2164 quod
1695 2089 1759 2147 in
1787 2088 1863 2147 iis
1919 2089 2135 2160 rochis,
2198 2088 2568 2148 confessariis
2629 2092 2739 2150 etc.
2799 2089 3216 2159 utilissimum,

577 2177 955 2253 reperiantur
969 2178 1186 2252 aliqua,
1205 2177 1426 2252 quibus
1447 2194 1622 2236 suum
1640 2178 1704 2236 in
1722 2176 1762 2236 J
1764 2197 1865 2236 an·
1921 2178 2134 2237 Romae
2174 2187 2373 2249 16453
2407 2177 2674 2243 Venetiis
2701 2187 2727 2240 1
2745 2187 2867 2242 657
2892 2198 2907 2248 ;
2941 2178 3228 2237 Coloniae

578 2265 956 2325 senianorum
1019 2266 1336 2327 factionem
1411 2267 1864 2342 propensionem
1928 2277 2086 2330 1701
2140 2267 2205 2326 in
2249 2266 2305 2338 f.,
2352 2267 2721 2343 prohibitum
2767 2266 3070 2342 quondam
3111 2277 3211 2329 10.

579 2354 858 2414 ostendit.
878 2388 966 2398 —
987 2355 1339 2414 Franciscus
1365 2354 1688 2431 Zypaeus
1724 2351 1864 2437 (van
1920 2355 2052 2414 Dec.
2105 2364 2266 2418 1653
2287 2400 2302 2426 ‚
2367 2356 2528 2430 quod
2588 2356 2718 2415 sine
2779 2356 3224 2432 approbatione

576 2443 692 2501 den
725 2439 907 2525 Zype)
943 2438 1464 2525 Mechliniensis1),
1497 2443 1719 2504 Joanni
1750 2444 1863 2503 Mi·
1925 2443 2155 2503 editum
2188 2443 2391 2509 fuerit,

577 2550 714 2592 raeo
746 2532 1164 2609 antwerpiensi
1196 2533 1455 2609 praesuli
1488 2532 1561 2590 ab
1594 2533 1862 2610 epistolis

507 2668 523 2681 .
579 2622 1014 2693 secretioribuS,
1031 2622 1212 2697 hujus
1232 2622 1508 2681 ecclesiae
1524 2623 1862 2695 canonicus,

581 2711 1047 2780 archidiaconus,
1094 2714 1154 2768 et
1184 2711 1445 2787 episcopi
1477 2710 1731 2770 vicarius
1760 2730 1864 2787 ge-

2014 2632 2156 2686 509.
2179 2617 2569 2702 Ger112anu32)
2588 2626 2679 2682 est
2698 2623 2791 2686 J0.
2815 2623 3064 2682 Strein
3085 2622 3140 2684 S.
3159 2623 3224 2682 J.

1920 2730 1988 2770 ex
2020 2711 2235 2788 oppido
2273 2712 2634 2771 Franconiae
2665 2711 2950 2771 Waldura
2980 2708 3213 2793 (wald-

578 2799 813 2871 neralis,
845 2799 940 2858 vir
958 2799 1274 2858 admodum
1294 2802 1566 2859 versatus
1600 2799 1663 2858 in
1695 2803 1863 2859 utro-

579 2906 694 2963 que
716 2888 855 2961 jure
874 2881 932 2968 (l
951 2896 1294 2962 580—165
1306 2885 1386 2968 0),
1417 2888 1668 2962 reliquit
1698 2889 1736 2947 1.
1768 2888 1863 2948 in-

579 2975 869 3051 scriptum
886 2995 899 3033 :
919 2976 1087 3051 juris
1106 2978 1397 3051 pontificii
1415 2978 1545 3035 novi
1568 2979 1866 3054 analytica

578 3066 895 3134 enarratae,
918 3083 1069 3139 quae
1088 3064 1279 3125 tertiis
1303 3066 1460 3125 curis
1478 3066 1708 3126 auctior
1726 3085 1862 3148 pro-

579 3153 693 3211 diit
722 3153 991 3212 Coloniae
1038 3163 1063 3215 1
1080 3163 1197 3217 641
1226 3176 1239 3225 ;
1284 3156 1723 3214 consultationes
1765 3175 1862 3213 ca-

577 3244 829 3319 nonicae,
882 3242 1200 3318 pleraeque
1249 3260 1319 3302 ex
1354 3244 1493 3320 jure
1543 3244 1862 3303 novissimo

577 3331 810 3390 concilii
841 3329 1157 3391 tridentini
1176 3334 1693 3408 recentiorumque
1712 3350 1860 3408 pon-

575 3420 800 3479 tificum
817 3419 1350 3481 constitutionibus
1360 3421 1741 3498 depromptae
1752 3425 1860 3481 etc.

574 3509 951 3586 Antwerpiae
990 3519 1154 3573 1640
1188 3509 1255 3568 in
1286 3510 1359 3581 f.;
1401 3520 1428 3571 1
1442 3521 1475 3572 6
1488 3517 1518 3570 ’7
1532 3519 1586 3580 5,
1638 3511 1860 3585 quibus

572 3598 637 3657 in
667 3599 944 3673 operibus
975 3593 1281 3682 (utilibus)
1321 3599 1615 3675 principia
1646 3599 1705 3656 M
1721 3600 1788 3658 ol
1806 3599 1859 3656 i-

572 3687 780 3760 naei,
829 3688 1137 3758 Fevret,
1186 3688 1646 3764 Van-Espen
1668 3733 1681 3759 ,
1724 3688 1859 3746 Fe-

575 3775 613 3833 b
628 3795 658 3833 r
675 3793 708 3833 o
724 3775 834 3834 nii
879 3775 1253 3851 aliorumque
1300 3777 1731 3837 neotericorum
1765 3796 1860 3835 re-

1919 2796 2131 2882 thum)
2168 2797 2368 2882 (1584
2401 2833 2484 2846 -
2529 2811 2622 2864 10.
2645 2800 2814 2864 Febr.
2854 2797 3069 2881 1662),
3105 2802 3217 2876 qui

1919 2889 2370 2965 philosophiam,
2422 2890 2652 2952 divinas
2702 2890 2925 2960 literas,
2978 2889 3216 2949 theolo-

1919 2978 2077 3055 giam
2124 2979 2533 3038 scholasticam
2580 2982 2641 3038 et
2688 2979 2972 3038 moralem
3019 2983 3082 3038 et
3105 2980 3224 3054 jus

1921 3067 2271 3126 canonicum
2291 3067 2649 3145 Moguntiae,
2672 3068 3000 3145 Herbipoli,
3032 3069 3218 3127 Bam-

1918 3156 2135 3232 bergae
2165 3156 2338 3216 annis
2384 3157 2655 3232 pluribus
2694 3175 2830 3218 cum
2872 3157 3050 3216 laude
3083 3159 3216 3215 tra·

1919 3244 2086 3314 didit,
2135 3247 2196 3303 et
2227 3245 2567 3304 cancellarii
2611 3264 2856 3305 munere
2902 3246 2966 3305 in
3001 3244 3222 3304 acade-

1918 3332 2037 3391 mia
2065 3333 2479 3411 bambergensi
2501 3335 2604 3393 diu
2624 3334 2869 3395 functus
2890 3338 2997 3394 est.
3030 3334 3214 3392 Prae·

1919 3425 2011 3481 ter
2027 3422 2145 3481 alia
2159 3424 2442 3498 opuscula
2457 3424 2792 3498 composuit
2806 3425 3020 3482 utilem
3033 3419 3217 3483 Sum-

1917 3529 2073 3570 mam
2074 3513 2240 3586 juris
2253 3514 2517 3571 canonici
2531 3513 3016 3588 comprehensam
3038 3521 3071 3574 3
3088 3531 3184 3588 pp.
3196 3555 3213 3581 ,

1916 3600 1982 3659 in
1995 3619 2113 3678 qua
2128 3600 2411 3660 distincte
2426 3604 2487 3660 et
2503 3602 2800 3661 succincte
2829 3602 3216 3679 explicantur

1916 3708 2067 3765 quae
2100 3689 2175 3747 ad
2192 3708 2490 3766 personas,
2525 3691 2765 3768 negotia
2785 3692 2846 3751 et
2868 3690 3095 3766 Judicia
3117 3706 3215 3748 ec-

1917 3775 2241 3837 clesiastica
2271 3798 2340 3838 ex
2371 3796 2663 3842 canonum
2682 3780 3047 3857 praescripto
3067 3798 3206 3854 per-

575 3861 768 3921 futata
814 3865 1217 3938 reperiuntur.
1288 3865 1539 3925 Collecta
1586 3866 1860 3941 prodiere
1914 3868 2145 3939 tinant3
2177 3867 2403 3926 accedit
2432 3869 2895 3928 commentarius
2928 3869 2991 3927 in
3023 3887 3206 3944 regu·

574 3951 952 4024 Antwerpiae
991 3962 1153 4015 1675
1205 3972 1258 4010 v.
1294 3962 1329 4014 2
1363 3955 1429 4012 in
1459 3954 1499 4014 f.
1539 3986 1627 3995 —
1672 3954 1856 4013 Theo·
1915 3957 2002 4014 las
2027 3956 2183 4031 juris
2227 3956 2533 4033 pontificii,
2582 3977 2735 4033 quae
2781 3958 2846 4016 in
2878 3958 2917 4020 l.
2962 3968 3018 4021 5.
3051 3961 3114 4015 et
3149 3966 3205 4018 6.

1916 4044 2295 4104 decretalium
2312 4043 2712 4116 continentur,
2735 4048 2797 4106 et
2809 4047 2966 4123 juris
2986 4044 3213 4105 utrius·

653 4120 690 4188 ¹)
720 4117 853 4187 Ejus
878 4118 1051 4172 frater
1077 4119 1130 4172 Η
1146 4138 1175 4174 e
1191 4139 1229 4173 n
1245 4122 1303 4174 ri
1320 4139 1349 4174 c
1366 4139 1403 4173 u
1420 4139 1445 4175 a
1473 4123 1534 4178 Ο.
1562 4121 1617 4175 S.
1641 4123 1773 4178 Ben.
1802 4127 1861 4179 et
1916 4153 2031 4209 que
2052 4135 2347 4196 anatomia
2378 4154 2481 4212 per
2510 4143 2634 4199 250
2671 4135 3035 4196 differentias
3068 4135 3210 4210 plu-

574 4188 745 4242 abbas
773 4189 824 4243 S.
854 4190 1113 4244 Andreae
1151 4207 1327 4261 prope
1354 4191 1573 4263 Brugas
1598 4196 1670 4264 (n.
1698 4200 1856 4262 1577,

574 4270 601 4323 †
628 4265 786 4332 1659)
828 4261 1062 4330 reliquit
1097 4262 1134 4316 l.
1174 4262 1264 4316 cui
1306 4263 1541 4319 titulus:
1580 4269 1633 4319 S.
1663 4271 1856 4334 θηρο-

573 4337 690 4387 rius
731 4335 806 4388 M.
846 4352 912 4388 esc
953 4337 1168 4401 familia
1208 4337 1533 4392 benedictina
1577 4342 1855 4406 oriundus,

574 4403 717 4485 Ipris
743 4409 879 4462 1611
908 4405 1045 4486 in·8.
1072 4405 1337 4461 adversus
1358 4405 1683 4474 Batonium,
1712 4425 1858 4479 opus

572 4475 1858 4631 aas..efficeaffiffiwffssgssz

1914 4223 2071 4281 rium
2132 4223 2442 4282 doctorum
2503 4225 2856 4284 auctoritate
2920 4224 3208 4301 probatas

1990 4487 2028 4546 ¹)
2059 4480 2142 4536 cf.
2170 4481 2436 4552 Foppens
2462 4482 2532 4547 11,
2559 4487 2716 4543 1119.

1989 4556 2030 4634 ²)
2045 4552 2560 4608 Praeter-mittimus
2573 4552 2882 4625 Georgium
2895 4554 2953 4607 M
2965 4558 3002 4607 11
3012 4572 3051 4606 11
3065 4558 3088 4608 t
3100 4571 3129 4605 z
3141 4569 3171 4607 e
3182 4571 3214 4605 r

571 4617 713 4671 cisco
738 4617 812 4673 ib.
842 4619 883 4684 l,
910 4623 1045 4692 3173
1092 4620 1282 4692 Biogr.
1310 4639 1403 4674 un.
1432 4622 1545 4688 LII,
1572 4625 1708 4682 545:
1735 4623 1856 4678 Fel·
1906 4624 2052 4692 juris
2079 4624 2382 4688 doctorem,
2424 4625 2678 4695 episcopi
2716 4625 3040 4680 viennensis
3080 4641 3210 4695 pro-

570 4688 655 4741 ler
680 4688 827 4770 Vm,
851 4694 992 4748 480:
1033 4692 1370 4762 praesertim
1396 4692 1549 4763 Feije
1577 4692 1646 4747 de
1671 4693 1730 4748 F.
1758 4693 1856 4762 Zy-
1913 4694 2190 4749 vicarium
2230 4699 2287 4750 et
2325 4696 2625 4750 officialem
2668 4697 2741 4765 (fl.
2773 4700 2949 4769 1653),
2978 4696 3046 4751 de
3090 4712 3212 4764 quo

570 4776 713 4828 paeo
740 4762 859 4814 vita
886 4764 944 4814 et
970 4763 1191 4818 meritis
1216 4762 1414 4830 oratio,
1440 4763 1519 4819 Lo
1530 4764 1678 4820 vanii
1699 4768 1857 4823 1852.
1912 4766 1985 4822 cf.
2014 4766 2246 4821 Schulte
2272 4765 2408 4837 allg.
2437 4769 2492 4822 d.
2518 4767 2581 4822 B.
2607 4772 2695 4835 23,
2725 4767 2814 4826 37.
