3625 5193
408 275 483 327 10
496 274 527 326 5
1304 253 1554 319 Morone,
1583 254 1794 318 Porcia,
1822 254 2140 309 Truchsess
2899 273 2919 323 1
2940 273 3017 326 05

404 442 628 501 Itemm
662 441 883 500 missus
916 443 1009 500 est
1051 441 1397 501 Tridentum
1447 459 1683 517 praeses
1741 441 1856 500 alia
1887 441 2169 500 beneficia
2200 440 2465 500 obtinuit
2505 442 2800 500 abbatiam
2833 460 3021 499 mosa-

397 531 652 599 concilii,
687 530 848 605 quod
882 530 1134 589 feliciter
1165 530 1237 589 ad
1260 530 1435 590 finem
1466 532 1683 607 perdu-
1742 549 1972 590 censem
2007 526 2267 611 (Moggio
2300 530 2363 587 di
2393 528 2620 607 Sopra),
2663 530 2821 589 unde
2853 549 3023 605 saepe

403 620 504 679 xit.
538 620 726 688 Quam
761 618 836 677 ob
856 637 982 677 rem
1004 640 1037 677 a
1056 619 1159 678 Pio
1178 620 1274 679 lV.
1297 620 1682 688 collaudatus,
1743 620 1941 678 dictus
1972 613 2264 702 estJabbas
2284 620 2656 678 mosacensis.
2689 620 2907 678 Romae
2939 620 3024 677 fa-

400 709 476 768 ab
568 726 637 767 eo
727 726 948 767 munus
1027 710 1253 784 accepit
1334 709 1687 786 invigilandi
1741 708 1992 767 miliaria
2042 712 2168 767 erat
2210 727 2252 766 s.
2301 708 2489 768 Caroli
2533 710 2686 779 Bor„
2737 710 2840 783 qui
2889 728 3025 767 eum

404 799 468 857 in
534 796 766 856 concilii
811 797 1182 857 decretorum
1233 799 1684 858 exsecutionem.
1740 818 1790 856 a.
1833 807 1996 860 1566
2048 797 2463 873 presbyterum
2513 797 2831 857 ordinavit.
2894 799 3023 855 Mox

402 887 528 946 Hoc
557 886 835 962 pontifice
867 886 1146 946 defuncto
1178 906 1386 962 parum
1417 887 1621 946 aberat
1655 907 1689 945 a
1745 887 1937 945 factus
2003 890 2096 944 est
2157 887 2601 961 protonotarius
2663 887 3024 963 apostolicus

398 977 567 1035 tiara.
601 976 829 1034 Iterum
862 976 1077 1035 missus
1099 980 1192 1035 est
1222 976 1456 1052 legatus
1497 976 1572 1035 ad
1590 994 1687 1035 co·
1744 975 2082 1050 missusque
2113 975 2218 1050 qui
2250 975 2520 1034 visitaret
2557 975 3026 1052 patriarchatum

404 1065 576 1123 mitia
637 1064 873 1139 imperii
922 1065 1280 1124 Ratisbonae
1333 1069 1690 1142 congregata
1744 1064 2172 1139 aquilejensem
2187 1067 2366 1139 atque
2383 1065 2599 1124 ibidem
2620 1065 3028 1141 promulgaret

414 1163 596 1217 1576.
632 1153 799 1212 Obiit
816 1153 1207 1229 dignissimus
1237 1153 1547 1212 cardinalis
1562 1150 1606 1233 ¹)
1629 1157 1691 1211 et
1745 1152 1984 1211 decreta
2002 1153 2344 1211 tridentina.
2378 1154 2654 1212 Missione
2670 1154 2778 1211 hac
2793 1153 3027 1229 egregie

398 1243 714 1318 episcopus
764 1243 1036 1302 ostiensis
1086 1246 1278 1302 morte
1325 1243 1418 1319 pia
1480 1243 1689 1301 merito
1745 1242 2062 1316 perfuncta
2093 1242 2309 1300 missus
2358 1246 2448 1301 est
2497 1261 2619 1302 non
2663 1243 2768 1300 diu
2799 1246 2934 1318 post
2965 1242 3027 1299 in

405 1333 607 1409 magni
640 1332 829 1390 factus
870 1342 921 1393 1.
955 1332 1087 1393 Dec.
1129 1341 1313 1395 1580.
1346 1333 1497 1391 Acta
1526 1332 1686 1407 lega·
1745 1330 2119 1389 Germaniam
2132 1331 2497 1406 superiorem
2512 1332 2770 1389 nuncius
2787 1333 3027 1406 aposto-

402 1421 586 1479 tionis
619 1420 884 1496 eJusdem
912 1421 1104 1480 edidit
1122 1423 1259 1496 post
1278 1421 1426 1480 alios
1446 1424 1517 1480 ut
1535 1422 1688 1496 Ray-
1742 1419 1894 1478 licus
1926 1414 2172 1501 (1573),
2203 1420 2337 1479 dein
2368 1424 2428 1479 et
2457 1421 2753 1479 Coloniam
2778 1415 3025 1501 (1577),

406 1510 668 1575 mudum,
720 1509 1044 1580 Laemmer‚
1097 1510 1364 1569 Schultze
1409 1513 1536 1579 etc.,
1585 1508 1691 1584 qui
1744 1509 2000 1584 denique
2033 1509 2105 1567 ad
2137 1509 2512 1584 imperatoris
2544 1510 2767 1567 aulam:
2819 1527 3028 1566 verum

404 1618 595 1675 pauca
626 1600 860 1657 tantum
907 1599 1179 1674 publicae
1225 1599 1520 1658 dederunt
1550 1598 1688 1668 luci,
1745 1617 1883 1657 cum
1914 1598 2184 1657 infirmae
2232 1602 2388 1656 esset
2420 1598 2777 1657 valetudinis
2809 1598 3029 1674 Pragae

404 1688 493 1745 W.
527 1688 961 1764 Friedensburg
1002 1690 1065 1747 in
1098 1687 1691 1747 Nuntiaturberichte
1746 1687 2003 1747 decessit
2042 1696 2136 1749 12.
2171 1689 2324 1763 Aug.
2365 1696 2551 1750 1578.
2615 1688 2766 1745 Eum
2799 1685 3029 1762 magni-3

408 1796 514 1835 aus
546 1777 949 1836 Deutschland
996 1780 1134 1838 sect.
1188 1788 1236 1838 l.
1270 1782 1310 1835 t.
1343 1776 1401 1835 11
1433 1778 1690 1835 Nuntia·
1746 1775 2949 1851 encomiisprosequitur'l'orquatus'l'asso
2963 1770 3027 1855 1).

404 1873 506 1924 tur
552 1868 607 1923 d.
645 1866 882 1925 Marone
923 1862 1438 1946 (1536-1538),
1503 1866 1693 1925 Gotha

416 1962 620 2025 1892;
665 1975 715 2012 a.
758 1965 923 2019 1539
957 1955 1035 2014 ib.
1069 1959 1110 2013 t.
1144 1956 1248 2013 III.
1282 1959 1344 2014 et
1373 1956 1471 2014 IV.
1503 1956 1693 2013 Gotha
1842 1964 1942 2016 49.
1978 1954 2309 2012 Plurimum
2351 1953 2424 2012 de
2457 1955 2742 2013 catholica
2772 1953 3031 2012 Ecclesia

420 2054 615 2112 1893;
662 2048 723 2102 et
754 2044 807 2102 J.
842 2044 1086 2103 Hansen
1118 2049 1258 2103 sect.
1295 2052 1350 2107 3.
1382 2047 1428 2107 t.
1458 2044 1516 2102 II
1563 2040 1694 2125 (der
1748 2044 1812 2102 in
1828 2044 2079 2103 Bavaria
2110 2048 2171 2101 et
2185 2062 2290 2118 per
2306 2043 2639 2101 universam
2662 2043 3029 2101 Germaniam

408 2132 726 2209 Beichstag
787 2153 858 2191 zu
920 2133 1311 2210 Regensburg
1378 2128 1573 2213 1576)
1636 2153 1692 2207 p.
1747 2133 1971 2191 meruit
2016 2150 2134 2190 non
2183 2136 2308 2190 tam
2352 2132 2592 2206 scriptis
2640 2151 2817 2206 quam
2849 2132 3030 2207 gestis

416 2230 687 2283 1—192.
732 2220 890 2289 Quae
923 2226 1195 2297 spectant
1227 2223 1299 2281 ad
1332 2222 1571 2281 comitia
1600 2241 1694 2279 ra·
1750 2223 1891 2281 Otto
1913 2221 2341 2280 Truchsess
2371 2220 2445 2278 de
2462 2220 2794 2296 Waldburg
2808 2219 3028 2278 illustri

406 2311 780 2369 tisbonensia
829 2331 877 2369 a.
922 2321 1078 2373 1541
1119 2312 1310 2370 edidit
1340 2312 1598 2370 Dittrich
1629 2310 1694 2369 in
1752 2310 1975 2368 familia
2024 2328 2079 2367 n.
2135 2319 2233 2369 26.
2265 2309 2433 2367 Febr.
2493 2320 2656 2371 1514
2705 2309 2768 2367 in
2818 2309 3030 2367 Scheer

406 2399 545 2457 hist·
596 2399 798 2457 Jahrb·
832 2399 913 2457 IV
945 2395 1190 2482 (1883),
1232 2409 1600 2470 395-472,
1636 2403 1697 2458 et
1752 2398 2787 2474 SueviaearcepropeSigmaringam.
2802 2397 3028 2455 Studiis

410 2489 473 2547 in
524 2488 1095 2547 Nuntiatur-berichte
1141 2489 1211 2551 G.
1260 2490 1527 2549 Morones
1558 2507 1693 2547 vom
1752 2488 2020 2563 impense
2053 2486 2217 2545 dedit
2249 2505 2485 2562 operam
2516 2487 2794 2562 pluribus
2817 2487 2880 2544 in
2899 2504 3029 2543 aca-

404 2577 738 2638 deutschen
770 2578 1105 2655 Konigshof
1139 2589 1322 2643 1539.
1363 2588 1551 2650 1540,
1584 2579 1696 2638 Pa·
1750 2577 1960 2636 demiis
2012 2580 2082 2636 ut
2130 2576 2451 2653 Tubingae,
2503 2576 2750 2646 Patavii,
2797 2576 3027 2650 Papiae,

410 2668 668 2726 derborn
724 2676 920 2738 18923
984 2669 1162 2742 plura
1223 2688 1374 2744 quae
1425 2670 1699 2745 spectant
1752 2667 1857 2726 ubi
1901 2670 1964 2725 et
1992 2671 2278 2725 rectorem
2329 2665 2470 2741 egit,
2517 2670 2579 2725 et
2609 2666 2909 2724 Bononiae
2940 2665 3029 2722 di-

411 2757 730 2815 concilium
795 2756 1210 2828 tridentinum,
1289 2758 1431 2817 dum
1509 2758 1695 2816 eidem
1754 2756 2020 2831 scipulus
2071 2754 2316 2813 celebris
2365 2755 2635 2831 Hugonis
2697 2755 2769 2813 de
2829 2754 3030 2814 Buon·

414 2851 732 2920 praeesset,
783 2847 853 2903 cf.
904 2846 1061 2921 apud
1112 2847 1297 2906 Ebses
1339 2847 1506 2905 Conc.
1540 2845 1696 2904 Trid.
1754 2863 2101 2921 compagnO,
2136 2844 2242 2919 qui
2273 2847 2476 2918 postea
2506 2845 2731 2903 electus
2763 2848 2855 2901 est
2886 2861 3031 2918 pon-

413 2934 635 3009 passim
669 2937 709 2990 t.
744 2934 838 2992 IV.
872 2968 959 2979 --
991 2938 1139 2994 Acta
1158 2935 1594 2995 Bartholomaei
1627 2935 1697 2993 de
1754 2934 1896 2992 tifex
1919 2934 2113 2991 dictus
2135 2933 2458 3009 Gregorius
2479 2933 2654 3002 xm..
2688 2932 2794 2991 ubi
2815 2935 2877 2990 et
2895 2932 3031 2989 doc-

415 3023 679 3082 Portia
711 3024 894 3098 legati
915 3025 1224 3099 apostolici
1244 3025 1307 3082 in
1324 3025 1696 3083 Germaniam
1752 3025 1989 3081 toratus
2020 3022 2351 3096 promeruit
2389 3022 2666 3080 lauream.
2730 3019 3033 3080 Beneficiis

413 3113 776 3187 superiorem
831 3108 937 3193 (15
952 3124 981 3174 7
995 3124 1121 3176 3-
1136 3125 1156 3175 1
1174 3124 1205 3176 5
1219 3125 1250 3176 7
1264 3109 1327 3194 5)
1380 3113 1699 3190 diligenter
1752 3110 2166 3171 ecclesiasticis
2186 3110 2417 3168 ditatus
2436 3130 2469 3168 a
2488 3111 2675 3169 Paulo
2696 3110 2799 3167 111.
2821 3110 3031 3167 missus

414 3202 652 3259 exhibet
685 3201 805 3260 Car.
856 3201 1190 3261 Schellhass
1240 3203 1303 3261 in
1336 3203 1699 3261 Nuntiatur·
1752 3204 1842 3259 est
1907 3200 2323 3258 internuncius
2380 3200 2442 3257 in
2488 3199 2790 3258 Poloniam
2853 3201 2914 3256 et
2960 3198 3032 3255 ad

412 3289 528 3348 ber.
591 3309 700 3348 aus
760 3291 1045 3349 Deutschl.
1099 3292 1189 3350 111
1220 3296 1260 3349 t.
1298 3302 1353 3354 3.
1389 3301 1463 3360 4.,
1498 3291 1699 3350 Berlin
1753 3288 2668 3364 Ferdinandumregem.Electus
2684 3285 3032 3360 est10.Maj.

426 3389 814 3442 1896-190
827 3389 878 3442 3.
896 3380 965 3437 In
982 3381 1410 3456 prolegomenis
1431 3382 1699 3439 accurate
1763 3387 1927 3440 1543
1982 3398 2016 3436 a
2046 3376 2306 3452 capitulo
2337 3381 2669 3452 augustano
2701 3377 3029 3450 episcopua,

414 3468 545 3542 ejus
597 3471 766 3544 gesta
814 3468 1012 3538 refert,
1077 3473 1257 3544 atque
1318 3468 1455 3527 inde
1499 3469 1696 3536 infert,
1755 3485 1889 3525 mox
1928 3462 2152 3547 (1544)
2199 3487 2233 3524 a
2276 3466 2551 3540 pontifice
2584 3468 2815 3523 creatus
2847 3463 3032 3522 cardi-

416 3576 552 3614 eum
605 3557 793 3616 fuisse
843 3557 919 3616 ob
964 3576 1131 3616 suam
1194 3557 1579 3633 prudentiam
1640 3561 1702 3616 et
1754 3556 1927 3614 nalis.
1980 3554 2343 3614 Tristissima
2391 3557 2517 3612 erat
2565 3553 2846 3611 dioecesis
2895 3570 3032 3610 con·

416 3647 632 3722 agendi
697 3645 1110 3706 dexteritatem
1173 3648 1462 3706 nuncium
1522 3646 1698 3723 primi
1755 3645 1921 3713 ditio,
1956 3644 2059 3702 sed
2109 3642 2348 3718 praesul
2394 3642 2728 3702 industrius
2773 3645 2939 3700 totus
2969 3641 3031 3698 in

418 3734 647 3793 ordinis
700 3733 795 3815 (cf.
844 3735 929 3793 111
978 3756 1034 3811 p.
1069 3731 1455 3817 LXXXVIII).
1519 3737 1701 3794 Porro
1755 3733 2098 3809 reparandis
2148 3732 2412 3808 ejusdem
2463 3732 2691 3789 damnis
2735 3734 2798 3789 et
2845 3730 3035 3789 ruinis

419 3824 910 3882 Bartholomaeus
941 3824 1062 3882 fuit
1081 3843 1147 3882 ex
1172 3824 1398 3883 familia
1418 3825 1702 3883 comitum
1758 3822 2052 3881 incubuit.
2117 3822 2365 3896 Gregem
2398 3839 2575 3878 suum
2607 3820 2860 3878 sollicite
2892 3820 3035 3877 visi-

419 3912 492 3970 de
509 3913 712 3972 Portia
728 3911 1494 3990 (Porciglie‚Purliliarum)
1516 3914 1704 3988 patria
1757 3911 1930 3978 tavit,
1982 3909 2235 3984 synodos
2286 3909 2658 3968 dioecesanas
2706 3909 2930 3976 habuit,
2963 3907 3035 3964 de

422 4002 822 4077 forojuliensis
892 3997 1142 4082 (Friaul)
1194 4005 1371 4060 natus
1418 4022 1462 4060 c.
1522 4011 1702 4065 1525.
1758 3998 2064 4057 formando
2087 3998 2237 4056 clero
2257 4016 2489 4056 omnem
2522 3998 2798 4057 adhibuit
2816 4016 3035 4064 curam,

424 4091 651 4149 Studiis
685 4110 926 4167 operam
957 4090 1123 4149 dedit
1154 4091 1399 4149 Patavii.
1463 4091 1705 4148 Praeter
1760 4088 1960 4146 studia
1991 4087 2157 4154 fovit,
2181 4087 2406 4145 scholas
2428 4087 2714 4156 condidit,
2747 4087 2810 4144 in
2828 4087 3037 4163 primis

1762 4178 1997 4252 lyceum
2019 4176 2404 4251 dilinganum.
2423 4176 2768 4251 Imperatori
2792 4196 2825 4233 a
2845 4176 3035 4235 consi-

501 4319 538 4436 ιί
567 4313 649 4368 Cf·
678 4312 864 4367 Caum
888 4314 932 4367 il
959 4314 1119 4368 Card-
1149 4315 1213 4369 G·
1241 4315 1294 4368 M
1300 4331 1470 4368 omne
1496 4315 1555 4366 in
1582 4313 1705 4366 Atti
1761 4265 1858 4323 liis
1889 4265 2023 4335 fuit,
2058 4283 2240 4340 penes
2273 4266 2578 4339 pontifices
2595 4282 2831 4340 quoque
2848 4265 3038 4322 valuit

424 4383 513 4437 del
542 4386 553 4402 ’
571 4384 842 4438 lustu-,uto
876 4385 1376 4446 Lombmdo1353³
1406 4385 1464 4439 F·
1488 4384 1707 4454 sclopis
1762 4354 2133 4413 auctoritate.
2196 4353 2670 4452 Liberalissimus
2703 4353 2820 4411 fuit
2851 4354 2911 4410 in
2942 4354 3035 4452 ju·

425 4454 499 4508 Le
526 4455 585 4507 C.
611 4453 662 4512 J,
690 4455 921 4508 Morone
946 4455 1007 4508 in
1036 4457 1275 4511 sfianceg
1301 4460 1357 4510 0ss
1381 4461 1617 4512 nrt-„vaux
1639 4457 1707 4509 de
1762 4443 1969 4503 vandis
2004 4444 2149 4501 viris
2170 4443 2435 4510 eruditis,
2469 4461 2574 4517 pro
2596 4443 2883 4500 librorum
2916 4447 3036 4498 uti-

424 4525 632 4578 l'Aead.
698 4525 797 4580 dea
845 4527 1088 4582 sciences
1138 4529 1375 4582 morales
1436 4531 1495 4582 et
1543 4529 1706 4598 polit.

425 4598 663 4665 Compte
714 4596 894 4651 rendu
945 4599 1055 4663 XC,
1106 4604 1346 4661 29—48;
1392 4604 1707 4660 321—359;

426 4668 562 4731 XCI,
608 4672 851 4728 44—82;
899 4686 951 4724 v,
997 4669 1165 4723 Funk
1208 4670 1319 4724 KL.
1366 4671 1509 4736 VIII,
1539 4677 1707 4731 1929:
1839 4678 1876 4736 ¹)
1907 4669 1989 4725 Cf.
2015 4670 2127 4724 Jos.
2157 4669 2380 4722 Hansen
2418 4667 2480 4720 in
2518 4669 2771 4735 praenot.
2801 4665 3039 4717 Nuntia-

429 4739 549 4793 Nic.
579 4739 855 4793 Bernabei
899 4739 1032 4793 Vita
1059 4741 1150 4795 del
1177 4742 1326 4799 card.
1369 4745 1434 4796 G.
1460 4742 1705 4797 Morone.
1761 4742 1975 4795 turber.
2017 4758 2120 4793 aus
2148 4738 2528 4793 Deutschland
2569 4740 2922 4794 1572-1585
2950 4739 2988 4789 t.
3018 4737 3040 4787 1

426 4811 669 4864 Modena
697 4813 853 4867 1885.
1762 4830 1896 4882 pag.
1922 4817 2115 4868 4—10.
