3625 5193
1313 281 2130 352 1641—1663.A10hae010gia.
2158 280 2192 336 J
2196 297 2244 336 o.
2274 280 2543 335 Morinus.
3102 298 3132 352 1
3164 299 3186 353 1
3209 300 3297 354 56

643 305 668 357 1
693 302 807 356 155

639 473 742 532 sed
773 469 1142 548 diligentiam
1186 471 1489 546 maiorem,
1531 468 1828 546 judicium
1859 473 1921 527 et
1976 468 2160 544 plicat
2190 467 2486 545 quidquid
2516 466 2733 527 Judaei
2771 467 2836 527 in
2867 467 3110 528 hebraei
3149 473 3299 528 tex-

637 578 903 638 pressum
952 558 1143 635 magis
1194 563 1375 634 atque
1424 559 1725 618 concisum
1776 557 1920 618 scri·
1977 560 2078 615 tus
2111 556 2359 617 criticen
2383 558 2669 617 hactenus
2698 557 3101 628 elaborarunt,
3142 558 3300 617 Tal-

637 648 816 710 bendi
837 667 1028 725 genus
1048 647 1392 708 desiderant
1410 648 1704 707 nonnulli.
1725 647 1922 707 Biblia
1977 646 2176 705 mudis
2219 647 2568 723 utriusque,
2614 646 3063 723 paraphrasium
3108 647 3296 706 chal·

639 739 827 799 LXX
871 740 1251 811 interpretum
1302 738 1722 815 praeco-latina
1785 755 1922 796 cum
1979 735 2299 807 daicarum,
2347 735 2725 795 Midraschim
2772 739 2834 794 et
2878 736 3149 794 omnium
3203 736 3298 807 lL,

635 828 907 889 versione
956 829 1016 884 et
1062 826 1547 886 annotationibus
1596 826 1649 883 N
1667 826 1920 894 obilii,
1981 843 2131 899 quos
2185 825 2419 901 jactant
2466 824 2913 899 antiquissimos
2931 868 2945 895 ,
3015 828 3296 884 aetatem

639 937 773 977 cum
821 913 1188 992 praefatione
1233 918 1294 975 et
1337 915 1792 992 prolegomenis,
1842 914 1922 973 ib.
1980 914 2294 985 examinat,
2327 916 2733 990 portentosam
2764 914 2925 990 apud
2949 932 3051 973 eos
3082 914 3295 972 histo-

642 1015 810 1071 1628
858 1024 913 1064 v.
950 1014 983 1067 3
1018 1004 1084 1063 in
1128 1004 1194 1076 f.;
1236 1014 1431 1076 1641,
1477 1023 1632 1064 nova
1678 1004 1861 1064 editio
1875 999 1921 1084 1)
1980 1002 2099 1061 riae
2131 1002 2525 1080 ignorantiam
2557 1002 2765 1079 aperit,
2799 1003 3292 1062 Masoretharum

636 1097 899 1166 illorum,
945 1112 1097 1169 quae
1127 1094 1343 1153 Romae
1375 1093 1722 1169 prodierant
1759 1103 1922 1158 1588
1981 1110 2131 1167 opus
2151 1091 2503 1151 universum
2521 1093 2807 1163 recenset,
2824 1090 3061 1151 undeet
3081 1111 3291 1168 quan·

638 1181 734 1266 (cf.
769 1202 949 1258 supra
979 1204 1037 1260 p.
1075 1179 1246 1264 505).
1276 1181 1345 1242 In
1379 1182 1746 1260 praefatione
1776 1182 1923 1241 niti·
1982 1180 2056 1238 do
2089 1181 2455 1240 occasionem
2488 1183 2859 1251 accentuum,
2892 1199 3184 1240 versuum
3221 1184 3292 1239 et

636 1277 740 1333 tur
770 1272 1097 1344 ostendere,
1131 1275 1360 1331 textum
1384 1271 1724 1332 hebraicum
1744 1291 1924 1349 prop·
1981 1273 2342 1344 punctorum
2388 1268 2684 1329 vocalium
2731 1270 2924 1329 textui
2970 1288 3015 1329 s.
3058 1269 3288 1328 inscri-

635 1365 729 1422 ter
760 1361 1123 1437 multiplices
1159 1360 1626 1420 adulterationes
1677 1361 1924 1421 minoris
1979 1357 2311 1418 hendorum
2363 1362 2725 1418 sumserunt.
2796 1358 2948 1417 Hinc
3008 1358 3284 1435 primum

637 1469 762 1511 esse
810 1450 1184 1509 auctoritatis
1227 1451 1496 1509 versione
1543 1450 1926 1509 alexandrina
1983 1446 2144 1522 apud
2173 1466 2273 1507 eos
2305 1450 2464 1508 ortos
2508 1464 2635 1506 esse
2667 1448 3105 1524 grammaticos.
3159 1448 3284 1505 Va-

637 1545 701 1600 et
732 1539 991 1615 vulgata.
1041 1539 1315 1597 Ceterum
1349 1539 1457 1597 hoc
1489 1539 1684 1598 acrius
1717 1541 1927 1599 tuetur
1980 1536 2099 1595 rias
2132 1540 2369 1595 enarrat
2400 1556 2442 1595 s.
2475 1539 2676 1595 textus
2701 1537 3073 1596 recensiones
3107 1555 3140 1595 a
3161 1537 3282 1595 Ju-

637 1629 700 1687 in
750 1628 1250 1686 exercitationibus
1303 1627 1520 1686 biblicis
1569 1646 1638 1686 ac
1697 1628 1927 1686 hebraei
1982 1624 2142 1685 daeis
2185 1624 2371 1685 factas
2416 1628 2523 1684 etc.
2588 1624 2677 1684 Ob
2722 1625 3014 1700 ejusmodi
3068 1627 3281 1684 studia

633 1718 934 1796 qraecique
981 1723 1169 1775 textus
1223 1717 1578 1787 sinceritate,
1642 1735 1926 1793 germana
1981 1714 2248 1773 Morinus
2297 1717 2547 1774 vocatur
2576 1733 2611 1772 a
2639 1713 2867 1773 Kaulen
2917 1717 3094 1790 pater
3126 1716 3278 1773 artis

636 1805 788 1864 LXX
833 1805 1229 1881 interpretum
1275 1804 1671 1865 translatione
1712 1805 1923 1884 digno-

639 1893 855 1954 scenda
883 1893 1167 1969 illiusque
1212 1911 1347 1953 cum
1378 1895 1631 1971 vulgata
1681 1896 1922 1955 concili—

638 1983 851 2053 atione,
896 1982 975 2044 ib.
1016 1990 1180 2046 1633
1215 1983 1280 2041 in
1314 1993 1389 2055 4.,
1435 2003 1688 2060 quarum
1722 1984 1922 2043 erudi-

637 2073 859 2132 tionem
893 2071 1099 2131 laudat
1126 2072 1190 2130 R.
1225 2072 1462 2133 Simon
1495 2073 1645 2132 Hist.
1678 2073 1809 2131 crit.
1843 2074 1924 2132 du

637 2161 702 2223 V.
724 2162 783 2220 T.
805 2160 910 2231 111,
941 2171 1038 2232 18,
1075 2162 1180 2237 qui
1211 2162 1482 2237 alioquin
1502 2163 1730 2221 nullam
1750 2182 1922 2239 prae-

636 2250 919 2310 termittit
936 2252 1291 2311 occasionem
1304 2251 1585 2327 carpendi
1604 2252 1920 2311 Morinum.

635 2339 748 2398 Eas
779 2338 1218 2421 impugnavit2)
1244 2339 1482 2399 Simeon
1515 2341 1586 2400 de
1605 2339 1789 2399 Muis
1825 2334 1921 2422 (cf.

636 2449 692 2504 p.
711 2440 734 2492 1
753 2437 831 2491 04
842 2423 927 2510 9),
942 2430 1037 2487 cui
1056 2428 1361 2504 respondit
1374 2429 1639 2488 Morinus
1651 2429 1923 2488 Diatribe

635 2517 921 2576 elenctica
952 2519 1020 2576 de
1059 2520 1385 2577 sinceritate
1427 2519 1657 2577 hebraei
1696 2520 1922 2596 praeci·

636 2626 743 2684 que
775 2613 960 2665 textus
1005 2609 1387 2685 diynoscenda
1433 2607 1717 2667 adversus
1763 2609 1923 2667 insa-

634 2713 739 2754 nas
755 2694 1127 2770 quorundam
1144 2697 1573 2755 haereticorum
1589 2697 1922 2756 calumnias.

636 2783 944 2843 Accedunt
993 2786 1304 2860 appendix,
1354 2785 1421 2843 in
1465 2804 1582 2860 qua
1631 2786 1924 2845 nonnulla

634 2872 966 2930 divinit-atis
1013 2875 1074 2930 et
1116 2873 1544 2933 incarnationis
1591 2875 1647 2933 J.
1681 2875 1805 2934 Chr.
1855 2876 1922 2939 D.

635 2962 706 3019 N.
740 2961 1148 3019 illustrissima
1179 2962 1523 3021 testimonia
1553 2964 1615 3022 in
1647 2964 1922 3024 hebraico

633 3051 804 3108 textu
834 3067 994 3108 nunc
1032 3054 1315 3127 corrupta
1345 3051 1646 3111 Talmudis
1693 3057 1756 3113 et
1788 3054 1921 3112 rab-

632 3139 910 3197 binorum
963 3141 1319 3200 auctoritate
1367 3141 1806 3213 restituuntur,
1861 3145 1923 3202 et

633 3228 1175 3289 animadversiones
1204 3230 1268 3289 in
1299 3248 1605 3289 censuram
1637 3231 1918 3291 exercita-

632 3317 864 3376 tionum
887 3318 960 3376 ad
980 3319 1453 3379 Pentateuchum
1474 3319 1918 3391 samaritanum,

632 3406 711 3464 ib.
751 3416 918 3469 1639
952 3407 1014 3466 in
1050 3418 1105 3471 8.
1152 3409 1381 3467 Harum
1426 3409 1919 3468 exercitationum

631 3514 775 3572 pars
837 3496 1021 3556 altera
1081 3498 1306 3574 prodiit
1366 3498 1606 3558 nonnisi
1667 3517 1807 3558 cura
1858 3498 1918 3556 P.

631 3585 1055 3645 Frontonis
1094 3587 1341 3646 Parisiis
1380 3587 1643 3651 166911.
1681 3597 1737 3658 2,
1771 3606 1919 3663 quo-

629 3693 763 3732 rum
795 3676 960 3749 prior
990 3676 1055 3734 in
1098 3694 1338 3753 graecos
1373 3695 1417 3739 Β.
1449 3680 1650 3735 textus
1692 3678 1919 3737 codices

629 3762 896 3837 inquirit,
931 3764 1238 3840 vulgatam
1262 3765 1555 3824 Ecclesiae
1585 3766 1920 3826 versionem

631 3851 1066 3926 antiquissimis
1100 3851 1264 3912 codd.
1295 3854 1520 3929 graecis
1562 3856 1918 3915 conformem

631 3954 758 3995 esse
790 3939 976 4010 docet,
1009 3958 1322 4016 germanae
1341 3942 1491 4002 LXX
1520 3943 1918 4019 interpretum

633 4025 720 4082 ed.
754 4024 1181 4103 dignoscendae
1218 4033 1279 4089 et
1310 4031 1476 4091 illius
1509 4050 1641 4091 cum
1675 4034 1919 4110 vulgata

632 4114 1028 4174 conciliandae
1048 4118 1390 4178 methodum
1419 4121 1607 4179 tradit
1626 4121 1917 4197 ejusdem-

630 4222 745 4278 que
762 4203 1027 4265 divinam
1040 4206 1444 4284 integritatem
1464 4228 1532 4267 ex
1547 4209 1587 4267 J
1591 4208 1914 4269 udaeorum

628 4294 1052 4354 traditionibus
1099 4298 1422 4356 confirmat.
1476 4298 1775 4358 Posterior
1820 4318 1917 4358 ex-

1979 1802 2285 1880 rigidioris
2322 1804 2561 1863 criticae
2594 1806 2795 1862 textus
2827 1803 2991 1873 sacri,
3039 1806 3103 1862 et
3135 1804 3278 1863 Cor·

1981 1892 2121 1969 nely
2157 1892 2417 1952 advertit
2441 1909 2577 1951 eum
2611 1930 2639 1961 ,
2654 1891 2726 1950 de
2746 1892 3017 1952 versione
3038 1892 3279 1951 alexan·

1980 1979 3276 2059 drinapropugnandaoptimemeritumesse,

1980 2087 2088 2128 nec
2118 2087 2476 2146 quemquam
2522 2070 2682 2129 inter
2713 2070 3034 2129 catholicos
3079 2071 3274 2129 inter-

1980 2161 2177 2234 pretes
2210 2159 2313 2218 illo
2345 2159 2482 2235 plus
2515 2158 2837 2219 contulisse
2873 2159 2946 2217 ad
2979 2177 3273 2218 massere-

1981 2247 2085 2307 tici
2142 2250 2342 2307 textus
2401 2248 2879 2324 superstitiosam
2934 2248 3274 2307 veneratio-

1979 2355 2132 2407 nem,
2157 2356 2335 2412 quam
2356 2339 2759 2413 protestantes
2778 2343 3271 2413 provocaverant,

1979 2424 2429 2501 reprimendam.
2446 2432 2474 2464 ‘
2509 2426 2651 2485 Cum
2672 2425 2939 2485 Morinus
2959 2425 3078 2485 duo
3110 2444 3273 2485 acce·

1980 2514 2167 2589 pisset
2196 2514 2555 2591 exemplaria
2573 2515 2976 2587 Pentateuchi,
3012 2514 3273 2574 alterum

1980 2604 2299 2663 hebraeum
2329 2605 2526 2664 literis
2548 2605 2919 2664 samaritanis
2942 2607 3269 2673 exaratum,

1980 2693 2233 2751 alterum
2279 2693 2588 2752 continens
2634 2694 2965 2754 versionem
3016 2694 3147 2769 ejus
3178 2712 3272 2751 sa-

1981 2782 2351 2853 maritanam,
2405 2784 2831 2842 exercitationes
2864 2783 3274 2841 ecclesiasticas

1978 2872 2038 2929 in
2071 2878 2380 2948 utrumque
2421 2871 2934 2931 Samaritanorum
2966 2871 3268 2930 Pentateu-

1978 2960 2146 3019 chum
2181 2960 2435 3036 scripsit,
2483 2962 2562 3020 ib.
2603 2970 2762 3025 1631
2815 2961 2878 3018 in
2914 2970 2988 3031 4.,
3036 2960 3101 3018 in
3133 2961 3269 3036 qui·

1978 3049 2091 3107 bus
2121 3049 2280 3107 hunc
2312 3049 2630 3109 admodum
2674 3049 2910 3109 extollit
2941 3066 3006 3108 ac
3053 3050 3270 3108 iterum

1977 3140 2178 3197 textus
2209 3138 2467 3198 hebraici
2491 3139 2899 3215 integritatem
2934 3139 2999 3196 in
3018 3137 3271 3197 dubium

1977 3229 2164 3286 vocat.
2200 3227 2512 3287 Occasione
2533 3226 2905 3303 quarundam
2926 3227 3267 3298 lectionum,

1978 3333 2125 3391 quas
2159 3316 2371 3376 dicunt
2398 3316 2710 3390 variantes,
2744 3316 2859 3393 ipsi
2889 3336 2925 3375 a
2944 3315 3176 3375 Peiresc
3207 3319 3270 3375 et

1978 3404 2273 3463 cambden
2288 3405 2768 3465 transmissarum
2784 3404 2973 3464 edidit
2990 3406 3267 3479 opuscula

1975 3493 2632 3572 hebraeo-samaritana,
2681 3495 2758 3553 ib.
2814 3502 2976 3557 1657
3031 3495 3095 3552 in
3148 3503 3262 3562 12„

1977 3601 2128 3657 quae
2178 3584 2655 3659 complectuntur
2716 3582 3156 3661 grammaticam
3203 3585 3265 3641 et

1976 3671 2201 3730 lexicon
2248 3672 2697 3732 samaritanum.
2759 3672 2956 3748 Hujus
3003 3671 3261 3748 linguae,

1975 3779 2154 3834 quam
2186 3761 2408 3835 absque
2439 3762 2724 3839 magistro
2756 3760 2984 3830 didicit,
3035 3766 3262 3820 rest-au-

1975 3852 2139 3908 rator
2158 3848 2274 3908 dici
2293 3854 2490 3926 potest
2508 3850 2792 3910 Morinus.
2826 3851 3262 3910 Pentateuchus

1976 3955 2113 3997 vero
2163 3942 2419 4013 uterque
2468 3941 2768 4016 reperitur
2816 3939 2880 3998 in
2928 3939 3262 4016 polyglotta

1974 4027 2290 4103 parisiensi
2321 4031 2367 4087 t.
2399 4028 2496 4089 VI.

2070 4214 2212 4267 505.
2259 4205 2394 4264 Alia
2424 4204 2642 4264 Morini
2694 4224 2874 4280 opera
2923 4207 3105 4264 sunt:
3154 4203 3262 4264 Hi-

1974 4296 2152 4353 stoire
2182 4295 2252 4352 de
2281 4295 2340 4351 la
2363 4294 2682 4353 delivrance
2712 4295 2782 4353 de
2814 4293 3053 4371 l'Eylise
3088 4293 3262 4352 Chre'-

1975 4385 2159 4441 tienne
2200 4401 2320 4458 par
2366 4383 2404 4441 l'
2421 4383 2749 4458 Empereur
2793 4383 3154 4459 Constantia,
3204 4386 3262 4441 et

708 4480 746 4539 ι)
792 4473 872 4529 De
916 4478 1233 4544 praestanti
1277 4476 1384 4531 hac
1428 4477 1676 4531 edit-ione
1721 4479 1790 4534 cf.
1837 4478 1919 4533 De
1975 4470 2137 4529 dela
2167 4472 2469 4548 grandeur
2500 4475 2561 4531 et
2591 4471 3002 4532 souverainete
3033 4474 3261 4548 tempo-

630 4545 778 4599 Burfl
830 4546 1255 4617 BibliOg'raPhie
1303 4548 1664 4615 instrucfives
1722 4549 1919 4605 Theol·
1975 4559 2115 4619 relle
2162 4559 2388 4620 donnee
2420 4566 2454 4618 a
2483 4560 2684 4639 Eglise
2714 4561 2998 4621 Romaine
3035 4581 3147 4636 par
3177 4561 3262 4618 les

629 4632 683 4683 p·
707 4620 972 4765 gssi’lures
992 4687 1168 4740 etiam
1196 4705 1225 4741 e
1245 4690 1691 4758 protestantibus
1712 4690 1921 4745 Morini

1975 4648 2110 4707 Rois
2156 4648 2228 4707 de
2273 4650 2513 4721 France,
2564 4650 2641 4709 ib.
2682 4660 2848 4713 1630
2899 4649 2963 4709 in
3000 4649 3058 4719 f„
3111 4668 3260 4726 opus

634 4754 959 4820 opinionem
983 4756 1414 4826 impugnarunt,
1440 4764 1506 4816 ut
1532 4761 1786 4826 Rivetus‚
1814 4761 1919 4815 Lu·
1977 4755 2187 4811 Parum
2209 4738 2466 4815 diligens
2497 4745 2559 4799 et
2572 4742 2932 4809 accuratum,
2966 4741 3029 4798 0¹²
3045 4739 3260 4797 Βθωθθ

635 4821 865 4876 dovicus
893 4826 963 4878 de
989 4826 1148 4892 Dien,
1191 4827 1445 4895 Buxtorf‚
1484 4830 1789 4901 Hottinger
1815 4838 1918 4886 etc.
1977 4825 2173 4883 minus
2206 4831 2531 4904 acceptum,
2572 4827 3040 4887 Commentarius
3072 4828 3258 4886 histo·
