3625 5193
639 237 804 291 1043

1053 220 1425 276 1641--1663
1453 216 1509 270 S.
1537 215 1860 285 Scripturae
1888 215 2241 285 interpretes.
2268 215 2431 267 Joan.
2458 214 2526 268 (16
2553 215 2609 266 la
2639 215 2811 283 Haye‚

3089 234 3259 288 1044

631 408 786 465 clare
818 405 1100 481 explicat3
1137 414 1190 465 4.
1225 403 1261 459 1.
1296 403 1360 461 in
1389 402 1737 461 universum
1770 421 1913 478 sup·
1962 400 2225 476 jusmodi
2256 402 2430 459 sunt:
2485 400 2681 457 Biblia
2716 419 2928 476 maqna
2972 420 3261 461 commen-

633 496 859 573 peditat
890 513 973 563 ea,
1007 511 1157 568 quae
1188 492 1262 550 ad
1295 491 1481 550 totius
1514 492 1914 567 s.Scripturae
1970 490 2263 549 lariorum
2323 490 2637 546 literalium
2697 488 2733 546 J
2738 509 2869 548 oan.
2941 490 2990 548 G
3010 511 3043 548 a
3063 511 3106 567 g
3125 511 3166 549 11
3186 492 3263 549 ei

632 603 867 643 sensum
900 585 1021 641 tam
1056 582 1344 640 literalem
1379 600 1554 656 quam
1589 581 1911 656 mysticum
1971 579 2224 637 doctoris
2253 577 2458 653 paris,
2511 577 2794 636 Guilelmi
2839 578 3077 649 Estii,
3133 580 3259 638 Em.

629 671 1113 748 investigandum
1145 671 1513 739 conducunt3
1559 679 1611 731 5.
1645 670 1682 734 1,
1717 670 1910 744 copio·
1971 668 2075 737 Sa,
2109 668 2277 727 Joan.
2313 666 2696 725 Menochii
2739 671 2799 724 et
2829 667 2951 726 Jac.
2999 668 3260 727 Tirini

630 783 759 822 sum
794 779 870 823 ss,
901 763 1141 837 patrum
1162 759 1606 833 doctorumque,
1639 758 1910 833 quiScri·

627 858 858 928 pturam
893 869 936 910 s,
969 850 1063 908 vel
1094 849 1327 923 aliquas
1359 849 1489 924 ejus
1521 851 1716 923 partes
1741 848 1914 922 juxta

629 939 897 1017 quemvis
930 957 1172 997 sensum
1194 940 1300 996 aut
1322 936 1653 1013 exponendi
1671 936 1910 995 modum

628 1030 860 1088 felicius
912 1027 1296 1102 interpretati
1348 1029 1520 1095 sunt,
1574 1026 1911 1102 catalogum

629 1118 901 1194 exponit3
949 1126 1003 1178 6.
1035 1116 1292 1191 denique
1324 1115 1562 1173 exhibet
1594 1112 1913 1172 onomasti-

629 1226 762 1265 cum
784 1225 1016 1265 omnem
1034 1223 1422 1281 personarum
1440 1208 1500 1263 et
1519 1205 1780 1262 locorum
1804 1203 1911 1260 ho·

628 1295 984 1372 monymiam
1017 1297 1079 1352 et
1112 1293 1552 1370 polyonymiam
1591 1292 1913 1349 observans

627 1387 688 1443 et
713 1384 1029 1460 explicam,
1047 1382 1328 1458 Lugduni
1357 1390 1516 1444 1659
1536 1381 1599 1439 in
1618 1382 1655 1439 f.
1689 1381 1911 1456 Synap-

627 1476 712 1532 sis
756 1472 1278 1548 prosopochronica
1327 1471 1603 1529 historiae
1651 1470 1910 1527 ecclesia-

628 1565 818 1629 sticae,
871 1561 1115 1620 Tolosae
1173 1569 1338 1622 1644
1392 1559 1454 1617 in
1503 1559 1573 1629 f.;
1626 1559 1910 1631 Prosopo-

629 1651 900 1709 chronica
942 1668 987 1710 8.
1031 1645 1399 1723 Scripturae,
1455 1648 1690 1707 Parisiis
1744 1655 1910 1709 1648

628 1741 692 1798 in
724 1740 797 1808 f.;
830 1738 1119 1813 speculum
1150 1739 1272 1795 sine
1291 1738 1538 1814 macula,
1574 1737 1638 1795 in
1669 1755 1786 1811 quo
1805 1736 1910 1793 Ec·

631 1829 836 1887 clesiae
868 1827 1049 1885 facies
1096 1826 1156 1884 in
1188 1825 1413 1901 triplici
1447 1829 1612 1885 statu
1644 1828 1909 1893 naturae,

630 1917 778 1993 legis
811 1920 870 1973 et
901 1915 1126 1991 gratiae
1171 1915 1498 1984 exhibetur,
1551 1914 1911 1992 Burdigalae

639 2015 836 2074 16513
887 2022 1092 2063 cursus
1140 2005 1447 2080 theoloyiae
1498 2003 1912 2062 electissimam

630 2094 681 2151 d.
717 2094 974 2152 Thomas
1023 2094 1083 2150 et
1115 2112 1162 2156 s,
1195 2094 1646 2152 Bonaventurae
1692 2092 1908 2151 doctri·

628 2203 762 2241 nam
794 2184 858 2241 in
878 2187 1142 2241 catenam
1175 2182 1467 2240 redactam
1490 2182 1819 2252 continens,
1854 2186 1914 2238 et

628 2273 734 2330 ubi
767 2271 1005 2330 videtur
1036 2270 1262 2329 discors
1296 2270 1368 2329 ad
1417 2270 1787 2329 concordiam
1820 2288 1911 2327 re-

628 2380 842 2420 vocans
884 2360 1173 2434 novisque
1218 2359 1669 2435 quaestionibus
1714 2358 1911 2418 novis·

629 2450 793 2508 simis
841 2449 1056 2507 seculis
1102 2449 1399 2507 suscitatis
1447 2453 1657 2507 auctus
1675 2442 1722 2529 1)
1768 2468 1823 2506 v.
1874 2455 1907 2508 2

629 2539 689 2598 in
721 2540 760 2598 f.
811 2539 1195 2598 Euchiridion
1226 2537 1650 2596 brevissimum
1681 2537 1911 2596 theolo-

627 2629 759 2706 giae
809 2627 1096 2704 mysticae
1142 2627 1370 2702 gallice,
1424 2645 1652 2685 necnon
1698 2626 1912 2702 gallice

628 2717 982 2793 opusculum
1017 2719 1222 2774 contra
1257 2716 1599 2779 haereticos,

733 2902 875 2954 444.
924 2892 1261 2969 Insignium
1308 2893 1703 2967 interpretum
1752 2912 1909 2951 com-

628 2981 949 3040 mentarios
993 2979 1053 3038 in
1107 3000 1295 3040 unum
1340 2981 1581 3059 collegit
1626 3000 1773 3058 opus
1805 2982 1910 3040 Jo-

630 3088 813 3129 annes
861 3070 945 3128 de
991 3071 1063 3129 la
1109 3066 1373 3150 flaye2)
1423 3070 1486 3128 Ο.
1535 3071 1672 3129 Min.
1721 3071 1909 3128 strict.

628 3159 750 3217 obS.
783 3179 826 3218 s.
861 3160 1023 3218 Petri
1055 3159 1126 3217 de
1160 3160 1284 3218 Alc.
1318 3159 1686 3229 ParisiensiS,
1721 3178 1779 3221 n.
1809 3168 1907 3220 20.

626 3249 792 3307 Mart.
835 3258 1020 3312 1583.
1054 3248 1302 3323 Aliquot
1332 3267 1517 3307 annos
1549 3248 1907 3325 theologiam

626 3334 711 3419 (et
755 3333 1221 3418 philosophiam)
1270 3356 1403 3396 cum
1450 3337 1804 3396 eruditionis
1846 3357 1909 3395 ac

623 3427 926 3486 doctrinae
958 3446 1078 3485 non
1097 3427 1363 3503 vulgaris
1384 3426 1818 3485 existimatione
1850 3429 1911 3484 et

625 3536 839 3593 magno
888 3516 1228 3576 auditorum
1271 3516 1542 3592 profectu
1588 3515 1907 3590 praelegit3

621 3606 862 3681 reginae
910 3625 974 3664 ac
1024 3605 1162 3663 dein
1215 3605 1371 3681 regis
1424 3605 1706 3664 Ludovici
1752 3603 1907 3666 XIII.

622 3698 1000 3753 concionator
1031 3694 1354 3753 institutus
1374 3698 1482 3764 est,
1519 3694 1754 3769 aliaque
1778 3712 1908 3751 mu·
1968 3729 1995 3732 -

622 3802 765 3840 nera
811 3783 904 3842 sui
951 3782 1176 3840 ordinis
1210 3781 1530 3841 honorifica
1562 3783 1767 3841 obiens
1806 3782 1905 3841 de-

624 3870 795 3927 cessit
824 3881 915 3931 15.
939 3870 1064 3928 Oct.
1095 3879 1279 3931 1661.
1314 3871 1576 3929 Plurima
1596 3871 1842 3946 reliquit
1854 3868 1905 3952 ⁸)

622 3957 903 4014 indefessi
934 3957 1156 4016 laboris
1188 3976 1253 4016 ac
1287 3960 1475 4018 studii
1508 3960 1759 4029 fructus,
1805 3977 1905 4018 cu-

695 4203 735 4257 1)
764 4196 966 4252 Utrum
995 4201 1053 4252 et
1078 4198 1177 4252 ubi
1221 4198 1497 4269 prodierit
1538 4216 1652 4254 non
1691 4198 1911 4253 indicat

619 4267 960 4323 bibliotheca
987 4269 1354 4323 franciscana.

699 4345 737 4410 ²)
765 4340 1056 4411 Distingui
1097 4340 1264 4394 debet
1290 4340 1360 4393 ab
1400 4339 1529 4393 aliis
1555 4341 1797 4406 duobus,
1839 4342 1907 4395 de

625 4410 834 4477 quibus
873 4412 1095 4482 egimus
1133 4429 1188 4480 p.
1214 4414 1321 4468 459
1348 4412 1405 4465 et
1429 4416 1552 4476 497,
1593 4413 1652 4465 et
1675 4429 1708 4465 a
1734 4412 1779 4464 Β
1796 4429 1830 4465 a
1848 4430 1907 4465 r-

624 4482 700 4534 th
717 4481 905 4535 olom
922 4499 1000 4536 ae
1018 4499 1048 4535 o
1078 4482 1145 4536 de
1171 4482 1229 4535 la
1255 4482 1324 4538 H.
1353 4482 1416 4535 Ο.
1443 4483 1579 4553 Cap.
1604 4483 1907 4537 Parisiensi

621 4552 832 4621 insigni
852 4615 855 4620 ‚
873 4555 1263 4607 concionatore
1305 4555 1352 4624 (ψ
1394 4558 1577 4620 1660),
1618 4555 1781 4623 cujus
1822 4558 1908 4608 est

1969 757 2201 817 erudite
2234 760 2294 815 et
2324 756 2555 833 integre
2590 774 2632 814 s.
2667 757 3030 831 Scripturam
3078 776 3262 833 expo·

1969 847 2258 916 nentium,
2292 845 2729 921 prolegomenis
2761 850 2824 903 et
2852 846 3130 905 chronico
3163 865 3261 905 sa-

1971 954 2066 994 cro
2098 935 2423 1003 illustrata,
2469 934 2711 992 Parisiis
2752 942 2915 996 1643
2953 954 3006 992 v.
3046 946 3077 996 5
3125 936 3188 993 in
3220 936 3259 997 f.

1969 1023 2198 1093 Quibus
2248 1043 2368 1082 non
2415 1026 2732 1082 contentus
2783 1023 2954 1081 biblia
2996 1026 3259 1084 maxima

1970 1112 2234 1172 condidit
2279 1112 2359 1171 ib.
2401 1122 2565 1175 1660
2601 1133 2652 1170 v.
2695 1122 2770 1174 19
2824 1113 2888 1170 in
2920 1113 2956 1170 f.
2993 1108 3259 1194 (rarissi-

1967 1199 2107 1281 ma),
2160 1202 2223 1258 in
2255 1202 2474 1276 quibus
2522 1203 2756 1276 praeter
2805 1203 3258 1262 commentarios

1969 1309 2151 1366 supra
2182 1291 2516 1349 nominatos
2565 1293 2628 1347 et
2656 1290 2940 1366 Lyrani
2986 1292 3259 1366 postillas

1969 1380 2375 1438 innummerae
2404 1378 2699 1439 versiones
2720 1379 3120 1449 continentur,
3154 1380 3258 1438 ad-

1967 1468 2111 1527 ditis
2172 1467 2554 1544 amplissimis
2603 1468 3036 1543 prolegomenis
3057 1513 3070 1535 ,
3148 1488 3257 1528 nec

1968 1558 2199 1615 omissis
2232 1558 2506 1616 chronico
2540 1574 2722 1625 sacrO,
2768 1560 2845 1618 tr.
2876 1557 2948 1615 de
2979 1558 3256 1632 ponderi-

1968 1645 2100 1716 buS,
2133 1647 2445 1716 mensuriS‚
2479 1646 2747 1715 monetiS,
2795 1645 3113 1704 idiotismis
3146 1647 3258 1705 lin·

1968 1754 2221 1812 guarum
2271 1740 2380 1797 etc.
2453 1734 2741 1793 Praeferri
2793 1736 2992 1793 tamen
3043 1736 3255 1806 solent,

1968 1824 2170 1899 inquit
2219 1823 2540 1892 Calmet,
2613 1823 2797 1880 biblia
2856 1842 3073 1900 magna
3133 1845 3256 1883 ma-

1959 1913 2171 1981 ximis,
2240 1913 2401 1987 quod
2450 1913 2648 1988 priora
2705 1913 2811 1969 illa
2859 1912 3061 1987 plures
3119 1932 3255 1972 con-

1967 2002 2165 2059 tinent
2188 2004 2457 2060 auctores
2490 2020 2667 2076 quam
2688 2001 3036 2076 posteriora,
3072 2002 3254 2060 nihil·

1969 2110 2084 2166 que
2131 2090 2389 2148 offerunt
2433 2091 2504 2147 de
2547 2090 2805 2149 auctoris
2854 2108 3066 2161 sensu,
3123 2110 3257 2149 cum

1970 2179 2232 2238 vicissim
2278 2178 2577 2253 posterius
2623 2197 2772 2254 opus
2821 2178 3257 2238 incommodum

1969 2268 2048 2327 sit
2079 2268 2311 2344 ingenti
2332 2268 2706 2327 voluminum
2726 2286 2989 2337 numero,
3024 2273 3158 2327 tum
3190 2288 3259 2326 ex

1968 2357 2058 2427 iis,
2092 2375 2245 2431 quae
2292 2357 2364 2414 de
2397 2374 2505 2415 suo
2539 2360 2730 2416 marte
2770 2356 2985 2432 adjecit
3029 2362 3258 2416 auctor.

1968 2447 2037 2503 In
2067 2445 2275 2503 bibliis
2309 2446 2540 2522 magnis
2583 2446 2773 2522 carpit
2806 2446 2966 2504 Rich.
3000 2445 3257 2514 Simon,

1968 2534 2127 2611 quod
2177 2554 2295 2593 non
2345 2535 2485 2592 satis
2536 2534 2839 2594 studuerit
2888 2535 3256 2611 compendio.

1967 2624 2201 2683 omissis
2263 2624 2530 2700 plurium
2592 2625 3068 2694 commentariis,
3149 2626 3255 2683 ubi

1968 2713 2144 2788 plane
2195 2709 2630 2793 conspirant¹);
2680 2714 2745 2771 in
2796 2713 3067 2772 maximis
3118 2733 3258 2773 vero

1967 2801 2176 2859 laudat
2206 2802 2570 2874 methodum,
2606 2805 2901 2878 quatenus
2923 2802 3110 2878 Hajus
3131 2820 3255 2861 om-

1966 2891 2060 2948 nis
2092 2891 2326 2966 generis
2348 2891 2650 2950 versiones
2683 2887 2891 2971 (etiam
2920 2891 3254 2962 orientales,

1967 2979 2068 3037 sed
2113 2998 2315 3038 omnes
2363 2981 2549 3039 latine
2595 2979 2859 3038 redditas
2907 2986 3090 3056 prout
3121 2980 3256 3039 illas

1965 3064 2292 3149 repererat)
2344 3069 2599 3146 singulis
2665 3069 2939 3128 versibus
2990 3069 3253 3144 subjicit,

1966 3175 2397 3231 nonnunquam
2433 3167 2512 3221 20
2563 3161 2625 3215 et
2669 3159 2847 3216 etiam
2885 3168 2984 3227 30,
3037 3177 3255 3234 easque

1966 3246 2125 3304 inter
2157 3264 2218 3304 se
2252 3247 2563 3305 conciliare
2605 3247 3005 3323 vulgataeque
3051 3252 3255 3305 aucto-

1966 3336 2203 3393 ritatem
2250 3336 2406 3394 tueri
2436 3335 2685 3394 nititur:
2737 3335 2837 3394 sed
2868 3335 3035 3394 dotes
3082 3339 3252 3394 tanto

1966 3423 2129 3499 operi
2162 3423 2519 3498 perficiendo
2552 3425 2605 3482 ei
2632 3423 2903 3500 denegat,
2939 3424 3252 3500 carpitque

1965 3512 2299 3571 versionum
2352 3531 2520 3588 saepe
2570 3513 2878 3571 inutilium
2928 3513 3255 3571 reduntan·

1964 3602 2111 3659 tiam
2159 3603 2339 3677 atque
2384 3602 2809 3661 verbositatem
2821 3598 2892 3680 ⁸).
2940 3601 3010 3660 In
3056 3603 3251 3677 prole-

2041 3779 2079 3838 ι)
2108 3771 2252 3828 Hist.
2279 3771 2399 3826 crit.
2428 3771 2505 3825 du
2532 3771 2598 3827 V.
2627 3770 2687 3826 T.
2718 3771 2811 3838 ΙΙΙ,
2840 3776 2923 3836 11,
2954 3771 3053 3824 ubi
3080 3771 3249 3825 crisin

1964 3843 2213 3899 absolvit
2236 3843 2389 3897 hisce
2416 3842 2633 3896 verbis:
2682 3842 2800 3904 ..En
2829 3859 2909 3896 un
2935 3845 3071 3908 mot,
3092 3843 3250 3910 j'au·

1964 3915 2077 3970 rois
2104 3914 2276 3969 voulu
2316 3931 2386 3967 ne
2426 3917 2723 3983 rapporter
2763 3929 2864 3983 pas
2904 3912 2987 3968 les
3070 3914 3250 3967 aroles

1964 3987 2062 4041 des
2087 3987 2329 4040 Autem-s
2351 3988 2482 4039 tout
2500 4002 2575 4040 au
2592 3985 2747 4054 long,
2776 3983 2919 4037 mais
2938 4001 3037 4038 seu
3063 3987 3256 4039 ement

1963 4075 2024 4111 ce
2052 4059 2241 4125 qu'on
2266 4074 2303 4125 y
2329 4056 2520 4111 auroit
2560 4056 2758 4110 trouve
2798 4055 2865 4110 de
2902 4055 3034 4124 plus
3074 4058 3247 4120 exact,

1965 4145 2034 4182 en
2074 4128 2384 4198 suppleant
2420 4129 2601 4181 meme
2643 4126 2999 4195 quelquefois
3033 4130 3066 4180 a
3104 4125 3251 4180 leurs

1965 4199 2210 4253 defauts.

2040 4273 2080 4341 ⁹)
2108 4269 2251 4325 Ibid.
2280 4271 2399 4330 „Au
2426 4269 2589 4333 reste,
2632 4285 2705 4321 on
2732 4285 2802 4322 ne

1963 4340 2022 4394 la
2047 4341 2311 4396 methode
2352 4341 2495 4393 dont
2534 4340 2584 4392 le
2613 4338 2671 4399 Ρ,
2715 4340 2786 4394 (16

1965 4413 2110 4465 servi
2138 4412 2277 4466 dans
2304 4428 2363 4465 ce
2387 4409 2611 4464 Recueil
2640 4428 2710 4465 ne
2730 4410 2841 4464 soit
2863 4410 2921 4464 la
2942 4409 3249 4474 meilleure,

1964 4483 2033 4535 de
2061 4484 2265 4548 tontes,
2295 4499 2387 4536 car
2406 4481 2448 4535 il
2468 4482 2705 4550 produit
2724 4481 2780 4536 d'
2796 4482 2971 4535 abord
2991 4481 3074 4536 les
3096 4481 3250 4535 diffe-

1966 4557 2150 4609 rentes
2176 4553 2453 4608 manieres
2490 4552 2632 4606 dont
2672 4553 2724 4606 16
2752 4553 2923 4607 Texte
2963 4554 3107 4621 peut
3131 4554 3249 4605 etre

2871 4271 2967 4322 eut
2990 4268 3112 4322 nier
3139 4283 3252 4336 que

2848 4357 2882 4393 a
2907 4339 3068 4408 Haye
3109 4342 3153 4392 s'
3168 4341 3253 4392 est

622 4622 771 4676 inter
790 4622 902 4675 alia
917 4626 1293 4692 Milleloquium
1317 4628 1649 4680 bibliotheca-e
1670 4629 1762 4680 SS.
1782 4629 1904 4691 ΡΡ.,
1966 4626 2197 4688 traduit,
2224 4625 2355 4692 puis
2378 4624 2423 4678 il
2441 4623 2522 4677 les
2547 4640 2809 4693 compare
2831 4626 3018 4677 t-outes
3036 4639 3248 4677 ensem·

629 4689 855 4744 Parisiis
882 4696 1022 4748 1650
1046 4694 1106 4746 in
1134 4694 1172 4746 f.

703 4763 743 4828 ⁸)
772 4762 854 4813 Cf.
881 4761 910 4813 J
918 4761 1051 4814 eiler
1079 4763 1432 4818 Kirchenlex.
1467 4766 1528 4830 V,
1556 4769 1712 4824 1546.

1963 4695 2071 4760 ble,
2100 4698 2159 4750 et
2182 4712 2251 4748 en
2286 4695 2432 4765 'uge,
2459 4697 2517 4748 et
2534 4694 2685 4751 enfin
2709 4694 2754 4749 il
2777 4696 3043 4763 rapporte
3071 4695 3149 4749 les
3170 4693 3248 4747 di-

1966 4781 2147 4820 verses
2169 4782 2274 4834 exp
2301 4766 2539 4821 'cations
2559 4765 2833 4820 litterales
2855 4765 2953 4819 des
2967 4765 3248 4820 meilleurs
