3625 5193
1664 1534 1711 1616 I

599 1696 1174 1869 'theologi
1267 1594 1867 1829 annoru'm
1972 1691 2782 1828 1564—1580.

1615 1956 1828 1963 ——

1066 2079 1127 2176 I.
1194 2000 1684 2196 Theologia
1748 2075 2324 2175 scholastica.

487 2326 537 2375 1.
572 2314 788 2371 Mirum
837 2316 930 2370 est
973 2332 1151 2387 quam
1198 2314 1371 2390 pauci
1404 2312 1666 2389 theologi
1725 2313 1990 2381 omnium
2021 2314 2240 2388 plausu
2290 2316 2351 2371 et
2400 2312 2740 2370 auditorum
2787 2312 3003 2370 fructu.

390 2402 726 2462 scholastici
755 2420 892 2478 prae
922 2402 1159 2477 periodo
1178 2401 1552 2479 praecedenti
1572 2402 1669 2459 vel
1726 2401 1878 2460 Hinc
1909 2401 2088 2461 etiam
2120 2402 2372 2461 infulam
2404 2401 2730 2459 viseensem
2764 2401 2879 2459 sibi
2900 2402 3003 2459 ob-

389 2491 784 2565 subsequenti
842 2491 953 2549 hoc
1012 2492 1301 2565 temporis
1351 2491 1669 2550 intervallo
1727 2492 1910 2549 latam
1942 2493 2283 2550 constanter
2313 2490 2613 2550 recusavit
2646 2488 2706 2571 (†
2734 2500 2828 2553 15.
2850 2491 3003 2567 Aug.

389 2581 581 2640 vitam
594 2586 780 2639 morte
811 2581 1323 2640 commutaverint.
1359 2580 1669 2639 Rationem
1735 2575 1948 2662 1574).
2011 2580 2277 2656 Reliquit
2320 2581 2734 2640 commentaria
2779 2579 2840 2638 in
2877 2589 2931 2642 4.
2965 2580 3004 2641 1.

388 2670 652 2745 reperies
681 2689 736 2727 n.
773 2679 828 2733 6.
891 2669 1087 2739 Quare
1118 2669 1381 2729 breviter
1414 2689 1565 2744 quae
1596 2670 1670 2728 ad
1727 2671 2177 2742 sententiarum,
2193 2671 2595 2730 conimbricae
2615 2681 2637 2733 1
2656 2679 2798 2731 555.
2818 2681 2841 2731 1
2861 2679 3004 2732 560.

388 2759 527 2818 illos
542 2763 807 2834 spectant
821 2758 1194 2835 expediemus
1209 2754 1273 2840 ¹).
1298 2761 1670 2837 Demayistro
1724 2764 1767 2817 t.
1805 2768 1840 2819 2
1876 2760 1941 2818 in
1969 2760 2008 2821 f.
2071 2760 2269 2836 Magni
2322 2759 2562 2834 quidem
2607 2758 2865 2818 nominis
2914 2761 3006 2817 est

387 2850 802 2907 sententiarum
814 2848 932 2907 duo
949 2848 1013 2905 in
1028 2848 1236 2923 primis
1251 2848 1416 2907 fuere
1433 2848 1668 2906 soliciti.
1725 2848 2056 2926 theologus,
2090 2849 2238 2907 vitio
2269 2851 2469 2907 tamen
2509 2848 2563 2907 ei
2594 2847 2851 2907 vertitur
2882 2848 3004 2905 stili

391 2938 683 2996 Martinus
715 2937 789 2994 de
820 2936 1183 2995 Ledesma
1215 2938 1281 2996 O.
1306 2937 1667 2996 Praed.His-
1724 2938 1956 2997 incuria
1971 2934 2033 3019 ¹).
2070 2972 2156 2982 -—
2188 2938 2578 2996 Antonius
2612 2937 3004 2997 Cordubensis

396 3045 577 3101 panus
611 3024 950 3084 eruditione
997 3045 1061 3084 ac
1104 3027 1326 3102 pietate
1372 3027 1456 3084 ita
1485 3026 1669 3084 incla-
1729 3026 1792 3085 O.
1827 3029 1880 3087 S.
1915 3027 2118 3086 Franc.
2166 3027 2308 3085 dum
2360 3026 2603 3099 viveret,
2655 3031 2728 3085 ut
2756 3027 3004 3084 idoneus

392 3115 529 3182 ruit,
564 3120 638 3173 ut
671 3133 704 3172 a
736 3112 966 3173 «Ioanne
996 3114 1100 3173 111.
1135 3116 1480 3174 Lusitaniae
1531 3133 1668 3191 rege
1727 3116 1969 3190 quidam
2002 3120 2183 3191 atque
2227 3116 2281 3174 ei
2311 3116 2575 3190 aequalis
2607 3116 2780 3174 testis
2812 3114 3004 3189 loqui-

389 3204 746 3262 academiam
778 3203 1301 3263 conimbricensem
1333 3225 1368 3263 a
1400 3223 1462 3263 se
1493 3204 1667 3262 insti·
1725 3208 1847 3275 tur,
1885 3209 2232 3279 ,tamquam
2252 3205 2529 3281 pythium
2552 3204 2848 3280 quoddam
2879 3207 3006 3261 erat

388 3297 584 3350 tutam
633 3292 775 3349 viris
822 3293 886 3350 in
936 3295 1095 3351 omni
1144 3313 1359 3370 genere
1405 3293 1668 3369 discipli·
1725 3294 2060 3370 theologiae
2104 3295 2428 3364 oraculum,
2474 3294 2549 3352 ad
2598 3312 2775 3368 quem
2805 3311 3006 3351 omnes

388 3400 607 3440 narum
668 3381 1121 3455 sapientissimis
1182 3401 1460 3442 exornare
1513 3387 1667 3440 sata-
1726 3383 1935 3442 auxilii
1986 3387 2046 3442 et
2096 3384 2328 3442 consilii
2374 3382 2568 3460 gratia
2611 3381 3002 3452 ventitabant,

392 3472 568 3546 gente
616 3473 855 3529 vocatus
894 3471 1075 3530 fuerit
1115 3470 1527 3546 instanterque
1576 3472 1668 3530 in·
1725 3476 1798 3530 ut
1829 3473 1994 3531 velut
2024 3474 2181 3531 inter
2213 3473 2613 3548 Pythagoreos
2645 3471 2728 3529 sic
2750 3472 3004 3546 jactare-

398 3559 615 3616 vitatus
647 3559 753 3632 qui
786 3560 1125 3634 primariam
1154 3560 1218 3618 in
1249 3580 1316 3620 ea
1337 3561 1688 3619 cathedram
1724 3565 1857 3619 tur:
1893 3562 2010 3632 ,ille
2043 3562 2225 3619 dixit‘.
2258 3565 2458 3636 Atque
2489 3561 2632 3619 adeo
2665 3559 2882 3618 studiis
2913 3558 3004 3617 in-

401 3645 783 3723 theologicam
828 3652 1061 3724 regeret
1105 3667 1170 3708 ac
1201 3669 1276 3709 sS.
1321 3650 1525 3709 literas
1559 3670 1669 3726 pu·
1726 3650 1973 3727 vigilare
2018 3652 2231 3709 solitus
2277 3650 2515 3721 dicitur,
2569 3651 2640 3707 ut
2688 3667 2819 3706 raro
2870 3650 3004 3723 post

400 3733 550 3792 blice
579 3736 973 3810 profiteretur,
1022 3738 1181 3814 quod
1225 3758 1448 3798 munus
1495 3739 1668 3797 annis
1724 3740 2157 3798 matutinarum
2214 3759 2454 3814 precum
2505 3738 2759 3815 vigiliae,
2823 3744 2892 3795 ut
2941 3738 3004 3794 in

398 3823 596 3882 solidis
628 3834 707 3888 30
743 3830 803 3884 et
834 3828 1092 3903 amplius
1124 3827 1397 3904 implevit
1437 3847 1668 3886 summo
1723 3847 1885 3887 more
1916 3833 2006 3887 est
2021 3834 2367 3897 ceterorum,
2404 3831 2750 3903 captaturus
2765 3827 2836 3885 de
2853 3844 3004 3884 novo

1726 3937 1994 3976 somnum
2012 3917 2164 3977 lecto
2181 3937 2242 3976 se
2259 3918 2536 3986 traderet,
2568 3918 2684 3975 imo
2710 3916 2772 3973 id
2787 3919 3000 3985 totum,

462 4019 501 4085 ¹)
555 4013 679 4068 Huc
729 4016 988 4084 spectant
1044 4016 1214 4069 etiam
1277 4013 1520 4068 Didacus
1582 4015 1618 4066 d
1638 4032 1667 4068 e
1725 4007 1883 4081 quod
1933 4007 2005 4064 ad
2057 4008 2210 4066 lucis
2261 4008 2582 4065 adventum
2627 4023 2819 4080 usque
2850 4006 3006 4063 esset

384 4084 425 4137 P
442 4103 476 4138 a
496 4103 531 4152 y
548 4101 631 4138 va
655 4086 692 4138 d
710 4103 739 4140 e
765 4088 813 4136 A
830 4104 865 4137 n
881 4085 957 4138 dr
974 4102 1006 4139 a
1021 4087 1056 4138 d
1079 4105 1126 4140 a.
1155 4103 1324 4154 quem
1344 4087 1494 4139 inter
1514 4086 1668 4140 theo·
1723 4096 2027 4170 temporis,
2080 4096 2467 4154 evolvendum
2519 4095 2691 4153 fibris
2742 4094 3004 4151 ingume-

383 4156 907 4281 {33035313322005
937 4159 1523 4295 33321355121133531321
1548 4158 1668 4282 323:
1724 4181 1937 4264 sowy«
1975 4185 2137 4243 Obiit
2167 4204 2350 4244 annos
2383 4188 2560 4243 natus
2581 4192 2660 4246 93
2682 4191 3004 4245 ..am-13.

393 4301 544 4366 getas
558 4297 815 4367 reperies,
839 4334 905 4340 -.
935 4299 1160 4352 oswald
1185 4299 1301 4351 Fis
1320 4317 1346 4352 ρ
1365 4301 1490 4354 hel.
1505 4303 1669 4353 Arm,
1726 4274 2049 4348 Praecipua
2096 4275 2359 4350 ejusdem
2393 4292 2570 4348 opera
2602 4276 2770 4331 sunt:
2837 4271 3002 4329 Com.-

395 4368 671 4437 bergensis
725 4370 1055 4450 Ingolstadii
1106 4370 1495 4440 philosophiae
1546 4389 1668 4440 pro·
1727 4365 2011 4421 mentaria
2055 4363 2117 4420 in
2153 4364 2282 4425 411.
2331 4362 2762 4421 sententiarum
2811 4358 3002 4440 (Corn-

386 4439 562 4492 fessor
575 4441 633 4494 et
649 4444 933 4496 semmai-ii
949 4441 1237 4513 georgiani
1254 4458 1449 4511 regens
1467 4446 1663 4514 (1528),
1725 4449 1908 4532 pluti)
1963 4464 1986 4513 1
2005 4462 2125 4515 569
2146 4475 2160 4518 ς
2207 4454 2699 4528 φλαθθίἰθηανῑωη
2743 4451 3001 4524 ΐῆθθῖθθῖ·

382 4510 519 4634 2⁶¹9
546 4512 826 4580 paroehus
865 4514 1171 4595 et-mfflem
1197 4512 1518 4594 t'h001033ae
1543 4531 1667 4583 pro·
1724 4560 1850 4598 cum
1915 4541 2038 4599 sive
2090 4541 2236 4599 silva
2286 4559 2528 4599 casuum
2578 4538 3001 4606 conscientiae3

407 4599 555 4636 essor
599 4585 660 4636 et
699 4583 1013 4639 academiae
1053 4584 1538 4654 procancellanuS,
1578 4585 1667 4639 de·

383 4670 539 4708 mum
604 4652 905 4723 episcopus
967 4656 1256 4709 auxiliaris
1319 4656 1666 4725 frisinganus
1726 4666 2044 4672 ἡ

390 4733 434 4782 li
460 4727 641 4789 1568),
672 4724 935 4779 disseruit
956 4730 1017 4780 de
1042 4747 1167 4782 vera
1192 4731 1438 4783 studendi
1461 4747 1502 4781 s.
1530 4731 1665 4783 theo·
1802 4734 1840 4796 Ι)
1858 4730 1937 4784 Cf.
1965 4729 2011 4782 Ε
2027 4746 2056 4782 c
2072 4730 2110 4782 h
2127 4745 2161 4782 a
2177 4748 2205 4781 r
2221 4729 2257 4783 d
2284 4729 2482 4799 Seript.
2506 4729 2566 4782 O.
2584 4727 2777 4781 Praed.
2797 4727 2862 4780 ΙΙ.
2880 4727 2999 4782 230.

390 4795 549 4858 loyiue
576 4800 788 4849 ratione
812 4795 870 4850 ll.
898 4802 950 4862 3,
978 4798 1305 4868 Ingolstadii
1331 4803 1485 4856 1564.
1798 4807 1841 4874 2)
1865 4801 2142 4854 Antonius
2172 4801 2232 4853 in
2259 4801 2392 4854 bibl.
2425 4801 2571 4869 hisp.
2602 4815 2750 4852 nova
2781 4799 2816 4862 l,
2846 4802 2965 4854 111.

569 4894 609 4940 Η
629 4909 657 4938 u
674 4908 698 4939 r
715 4897 771 4938 te
788 4908 827 4950 r,
867 4896 1205 4944 Nomeuclator
1244 4898 1328 4948 111.
1358 4899 1432 4944 ed.
1464 4899 1514 4943 3.
2644 4893 2670 4942 1
