3625 5193
1010 227 1326 294 Falconius‚
1352 228 1523 294 Berti,
1550 227 2082 298 Pesanthscapponi
2109 247 2143 283 a
2168 230 2450 285 Porrecta.

428 245 548 299 369
2909 248 3032 302 370

421 414 546 472 rius
579 413 1003 472 Falconius
1045 412 1109 471 O.
1144 413 1197 471 S.
1232 416 1382 490 Aug.
1416 413 1552 481 ,vir
1583 432 1700 472 un·
1755 412 1932 472 variis
1982 414 2044 471 in
2092 413 2302 473 Italiae
2351 414 2603 473 urbibus
2643 413 2852 490 exegit.
2900 414 3035 472 Non

420 503 732 577 docunque
765 502 975 560 doctus
1007 521 1075 560 ac
1094 502 1358 562 omnium
1390 502 1697 561 literarum
1756 502 1907 561 citra
1938 503 2276 562 sanctitatis
2320 502 2535 562 famam
2580 501 2731 561 obiit
2748 499 2791 582 ¹)
2840 504 3034 561 Bono-

422 591 758 650 eruditione
791 590 1062 660 eximiuS‚
1084 591 1430 666 praesertim
1449 610 1700 669 magnus
1755 591 1891 650 niae
1943 601 1997 654 2.
2050 591 2183 650 Jan.
2242 602 2425 656 1614.
2478 592 2716 650 Potiora
2771 591 3036 667 ejusdem

419 681 754 757 theologus,
806 679 1058 753 reliquit
1109 679 1408 755 egregium
1459 681 1553 738 sui
1601 681 1699 739 in-
1757 698 1935 755 opera
1981 684 2154 738 sunt:
2201 678 2630 740 Elueidationes
2662 681 2941 753 formales
2972 680 3034 737 in

420 770 577 847 genii
598 766 1697 848 monumentum¹):Beeonciliati0100
1757 769 2062 829 Summam
2111 770 2498 847 theologicam
2550 789 2594 828 s.
2646 769 2899 827 Thomae
2962 769 3034 826 de

417 860 675 917 locorum
711 865 1197 917 controversorum
1243 857 1400 916 inter
1446 858 1500 920 d.
1546 859 1702 917 Tho·
1755 858 2013 932 Aquino,
2047 858 2311 917 Venetiis
2351 867 2516 922 1588
2552 878 2604 917 v.
2643 869 2675 920 5
2714 858 2777 915 in
2813 866 2884 928 43
2920 857 3032 915 ite·

418 967 576 1006 mam
608 946 907 1006 doctorem
940 946 1273 1024 angelicum
1306 951 1368 1004 et
1387 947 1699 1023 Aegidium
1756 965 1891 1004 rum
1941 946 2146 1006 eodem
2191 967 2241 1004 a.
2288 948 2348 1005 in
2393 947 2431 1004 f.
2479 950 2541 1006 et
2578 956 2775 1015 1596;
2822 964 3033 1004 rursus

419 1033 1700 1111 Columnium‚Rimini1612.‘—Ejusdem
1756 1035 2033 1110 pluribus
2081 1036 2293 1095 alienis
2339 1055 2445 1111 per
2491 1035 2743 1094 editores
2788 1034 3033 1110 adjectis

419 1124 646 1184 ordinis
664 1123 1699 1200 estPaulinusBertiLucensis‚qui
1764 1133 1928 1187 1612
1977 1124 2040 1182 in
2086 1124 2123 1185 f.
2158 1124 2268 1184 hoc
2311 1124 2523 1183 titulo:
2570 1125 2814 1182 Summa
2861 1124 3035 1181 totius

418 1213 609 1272 edidit
639 1211 956 1289 Aegidii
1001 1212 1248 1271 Romani
1282 1231 1474 1289 opera,
1510 1211 1700 1272 Vene-
1755 1213 2058 1290 theoloyiae
2086 1215 2142 1270 d.
2182 1214 2427 1272 Thomas
2460 1258 2474 1272 .
2510 1261 2523 1273 .
2556 1261 2570 1276 .
2604 1232 2738 1273 cum
2775 1212 3034 1271 elucida-

424 1302 526 1361 tiis
565 1312 769 1372 1617;
820 1303 1175 1378 quaestiones
1218 1304 1279 1358 in
1322 1305 1361 1361 4
1397 1303 1453 1365 u.
1485 1309 1700 1361 senten-
1754 1300 2025 1361 tionibus
2075 1302 2444 1374 formalibus,
2497 1303 2560 1361 in
2606 1301 2826 1377 quibus
2872 1301 3034 1359 ultra

419 1394 641 1448 tiaram
690 1393 751 1448 et
801 1389 1232 1465 quodlibeticas
1294 1390 1508 1449 Scoti
1566 1410 1701 1450 cum
1754 1391 2055 1467 egregiam
2088 1394 2288 1450 textus
2321 1392 2730 1451 enodationem
2761 1390 3031 1448 innume-

418 1480 628 1539 tabula
675 1479 938 1557 generali
983 1498 1180 1537 rerum
1228 1479 1530 1538 scibilium
1577 1481 1699 1539 sive
1754 1498 2010 1555 raspene
2026 1482 2296 1539 haereses
2314 1499 2656 1555 erroresque
2677 1477 3031 1537 recensendo

418 1587 581 1628 mare
628 1587 906 1645 magnum
946 1567 1419 1643 speculationum
1453 1568 1697 1627 scotica·
1753 1586 1819 1626 ac
1849 1589 1881 1629 e
1913 1569 2163 1646 vestigio
2195 1569 2289 1627 sui
2320 1569 2511 1644 ipsius
2544 1571 2603 1626 et
2628 1569 2744 1629 div.
2767 1567 3032 1644 Scriptu-

419 1677 553 1716 rum
587 1653 772 1738 (quod
820 1675 887 1714 ex
934 1657 1227 1716 universis
1271 1659 1699 1716 sententiarum
1753 1677 1956 1718 rarum
1988 1658 2081 1718 vel
2125 1677 2487 1718 summorum
2532 1657 2881 1732 pontificum
2928 1659 3034 1714 aut

418 1746 823 1804 voluminibus
835 1744 1089 1804 doctoris
1099 1747 1336 1805 subtilis
1355 1746 1555 1806 hausit
1568 1749 1696 1805 An·

417 1837 621 1894 tonius
668 1835 739 1893 de
785 1835 828 1891 F
852 1854 886 1892 a
903 1834 1092 1904 ntis,
1135 1834 1261 1911 ipse
1305 1831 1694 1917 reformavit),

417 1924 494 1986 ib.
549 1934 574 1985 1
590 1931 711 1985 617
749 1927 794 1985 t.
829 1934 863 1984 6
899 1923 962 1981 in
999 1932 1057 1987 8.
1101 1924 1400 1983 Tribuuut
1443 1925 1557 2000 ipsi
1604 1944 1696 1984 so·

417 2013 579 2070 dales
613 2012 899 2072 theatrum
933 2013 1185 2070 omnium
1205 2015 1575 2072 scientiarum
1596 2034 1694 2073 ar·

415 2105 667 2179 tiumque
682 2100 994 2160 collectum
1009 2120 1077 2159 ex
1091 2101 1368 2177 operibus
1384 2104 1435 2160 A
1451 2102 1471 2158 1
1487 2103 1524 2160 b
1540 2123 1571 2161 e
1587 2123 1615 2160 r
1632 2104 1694 2162 ti

416 2191 511 2259 M„
545 2190 809 2250 Venetiis
852 2199 1016 2253 1613
1052 2190 1114 2247 in
1146 2190 1202 2261 f.,
1236 2209 1440 2249 verum
1473 2192 1572 2249 alii
1593 2192 1690 2249 ad·

415 2279 693 2337 scribunt
731 2277 887 2337 illud
919 2279 1253 2355 cognomini
1285 2279 1347 2336 P.
1381 2281 1598 2339 Berti
1630 2281 1693 2341 Ο.

415 2367 645 2438 Praed.,
667 2387 842 2442 quem
864 2370 924 2425 et
943 2368 990 2425 B
1008 2387 1040 2424 a
1060 2386 1090 2424 r
1105 2388 1134 2425 z
1148 2368 1169 2425 i
1183 2387 1224 2425 u
1241 2388 1296 2425 m
1330 2368 1443 2426 dici
1468 2370 1532 2426 in
1549 2369 1694 2428 actis

414 2475 539 2532 cap.
573 2475 705 2533 gen.
738 2454 858 2516 ord.
894 2457 1109 2514 Romae
1138 2465 1300 2519 1612
1329 2457 1521 2517 habiti
1555 2477 1695 2517 cen-

413 2549 561 2605 sent.
605 2545 687 2588 -’-
737 2544 1067 2604 Alexander
1112 2546 1157 2602 P
1174 2565 1204 2604 e
1220 2564 1248 2604 s
1265 2567 1296 2604 a
1313 2565 1348 2603 n
1366 2546 1428 2606 ti
1447 2567 1488 2605 u
1506 2567 1534 2606 s
1580 2547 1694 2607 Ro-

411 2654 639 2704 manuS‚
676 2654 721 2697 s,
753 2633 1084 2711 theologiae
1117 2639 1177 2693 et
1209 2635 1526 2711 utriusque
1539 2637 1695 2712 juris

411 2724 632 2793 doctor,
666 2723 900 2799 scripsit
941 2724 1154 2783 Brevia
1201 2727 1614 2786 commentaria
1646 2734 1696 2784 et

411 2815 832 2888 disputationes
875 2812 938 2869 in
971 2812 1024 2869 d.
1058 2813 1312 2872 Thomas
1357 2815 1696 2874 universam

409 2907 533 2960 tam
569 2901 981 2968 scholasticam
1014 2920 1192 2977 quam
1226 2904 1502 2962 moralem
1523 2904 1693 2961 theo-

411 2991 651 3067 logiam,
676 2990 939 3048 Venetiis
962 3001 988 3051 1
1004 3000 1127 3053 606
1151 3011 1165 3060 ;
1199 2991 1468 3050 Coloniae
1491 3003 1606 3055 161
1624 2998 1654 3053 7
1679 3012 1692 3060 ;

412 3083 736 3138 tractatum
759 3079 828 3136 de
847 3081 1209 3137 ivn-inunitam
1240 3082 1612 3140 ecclesiastica
1645 3088 1696 3138 et

412 3169 481 3226 de
491 3171 775 3243 potestate
795 3186 936 3225 rom.
951 3169 1487 3242 pontificis,Romae
1517 3180 1693 3232 1606.

512 3355 650 3407 159.
683 3345 832 3402 Prae
865 3344 1074 3403 ceteris
1105 3348 1304 3404 tamen
1336 3348 1505 3405 Italis
1551 3347 1692 3404 illu-

409 3434 551 3492 stris
582 3436 767 3493 estet
805 3433 875 3491 de
909 3433 1205 3491 s.''l'homa
1250 3435 1399 3494 bene
1442 3437 1693 3494 meritus

411 3522 777 3597 Seraphinus
827 3522 867 3580 C
889 3542 979 3598 ap
999 3542 1037 3597 p
1059 3541 1092 3580 o
1113 3540 1155 3580 n
1175 3523 1215 3595 i,
1261 3544 1296 3583 a
1340 3525 1526 3583 natali
1571 3526 1693 3584 solo

409 3630 594 3686 prope
630 3611 954 3669 Bononiam
986 3630 1020 3667 a
1065 3610 1432 3671 Porrecta
1476 3613 1690 3683 dictus,‚

410 3700 473 3758 Ο.
508 3700 731 3771 Praed.,
765 3703 942 3758 natus
984 3708 1167 3761 1536.
1219 3700 1311 3760 Sic
1361 3705 1489 3760 erat
1537 3703 1692 3778 opti-

406 3789 520 3847 mis
564 3808 598 3846 a
642 3792 857 3846 natura
900 3792 1269 3863 comparatus
1301 3790 1566 3850 moribus
1597 3811 1691 3849 ea-

409 3896 527 3953 que
561 3876 869 3953 praeditus
903 3876 1121 3945 indole,
1169 3882 1238 3936 ut
1288 3879 1468 3937 etiam
1499 3883 1693 3938 aetate

408 3986 560 4041 puer
607 3965 912 4043 ignorasse
962 3965 1212 4040 puerilia
1260 3967 1581 4039 videretur,
1634 3972 1693 4027 et

409 4074 444 4112 a
473 4054 643 4113 cuuis
675 4054 734 4112 in
768 4054 966 4112 virum
998 4055 1198 4113 statim
1230 4057 1501 4116 evasisse.
1536 4057 1692 4117 Ado-

408 4143 636 4201 lescens
667 4165 716 4200 a.
758 4152 833 4205 16
867 4135 1168 4202 Bononiae
1221 4155 1318 4208 15.
1353 4145 1477 4204 Oct.
1523 4155 1686 4210 1552

410 4231 861 4291 Dominicanum
894 4230 1110 4301 induit,
1143 4251 1487 4309 novumque
1531 4253 1690 4294 acce-

407 4321 503 4395 pit
553 4339 687 4379 cum
736 4323 902 4379 veste
952 4338 1166 4379 nomen
1215 4323 1539 4398 Seraphim,
1587 4323 1692 4400 qui

405 4411 578 4484 prius
638 4408 947 4467 dicebatur
995 4409 1310 4469 Hannibal.
1373 4412 1691 4488 Reliquum

408 4498 621 4557 aetatis
654 4501 792 4574 post
824 4497 1154 4558 studiorum
1206 4501 1504 4575 expletum
1555 4519 1690 4559 cur·

407 4587 664 4646 riculum
714 4588 779 4645 iu
827 4585 1104 4646 docendis
1136 4588 1361 4648 ordinis
1391 4590 1690 4648 tironibus

487 4778 528 4843 ¹)
554 4774 833 4844 Ossinger,
862 4774 1121 4833 biblioth.
1150 4780 1372 4846 august.

1753 1748 2138 1808 conciliorum
2184 1765 2258 1805 ss.
2306 1747 2661 1805 auctoritate
2709 1744 3031 1803 invictissi-

1752 1860 1850 1898 ma
1880 1840 2043 1913 ipsas
2064 1835 2473 1906 interimendo,
2496 1854 2672 1911 quam
2694 1835 2870 1910 plena
2888 1833 3030 1890 fide-

1751 1928 1912 2003 lique
1943 1946 2128 1985 manu
2159 1925 2462 2001 angelicus
2494 1924 2597 1981 ille
2618 1924 2820 1981 doctor
2840 1919 3033 2001 (velut

1751 2018 1880 2093 apis
1913 2008 2358 2095 argumentosa)
2392 2013 2684 2072 Ecclesiae
2716 2009 3031 2070 catholicae

1749 2105 2056 2176 inserviat,
2081 2102 2429 2181 singillatim
2451 2100 2800 2159 ostenditur.
2823 2101 3028 2157 Acces-

1753 2213 1879 2253 sere
1910 2212 2082 2270 porro
2103 2190 2576 2253 luculentissima
2608 2187 3030 2247 subtilissima-

1751 2303 1866 2359 que
1899 2281 2316 2340 commentaria
2346 2280 2409 2337 R.
2444 2280 2510 2340 D.
2545 2279 2797 2336 Thomae
2830 2277 2900 2332 de
2922 2275 3029 2333 Vio

1751 2371 2103 2447 Cajetani
2152 2368 2303 2428 card.
2348 2412 2360 2426 .
2395 2413 2453 2425 ..
2503 2386 2638 2426 cum
2685 2383 2727 2423 s.
2774 2364 3029 2423 Thomae

1750 2460 2183 2520 concordantiis
2217 2505 2229 2516 .
2265 2501 2277 2512 .
2312 2502 2324 2513 .
2358 2457 2450 2516 Ad
2484 2455 2752 2532 singulos
2785 2456 2904 2511 sere
2935 2472 3028 2510 ar-

1748 2550 1963 2609 ticulos
2008 2545 2415 2626 suprapositae
2462 2549 2605 2605 sunt
2649 2543 2793 2620 ipsis
2838 2560 3024 2601 corre·

1750 2640 2112 2715 spondentes
2148 2633 2322 2721 (quas
2353 2635 2619 2694 invenire
2651 2628 2850 2711 licuit)
2885 2631 3027 2691 cita-

1748 2730 1942 2788 tiones
1988 2747 2337 2805 magnorum
2381 2724 2800 2800 theologorum
2834 2739 2878 2779 s.
2910 2722 3027 2778 Bo-

1750 2820 2137 2889 naventurae‚
2184 2817 2240 2873 b.
2287 2814 2518 2874 Alberti
2563 2813 2636 2870 M.
2687 2816 2796 2871 etc.
2847 2810 3027 2869 Tomo

1748 2906 1937 2982 primo
1988 2906 2400 2964 continentur:
2462 2914 2511 2965 1.
2558 2921 2611 2977 p.
2659 2900 2930 2958 Summae
2983 2916 3027 2955 s,

1747 2994 2030 3065 Thomae3
2064 2995 2136 3052 de
2180 2991 2501 3052 altitudine
2546 2990 2844 3048 doctrinae
2891 2988 3028 3045 tho-

1750 3083 2017 3142 misticae
2048 3083 2459 3160 proloquium3
2493 3080 2733 3156 regulae
2754 3078 2826 3136 ad
2847 3079 3026 3136 lecto-

1751 3192 1889 3230 rem.
1927 3171 2037 3230 His
2069 3171 2413 3230 methodum
2445 3169 2509 3226 in
2540 3186 2712 3244 opere
2744 3187 2778 3225 a
2809 3185 2870 3224 se
2903 3184 3027 3225 ser-

1751 3263 1939 3319 vatam
1976 3260 2230 3318 declarat
2264 3278 2414 3335 quae
2446 3276 2514 3315 ea
2544 3260 2652 3327 est,
2682 3258 2752 3314 ut
2783 3255 3030 3315 cuilibet

1750 3349 2001 3408 articulo
2050 3348 2338 3425 adjungat
2387 3346 2686 3421 synopsim
2734 3349 2792 3402 et
2840 3343 3030 3404 veluti

1749 3439 1983 3496 schema
2027 3437 2100 3494 ad
2147 3438 2390 3495 sormam
2436 3433 2801 3493 dialecticam
2838 3432 3028 3511 rigide

1749 3529 2020 3584 exactum
2051 3544 2187 3584 cum
2218 3525 2430 3583 multis
2465 3517 2845 3605 (scripturae)
2869 3541 3028 3582 com-

1747 3614 2007 3690 pendiis;
2063 3614 2209 3672 item
2255 3612 2491 3691 singula
2536 3611 2609 3670 ad
2655 3612 2884 3687 objecta
2932 3633 3028 3672 re-

1748 3703 2124 3779 sponsiones:
2175 3705 2305 3761 tum
2338 3701 2585 3761 cuilibet
2629 3699 2881 3760 articulo
2925 3721 3029 3777 ap·

1748 3792 2054 3867 pendicem
2099 3790 2360 3866 subjicit,
2404 3809 2525 3865 qua
2568 3789 2836 3847 haereses
2868 3790 2929 3849 in
2961 3811 3027 3851 eo

1748 3880 2083 3940 confutatae
2114 3880 2475 3949 indicantur,
2509 3877 2722 3937 additis
2754 3880 3028 3940 concilio-

1748 3989 1878 4028 rum
1892 3988 1957 4028 ca
1965 3970 2220 4028 nonibus
2231 3972 2292 4028 et
2301 3967 2759 4028 auctoritatibus
2770 3971 3005 4043 patrum
3013 4014 3026 4040 ,

1747 4062 1950 4135 postea
1984 4058 2403 4117 commentaria
2440 4056 2715 4132 cajetani.
2749 4089 2835 4099 —-
2867 4056 3026 4117 Indi·

1747 4166 1842 4206 ces
1875 4148 2173 4223 quinque;
2206 4147 2435 4222 primus
2467 4164 2562 4221 qq.
2595 4146 2656 4203 et
2687 4164 2772 4202 aa.
2806 4164 2850 4206 s,
2879 4148 3029 4206 Tho·

1748 4255 1905 4305 mae;
1953 4246 2007 4299 2.
2042 4235 2460 4312 principalium
2507 4233 2935 4294 sententiarum
2976 4248 3027 4299 1.

1745 4344 1834 4400 p.;
1890 4335 1944 4387 3.
1997 4324 2392 4401 singularium
2440 4322 3026 4395 commentariorum;

1751 4425 1805 4476 4.
1841 4413 2329 4488 praedicabilium
2362 4412 2547 4472 totius
2587 4412 2752 4481 anni3
2806 4422 2858 4476 5.
2890 4413 3027 4471 hae-

1824 4639 1863 4689 ¹3
1895 4635 1978 4690 Of.
2007 4634 2229 4688 Echard
2269 4635 2303 4687 l.
2345 4650 2391 4687 c.
2417 4638 2521 4691 392
2550 4650 2650 4688 ss.·
2697 4633 2761 4688 G.
2787 4634 3028 4689 Michele

1746 4705 1791 4759 P
1806 4708 1827 4759 i
1843 4693 1893 4771 ’ὸ,
1915 4706 2049 4759 Vita
2075 4722 2104 4759 e
2132 4708 2310 4759 morte
2351 4704 2443 4758 del
2469 4721 2594 4760 ven.
2624 4679 2684 4761 l).
2710 4707 2811 4760 Mr.
2838 4707 2946 4760 Fra
2972 4706 3025 4760 S.

1746 4777 1898 4831 della
1922 4777 2154 4831 Porreta
2181 4779 2302 4841 etc„
2329 4775 2615 4831 Bononiae
2643 4780 2800 4834 1615.
