3625 5193
429 305 453 355 1
476 302 595 356 129
936 283 1120 351 Fisen‚
1148 283 1522 356 Wagenhare,
1551 286 1674 341 Car.
1700 303 1735 340 a
1762 306 1805 344 s.
1834 287 2028 350 Pau10‚
2057 285 2377 351 Lancilotti,
2405 284 2523 341 Pio.
2874 305 3040 358 1130

422 480 495 539 43
553 471 742 529 altera
790 488 911 528 non
960 469 1205 545 prodiit.
1256 503 1342 515 -—
1392 471 1706 531 Bartholo-
1762 476 1992 532 statum
2023 472 2087 530 in
2117 471 2324 531 tabula
2342 470 2736 548 geographica
2754 489 3046 547 exponere

425 578 629 618 maeus
661 560 889 618 Fisen
934 558 988 617 S·
1036 559 1091 621 J.
1131 559 1474 618 Leodiensis
1507 556 1696 643 (1591
1762 579 2082 638 aggressus
2115 564 2209 619 est
2239 561 2303 618 R.
2339 561 2403 619 P.
2436 560 2681 618 Carolus
2714 579 2749 619 a
2782 578 2829 618 s.
2861 561 3045 618 Paulo

424 644 716 730 -1649)
779 647 1098 722 descripsit
1155 655 1417 707 sanctam
1466 650 1707 726 Leyiam
1762 695 1775 707 .
1798 699 1811 712 .
1834 695 1847 708 .
1870 650 2032 726 Opus
2051 649 2323 719 arduum,
2356 648 2420 707 in
2452 666 2569 723 quo
2589 648 2823 707 etiamsi
2854 649 3049 707 multa

425 757 701 796 romanae
721 737 996 796 ecclesiae
1016 737 1217 810 filiam,
1250 737 1376 797 sive
1396 737 1710 798 historiam
1762 740 2111 815 peccaverit,
2164 738 2271 797 illo
2303 741 2501 796 tamen
2532 756 2705 813 opere
2750 736 2823 796 de
2869 756 3047 812 repu-

416 827 703 886 ecclesiae
736 826 1070 896 leodiensiS,
1104 826 1306 886 Leodii
1345 835 1509 890 1642
1546 827 1612 885 in
1642 827 1707 898 f.;
1763 828 1921 887 blica
1952 828 2277 887 christiana
2307 826 2532 901 optime
2563 826 2843 885 meritum
2876 845 3048 885 nemo

433 925 617 979 1696.
681 915 1096 974 Narrationem
1128 915 1369 974 inchoat
1401 916 1476 975 ab
1507 936 1557 978 a.
1582 927 1705 978 600
1763 936 1886 977 ιιοιι
1917 917 2264 977 fatebitur.‘
2315 915 2645 974 Recensitis
2677 917 2877 974 autem
2908 915 3046 990 plu-

417 1008 564 1062 ante
598 1004 894 1064 Christum
926 1023 1174 1080 eamque
1219 1004 1491 1080 perducit
1539 1005 1612 1064 ad
1659 1026 1709 1066 a.
1763 1006 1931 1065 rimis
1961 1005 2435 1075 difficultatibus,
2468 1023 2621 1080 quae
2651 1004 2715 1062 in
2745 1005 2856 1063 tali
2874 1022 3050 1079 opere

436 1102 638 1163 1612;
671 1112 879 1152 verum
909 1093 1109 1168 priora
1147 1104 1223 1156 10
1259 1094 1456 1152 secula
1486 1094 1583 1151 vix
1603 1094 1709 1152 ali·
1765 1094 2089 1154 vincendae
2121 1096 2309 1164 erant,
2342 1093 2755 1170 prosequitur:
2790 1092 2956 1162 ,Has
2988 1096 3050 1151 et

430 1182 573 1258 quid
606 1182 932 1250 continent,
980 1181 1140 1257 quod
1187 1182 1262 1239 ad
1303 1182 1452 1240 hanc
1486 1186 1713 1258 spectet
1766 1184 1915 1242 alias
1945 1183 2328 1243 difficultates
2360 1182 2722 1258 superandas
2755 1181 2967 1240 habuit
2985 1182 3050 1239 R.

416 1272 746 1329 ecclesiam.
823 1270 959 1329 Alia
1002 1270 1269 1346 ejusdem
1315 1289 1492 1347 opera
1537 1274 1709 1331 sunt:
1766 1273 1828 1332 P.
1866 1273 1986 1331 Car.
2035 1292 2069 1330 a
2101 1291 2145 1331 s.
2177 1272 2380 1342 Pau10,
2428 1290 2547 1347 quo
2589 1271 2787 1329 minus
2831 1270 3051 1329 mirum

436 1358 610 1436 Oriqo
645 1361 853 1433 prima
898 1361 1029 1434 festi
1072 1362 1335 1432 corporis
1386 1360 1604 1419 Christi
1643 1380 1712 1419 ex
1767 1365 1873 1432 est,
1908 1361 2080 1420 illum
2110 1361 2175 1419 in
2206 1364 2299 1420 tot
2318 1361 2592 1436 scopulos
2612 1360 2920 1418 incautum
2939 1360 3051 1417 im-

429 1449 558 1507 viso
606 1468 648 1507 s.
695 1448 913 1524 virgini
945 1447 1224 1508 Julianae
1272 1448 1563 1508 divinitus
1609 1450 1712 1509 ob·
1767 1450 2019 1551 pegisse.
2083 1450 2370 1518 Queritur
2411 1448 2692 1508 Nicolaus
2725 1448 2952 1507 Sanson
2993 1451 3054 1507 et

428 1538 571 1607 lato,
622 1537 700 1595 ib.
754 1546 920 1600 1628
967 1537 1030 1595 in
1084 1549 1109 1600 1
1127 1545 1195 1608 23
1237 1538 1411 1611 flores
1454 1540 1714 1597 ecclesiae
1761 1541 1900 1614 ¹jure
1932 1538 2207 1639 queritur
2239 1539 2614 1614 episcopatus
2662 1538 2735 1595 ab
2780 1537 2885 1596 illo
2917 1537 3053 1612 plu-

429 1627 747 1702 leodiensis,
801 1626 925 1685 sive
956 1627 1113 1686 vitae
1144 1631 1207 1685 et
1237 1626 1428 1703 elogia
1473 1631 1713 1687 sancto·
1767 1628 1955 1687 rimos
1985 1628 2249 1698 omissoS,
2284 1627 2517 1703 aliquot
2547 1644 2685 1685 vero
2717 1625 3052 1700 duplicatos

432 1734 567 1773 rum
598 1719 660 1774 et
691 1715 967 1787 aliorum,
1000 1715 1103 1791 qui
1136 1715 1455 1774 illustriori
1486 1717 1713 1775 virtute
1769 1717 1862 1776 vel
1893 1716 2236 1793 triplicatos,
2271 1717 2501 1775 circiter
2531 1717 2797 1775 trecenta
2814 1714 3054 1773 nomina

430 1804 582 1861 hanc
640 1803 954 1862 dioecesim
1029 1807 1419 1874 exornarunt,
1496 1805 1714 1864 Insulis
1739 1806 1985 1874 ,vitiose
2016 1805 2257 1881 scripta,
2291 1810 2528 1864 centum
2562 1804 2635 1862 ad
2661 1822 2964 1862 summum
2995 1807 3056 1862 et

439 1902 463 1952 1
481 1903 514 1955 6
527 1902 560 1953 4
573 1902 603 1952 ’7
626 1892 689 1950 ιιι
704 1892 762 1961 f.‚
783 1910 935 1967 quae
951 1911 1129 1967 opera
1144 1892 1425 1951 historica
1439 1913 1716 1969 magnam
1740 1885 1748 1913 '
1772 1894 2158 1970 septuaginta
2189 1895 2336 1953 duos
2366 1894 2739 1970 episcopatus
2768 1892 2832 1951 in
2850 1892 3057 1951 tabula

432 1980 696 2056 produnt
725 1980 1137 2040 eruditionem.
1171 1979 1549 2040 Paradoxum
1561 1984 1718 2041 chri-

431 2071 688 2127 stianum
721 2068 874 2128 laedi
904 2070 1201 2128 neminem
1232 2069 1351 2127 nisi
1383 2090 1418 2127 a
1459 2089 1520 2128 se
1565 2071 1715 2145 ips0‚

434 2158 637 2216 Leodii
678 2168 839 2221 1640
887 2158 952 2216 ιιι
1002 2168 1055 2221 8.
1092 2191 1170 2200 —
1208 2158 1421 2216 Petrus
1466 2158 1539 2217 de
1569 2159 1639 2217 W
1655 2179 1718 2218 a·

435 2266 569 2322 gen
582 2246 620 2304 h
635 2266 751 2305 are
770 2241 1189 2328 (Waghenare)
1213 2246 1279 2304 Ο.
1299 2248 1525 2305 Praem.
1546 2247 1719 2305 Flan-

1774 1983 2103 2052 collocatoS,
2158 2000 2293 2041 cum
2346 1993 2470 2046 300
2522 1982 2743 2058 positio
2791 1980 3057 2057 potuerit

1774 2072 2049 2129 stabiliri.
2110 2071 2195 2128 Ex
2241 2071 2334 2129 his
2374 2080 2493 2133 172
2545 2070 2982 2146 episcopatibus
3019 2079 3051 2130 5

1773 2163 1882 2218 aut
1916 2170 1951 2221 6
1987 2161 2123 2235 plus
2154 2159 2352 2218 minus
2385 2178 2560 2218 suum
2592 2159 2657 2218 in
2688 2158 2900 2217 tabula
2918 2176 3054 2234 geo-

1773 2249 2059 2325 graphica
2088 2247 2286 2307 locum
2326 2248 2612 2318 obtinere,
2658 2247 2806 2306 alios
2853 2264 3056 2305 omnes

435 2334 540 2393 der
592 2331 654 2417 (†
707 2344 806 2397 29.
859 2337 1010 2412 Aug.
1071 2330 1262 2415 1662)
1313 2335 1627 2411 descripsit
1674 2355 1719 2396 s.
1772 2356 2079 2414 perperam
2104 2336 2327 2397 locatos
2346 2341 2500 2396 etc.‘
2547 2336 2820 2396 Divisum
2840 2339 2932 2394 est
2949 2334 3059 2393 hoc

446 2425 693 2482 Thomae
732 2426 1156 2483 cantuariensis
1199 2431 1250 2482 et
1293 2424 1541 2483 Henrici
1580 2443 1719 2500 anq-

432 2514 625 2571 lorum
670 2516 821 2592 reqis
864 2513 1321 2572 monomachiam
1352 2513 1422 2571 de
1464 2514 1721 2573 libertate

428 2603 742 2678 Ecclesiae,
776 2603 1047 2663 Coloniae
1089 2611 1249 2666 1626
1285 2602 1349 2661 ιιι
1384 2612 1437 2667 8.

533 2790 612 2843 48
625 2792 677 2843 9.
710 2781 817 2839 His
848 2781 1060 2840 merito
1091 2780 1363 2839 addimus
1393 2779 1666 2839 Carolum
1689 2800 1723 2839 a

430 2889 483 2928 s.
519 2870 759 2927 Paulo
793 2869 1068 2927 abbatem
1108 2869 1434 2938 fuliensem,
1479 2887 1723 2945 congre·

438 2958 695 3034 gationis
712 2957 1078 3016 Fuliensium
1094 2958 1456 3033 superiorem
1476 2976 1720 3034 genera·

442 3047 558 3105 lem
580 3050 641 3103 et
655 3045 893 3104 demum
914 3042 1138 3126 (1642)
1161 3045 1505 3121 episcopum
1521 3045 1720 3104 abrin-

431 3152 675 3195 censem
724 3131 786 3217 (†
826 3130 1037 3215 1644),
1085 3137 1331 3210 propter
1378 3153 1548 3193 suam
1580 3134 1723 3193 Geo-

437 3224 749 3304 9raphiam
798 3242 1031 3282 sacram
1080 3223 1205 3283 sive
1249 3222 1523 3281 notitiam
1568 3222 1725 3282 anti-

442 3332 617 3389 quam
653 3312 1008 3372 dioecesium
1049 3312 1316 3372 omnium
1355 3312 1723 3387 patriarcha·

444 3402 610 3470 lium,
633 3402 1197 3478 metropoliticarum
1222 3404 1284 3459 et
1301 3401 1725 3477 episcopalium

441 3490 661 3550 veteris
689 3492 980 3550 Ecclesiae
1010 3509 1081 3549 ex
1114 3508 1191 3553 ss.
1225 3489 1485 3550 conciliis
1529 3494 1591 3549 et
1620 3508 1723 3565 pa·

440 3580 642 3639 tribus
675 3583 735 3638 et
766 3580 1018 3638 historia
1049 3578 1451 3639 ecclesiastica
1497 3581 1557 3636 et
1588 3596 1724 3655 geo-

437 3668 684 3745 graphis
745 3669 1011 3744 antiquis
1074 3668 1405 3739 collectam,
1482 3666 1726 3725 Parisiis

450 3769 474 3819 1
494 3767 639 3825 641,
676 3775 825 3831 quae
855 3775 988 3815 cum
1007 3757 1165 3815 notis
1185 3760 1246 3814 et
1265 3755 1725 3815 animadversio-

444 3846 624 3904 nibus
656 3845 848 3903 Lucae
880 3845 1019 3903 Hol
1040 3845 1301 3917 stenii,
1328 3845 1558 3920 quibus
1589 3844 1726 3920 plu-

439 3934 584 3993 rimi
629 3934 888 3992 auctoris
936 3952 1162 3992 errores
1212 3935 1629 4011 corriguntur,·
1667 3936 1729 3993 et

440 4042 580 4083 cum
621 4034 696 4084 10
733 4022 960 4080 tabulis
992 4023 1400 4099 geographicis
1432 4024 1727 4082 Amstelo-

446 4113 605 4171 darni
636 4112 857 4170 iterum
888 4110 1157 4186 prodiit
1142 4130 1205 4169 ιιι
1224 4110 1264 4172 f.
1290 4120 1454 4173 1704
1479 4106 1579 4192 (ιιι.
1605 4110 1728 4211 30).

440 4203 725 4271 ,Primus
776 4200 935 4275 quod
985 4198 1225 4274 quidem
1271 4199 1481 4269 sciam,
1533 4191 1731 4276 inquit

446 4291 646 4366 Dupin
662 4286 740 4368 ¹)
788 4293 1047 4348 veterem
1096 4288 1393 4347 Ecclesiae
1442 4288 1729 4346 africanae

524 4484 560 4545 ¹)
590 4479 654 4531 In
680 4477 955 4531 admonit.
994 4477 1053 4532 in
1098 4476 1355 4532 tabulam
1394 4492 1499 4548 geo
1572 4477 1731 4558 aphi-

443 4566 571 4603 cam
596 4548 833 4604 editioni
851 4549 1052 4630 Optati
1080 4549 1150 4603 de
1181 4496 1482 4603 schismate
1502 4495 1585 4603 {r
1589 4548 1733 4603 nati·

449 4624 663 4674 starum
690 4619 1071 4702 praemissam.
1100 4620 1182 4674 Cf.
1205 4637 1435 4689 quoque
1463 4621 1585 4690 ejus
1605 4637 1733 4691 geo·

448 4692 750 4762 graphiam
771 4707 985 4745 sacram
1004 4692 1063 4745 in
1085 4691 1283 4746 eadem
1306 4691 1611 4762 editionep
1616 4695 1731 4749 ..28

448 4763 724 4831 Loquitur
750 4765 944 4817 autem
970 4762 1166 4833 Dupin
1204 4764 1435 4818 tantum
1460 4763 1529 4818 de
1565 4763 1734 4817 eccle-

448 4833 532 4887 sia
557 4834 824 4900 africana,
851 4834 984 4903 quia
1010 4833 1079 4889 de
1106 4835 1214 4890 hac
1246 4834 1429 4889 solum
1452 4836 1514 4888 in
1541 4834 1734 4889 editio-

1775 2445 1926 2502 opus
1956 2426 2020 2484 in
2060 2436 2134 2490 12
2169 2427 2250 2498 11„
2296 2445 2405 2500 pro
2451 2425 2630 2484 variis
2659 2425 2930 2502 partibus
2963 2443 3058 2483 or-

1776 2516 1870 2573 bis
1903 2515 2225 2574 christiani.

1870 2702 2016 2757 490.
2067 2693 2371 2752 Secundus
2429 2691 2871 2752 Lancilotti
2922 2690 3057 2749 Ord.

1777 2781 1990 2842 Olivet.
2023 2800 2164 2841 suae
2184 2781 2659 2858 congregationis
2674 2777 2720 2862 ¹)
2752 2781 2871 2839 fuit
2888 2799 3058 2856 prae-

1776 2870 2012 2945 positus
2046 2873 2107 2929 et
2129 2871 2309 2929 etiam
2328 2870 2840 2948 historiographus
2853 2869 3061 2928 relicta

1777 2960 2023 3018 historia
2053 2961 2349 3035 olivetum,
2373 2959 2641 3020 Venetiis
2681 2967 2847 3023 1623
2882 2958 2951 3017 ιιι
2984 2967 3058 3027 4.,

1777 3048 1844 3106 ιιι
1864 3067 1982 3122 qua
2011 3047 2296 3107 describit
2314 3050 2444 3125 ejus
2465 3049 2772 3125 originem,
2801 3047 3059 3116 abbates,

1779 3136 2079 3206 coenobia,
2103 3137 2264 3196 viros
2284 3138 2553 3214 egregios
2572 3140 2679 3196 etc.
2701 3170 2788 3178 -
2803 3135 2842 3194 J
2845 3153 3062 3194 oannes

1780 3225 2034 3284 Michael
2064 3225 2195 3285 Pio
2229 3226 2291 3285 Ο.
2327 3225 2381 3283 S.
2405 3227 2569 3287 Dom.
2600 3224 2845 3283 Plodius
2878 3223 3063 3281 latine

1778 3315 2215 3391 agnominatus,
2257 3313 2666 3383 Bononiensis,
2729 3311 3063 3387 theologiae

1780 3403 1986 3473 lector,
2034 3403 2107 3461 ab
2139 3403 2376 3461 Urbano
2408 3402 2564 3462 Vm.
2610 3401 2932 3477 inquisitor
2961 3418 3061 3476 ge-

1779 3492 2000 3550 neralis
2050 3491 2502 3550 mediolanensis
2545 3489 2866 3549 institutus
2912 3486 2973 3567 (†
3016 3507 3062 3546 c.

1792 3576 2007 3661 1644),
2041 3581 2134 3639 vir
2166 3587 2293 3638 erat
2323 3598 2519 3638 rerum
2551 3578 2776 3638 ordinis
2809 3577 3065 3654 diligens

1783 3672 2100 3737 scrutator,
2135 3668 2306 3744 cujus
2339 3667 2685 3744 diligentiae
2712 3670 3066 3743 argumenta

1783 3760 1957 3816 sunt:
2010 3757 2176 3816 Delta
2207 3757 2391 3815 nobile
2433 3776 2462 3815 e
2487 3774 2763 3834 qenerosa
2791 3756 3068 3832 proyem‘e

1782 3848 1873 3906 del
1903 3847 1968 3904 P.
2002 3846 2064 3904 S.
2102 3846 2407 3905 Domenico
2451 3848 2516 3904 in
2547 3845 2725 3904 Italia
2755 3846 2820 3908 ll.
2856 3853 2912 3915 2,
2960 3863 3067 3905 ove

1783 3936 1835 3995 si
1865 3938 2052 3994 tratta
2082 3934 2239 3993 delle
2259 3934 2588 3993 fondationi
2609 3935 2751 3993 delli
2783 3935 3067 3994 conventi

1782 4045 1814 4084 e
1847 4024 2163 4083 monasteri
2193 4024 2329 4082 dell'
2348 4024 2552 4082 ordine
2585 4022 2672 4083 de'
2706 4024 3067 4083 Predicatori

1782 4115 1961 4173 eretti
2010 4113 2075 4171 in
2123 4113 2299 4172 Italia
2346 4114 2444 4171 nel
2493 4116 2694 4188 tempo
2743 4114 2848 4171 che
2911 4112 3067 4169 visse

1784 4208 1999 4278 questo
2020 4206 2218 4261 santo:
2251 4204 2302 4261 si
2321 4203 2601 4280 spiegano
2623 4202 2676 4260 le
2695 4202 2817 4259 vite
2837 4200 2899 4258 di
2920 4200 3068 4258 tutti

1784 4424 1855 4461 ne
1876 4423 2110 4476 operum
2126 4406 2323 4476 Optati
2340 4406 2610 4460 sollicitus
2631 4405 2775 4464 erat;
2794 4403 2881 4456 ita
2897 4401 3067 4456 etiam

1786 4478 1912 4533 Nic.
1930 4478 2163 4543 Sanson,
2184 4479 2341 4547 cujus
2362 4493 2493 4530 mox
2513 4474 2699 4529 verbis
2716 4474 2916 4527 utitur.
2940 4473 3067 4526 Bre-

1784 4567 1911 4605 vem
1952 4549 2137 4618 operis
2181 4547 2615 4616 descriptionem
2657 4546 2727 4598 ef.
2771 4545 2830 4597 in
2870 4547 3068 4598 Biblio-

1787 4624 1970 4691 theque
1990 4624 2178 4675 choisie
2205 4620 2270 4684 II,
2299 4623 2420 4675 311.

1867 4697 1903 4763 ¹)
1921 4690 2228 4745 Historiam
2246 4689 2500 4742 ordinum
2521 4687 2879 4741 illustrarunt
2894 4685 3068 4739 etiam

1787 4764 1876 4819 Jo.
1892 4781 1924 4817 a
1946 4779 1987 4818 s.
2009 4760 2216 4816 'Prini
2235 4763 2388 4813 tate
2414 4761 2473 4813 et
2489 4760 2609 4811 Art.
2629 4757 3069 4823 Monasterio,

1789 4833 1859 4888 de
1887 4833 2095 4903 quibus
2122 4848 2252 4887 mox
2279 4831 2514 4902 egimus.
