3625 5193
360 253 474 306 557

916 233 1170 288 Historia
1195 233 1348 287 miss.
1371 232 1568 297 Jarric,
1596 231 1872 300 Guzman,
1900 230 2176 301 GodignO,
2204 230 2411 287 Maffei.

2847 248 2970 303 558

364 429 545 489 1602,
562 419 702 479 dein
716 420 954 496 saepius
973 423 1199 480 auctus.
1221 419 1356 478 Alia
1372 418 1633 494 ejusdem
1692 437 1851 477 nuus
1882 418 2290 477 missionarius
2342 414 2401 499 (†
2436 426 2535 479 30.
2568 416 2724 493 Aug.
2763 428 2786 478 1
2805 416 2975 491 612).

354 510 644 586 opuscula
706 512 850 567 sunt
897 509 1173 578 ascetica3
1237 509 1412 583 plura
1460 526 1637 583 opera
1692 506 2052 565 Prodierunt
2072 508 2289 567 Romae
2318 515 2634 569 1601—8.
2654 539 2742 549 ——
2761 506 2976 564 Contra

354 600 596 658 collecta
609 597 977 674 prodierunt,
994 596 1222 657 Matriti
1243 606 1427 665 1595;
1455 606 1633 661 1868.
1691 595 1838 655 Lud.
1867 595 1940 654 de
1970 596 2178 654 Urreta
2195 595 2501 654 historiam
2529 595 2770 670 scripsit
2800 596 2974 656 Nico-

354 720 439 730 —-
487 687 887 762 Hieronymus
947 686 995 744 P
1010 687 1080 745 ol
1095 686 1150 744 li
1166 705 1206 745 n
1220 687 1242 744 i
1293 686 1356 747 Ο.
1407 685 1634 755 Ρ188ᾶ.,
1692 685 1822 743 18118
1854 685 1903 743 G
1918 703 1952 744 o
1968 685 2004 743 d
2022 686 2041 743 i
2056 705 2096 762 g
2109 706 2152 744 n
2164 703 2198 744 o
2230 683 2549 765 (Godinho)
2565 685 2619 743 S.
2638 684 2693 742 J.
2716 685 2975 761 Olisipo-

354 776 747 845 Florentinus,
811 775 1050 850 scripsit
1111 776 1377 834 Historia
1447 775 1636 833 Eccle-

352 868 586 924 siastico
633 864 790 923 della
819 864 1188 924 revoluzione
1218 863 1639 941 d'Inghilterra

354 954 546 1013 divisa
594 954 658 1012 in
702 953 760 1011 ll.
810 964 867 1023 4,
919 954 1009 1012 ne'
1029 954 1192 1028 quali
1242 954 1294 1012 si
1343 957 1528 1011 t-ratta
1575 951 1638 1010 di

353 1045 552 1119 quello
586 1043 676 1102 ch'
697 1047 729 1101 ὸ
760 1045 1057 1102 avvenuto
1089 1044 1151 1101 in
1174 1042 1355 1117 quell'
1372 1042 1538 1112 isola,
1563 1040 1638 1099 da

353 1133 456 1191 che
487 1132 706 1210 Arrige
738 1131 896 1189 VIII.
928 1133 1212 1190 comincio
1244 1151 1279 1189 a
1309 1149 1554 1207 pensare
1574 1129 1637 1187 di

354 1221 637 1298 repudiat
668 1220 940 1279 caterina
988 1239 1094 1279 sua
1126 1219 1393 1297 legitima
1424 1220 1638 1295 moglie

351 1311 548 1370 insino
581 1329 615 1369 a
645 1310 843 1384 questi
874 1309 1076 1368 ultimi
1109 1309 1252 1368 anni
1285 1309 1344 1366 di
1364 1308 1641 1367 Lizabeta

353 1399 568 1457 ultima
600 1416 707 1457 sua
738 1398 1022 1475 figliuola‚
1057 1399 1267 1458 Romae
1307 1406 1472 1460 1594
1494 1397 1560 1454 in
1581 1407 1636 1458 4.

447 1583 592 1639 238.
626 1577 839 1635 Petrus
872 1575 955 1634 du
985 1574 1242 1634 Jarric
1291 1575 1347 1633 S.
1380 1575 1433 1633 J.
1467 1574 1637 1633 Tolo-

357 1683 555 1735 sanus,
589 1664 920 1741 theologiae
940 1663 1238 1739 professor
1270 1659 1329 1747 (†
1358 1674 1519 1727 1617
1546 1664 1640 1722 vel

363 1749 558 1836 1618)
600 1772 668 1812 ex
700 1753 1201 1834 missionariorum
1235 1754 1295 1811 in
1326 1753 1537 1828 primis
1567 1753 1638 1809 li-

355 1842 501 1901 teris
549 1842 792 1918 collegit
837 1841 1094 1900 Histoire
1138 1843 1237 1900 des
1278 1843 1469 1901 choses
1504 1843 1642 1917 plus

357 1932 724 1990 memorables
733 1931 1014 1990 advenues
1025 1933 1160 1989 tant
1170 1950 1242 1989 en
1255 1929 1429 1989 Indes
1443 1929 1641 1988 Orien-

355 2020 504 2079 tales
536 2039 652 2095 que
684 2024 886 2081 autres
919 2029 1048 2094 pais
1069 2021 1142 2078 de
1172 2019 1229 2078 la
1259 2020 1641 2078 descouverte

357 2109 457 2168 des
473 2109 789 2185 Portugais
803 2129 878 2169 en
898 2108 1416 2168 l'establissement
1432 2111 1492 2166 et
1504 2125 1639 2183 pro·

357 2218 491 2275 grez
540 2197 612 2256 de
644 2199 703 2256 la
732 2198 832 2275 foy
864 2199 1245 2257 Chrestienne
1291 2199 1351 2256 et
1382 2196 1639 2255 Catholi-

358 2305 490 2364 que‚
508 2290 571 2345 et
593 2287 1087 2363 principalement
1117 2287 1189 2344 de
1209 2305 1273 2345 ce
1294 2304 1410 2361 que
1428 2285 1510 2343 les
1529 2285 1639 2343 Re·

359 2375 584 2452 ligieux
617 2376 689 2434 de
722 2378 779 2435 la
811 2376 1165 2452 Compagnie
1186 2376 1258 2433 de
1277 2375 1316 2433 J
1318 2378 1453 2433 esus
1475 2395 1514 2450 y
1537 2376 1642 2434 ont

358 2464 504 2523 faict
534 2468 597 2523 et
626 2465 851 2523 endure
895 2484 1046 2541 pour
1084 2464 1141 2522 la
1171 2482 1392 2522 mesme
1427 2463 1509 2523 fin
1540 2462 1640 2520 de·

359 2555 496 2631 puis
526 2554 759 2631 qu’ilsy
777 2557 914 2614 sont
940 2557 1140 2614 entrez
1162 2554 1415 2629 jusques
1449 2558 1483 2611 a
1513 2552 1549 2611 l'
1567 2571 1642 2610 an

365 2654 554 2712 1600,
605 2643 964 2719 Burdigalae
1023 2651 1455 2706 1608—1614
1507 2645 1550 2701 t.
1605 2652 1640 2704 3

358 2732 422 2791 in
455 2742 512 2794 4.
549 2727 924 2814 (continuata
941 2751 1129 2807 usque
1149 2732 1222 2790 ad
1244 2751 1294 2791 a.
1322 2742 1348 2793 1
1365 2726 1534 2811 610).
1557 2765 1645 2773 -—-

358 2821 492 2879 Non
523 2820 814 2879 dissimile
846 2825 937 2880 est
968 2839 1119 2896 opus
1153 2820 1438 2879 Ludovici
1470 2821 1640 2878 Guz-

357 2906 587 2990 188111)
623 2909 678 2967 S.
712 2909 768 2969 J.
813 2910 1065 2985 Hispani
1097 2909 1214 2967 viri
1248 2907 1644 2968 solidissimae

357 2998 607 3057 virtutis
639 2996 700 3078 (†
741 3009 838 3060 10.
860 2999 990 3057 Jan.
1035 2994 1246 3078 1605),
1281 2998 1387 3072 qui
1418 2997 1642 3056 anima-

357 3107 493 3145 rum
525 3087 721 3146 salute
752 3087 1051 3157 incensae,
1104 3091 1174 3146 ut
1223 3087 1429 3144 saltem
1464 3104 1641 3160 quos-

357 3176 494 3235 dam
526 3177 812 3235 excitaret
843 3177 916 3235 ad
952 3175 1296 3235 ambiendas
1316 3175 1640 3243 missiones,

358 3283 506 3340 quas
520 3283 826 3340 nunquam
839 3266 1156 3340 impetrare
1189 3267 1486 3339 potuerat,
1510 3282 1644 3322 con-

1690 775 1894 833 nensis
1915 770 1978 856 (†
1997 784 2052 837 ¹7.
2073 776 2207 833 Dec.
2235 770 2426 854 1606)
2453 774 2522 832 de
2552 773 2977 833 Aba-asinorum

1691 864 1874 933 rebus,
1953 863 2145 939 deque
2206 863 2550 939 Aethiopiae
2625 863 2977 938 patriarchis

1692 953 1731 1011 J
1732 972 1782 1012 o.
1800 953 1996 1012 Nouio
2011 953 2255 1011 Barreto
2272 955 2333 1011 et
2351 952 2585 1011 Andrea
2601 951 2821 1012 Oviedo
2833 952 2895 1010 ll.
2917 962 2972 1022 3,

1691 1042 1989 1119 Lugduni,
2024 1060 2142 1117 quo
2172 1042 2235 1099 in
2268 1060 2358 1116 op.
2378 1041 2551 1116 plura
2567 1041 2730 1099 illius
2753 1045 2979 1099 asserta

1695 1130 1954 1207 corrigit.
1971 1165 2023 1172 —
2042 1131 2083 1189 J
2084 1148 2303 1190 oannes
2318 1131 2530 1189 Petrus
2564 1132 2621 1187 M
2638 1149 2672 1188 a
2686 1130 2752 1187 ff
2763 1149 2794 1188 e
2811 1129 2830 1186 i
2848 1133 2901 1190 S.
2919 1131 2974 1190 J.

1693 1222 2012 1296 Bergomas
2046 1238 2101 1281 n.
2148 1227 2328 1288 1535,
2383 1220 2550 1293 prius
2601 1220 2977 1293 eloquentiae

1693 1309 1990 1384 professor
2021 1314 2081 1367 et
2110 1308 2469 1383 reipublicae
2501 1306 2790 1385 genuensi
2821 1326 2854 1365 a
2886 1327 2977 1366 se-

1695 1398 1896 1468 018118,
1931 1397 2153 1457 mundo
2185 1397 2389 1456 relicto
2422 1397 2726 1473 ingressus
2759 1398 2852 1454 est
2884 1415 2977 1455 so·

1695 1487 1967 1545 cietatem
1998 1486 2147 1546 Jesu
2179 1505 2228 1544 a.
2268 1495 2451 1549 1565.
2498 1487 2568 1543 In
2602 1485 2851 1562 collegio
2882 1504 2977 1544 ro-

1695 1593 1871 1635 mano
1933 1576 2334 1651 eloquentiam
2364 1593 2581 1651 magno
2626 1574 2837 1649 plausu
2886 1576 2980 1632 est

1696 1664 1993 1739 professus
2026 1659 2088 1747 (†
2130 1662 2340 1740 1603).
2402 1665 2621 1723 Rerum
2653 1683 2692 1722 a
2721 1665 2982 1721 societate

1695 1753 1841 1811 Jesu
1890 1755 1951 1812 in
1989 1753 2217 1811 Oriente
2260 1760 2555 1831 qestarum
2600 1753 2680 1810 ad
2711 1771 2765 1810 a.
2802 1754 2977 1811 1568
3084 1821 3089 1826 .

1695 1845 2166 1901 commentar-ium
2234 1843 2357 1900 Em.
2410 1862 2444 1900 a
2493 1842 2764 1900 Costae
2815 1841 2870 1900 S.
2921 1841 2976 1899 J.

1696 1932 1967 1990 Lusitani
1997 1927 2060 2014 (†
2082 1941 2179 1993 25.
2200 1931 2367 1990 Febr.
2406 1926 2601 2010 1604)
2634 1931 2980 2005 recognovit

1696 2024 1757 2079 et
1786 2020 2079 2078 latinitate
2111 2020 2370 2081 donavit.
2433 2024 2741 2077 Accessere
2773 2018 2845 2075 de
2877 2019 2978 2076 Ja-

1696 2109 1927 2183 ponicis
1957 2108 2134 2166 rebus
2167 2127 2259 2183 ep.
2290 2109 2354 2169 11.
2388 2108 2464 2165 IV
2498 2107 2715 2182 pariter
2745 2108 2809 2165 in
2839 2107 2979 2165 lati-

1696 2216 1840 2255 num
1874 2196 2159 2265 conversi,
2210 2196 2479 2272 Dilingae
2519 2203 2674 2258 1571
2703 2217 2714 2265 ;
2767 2199 2979 2254 auctus

1696 2286 1918 2360 prodiit
1948 2284 2185 2345 Parisiis
2223 2294 2407 2354 1572,
2458 2303 2630 2359 quem
2661 2285 2885 2359 recepit
2915 2284 2978 2341 in

1697 2375 1890 2449 majus
1951 2392 2101 2450 opus
2178 2374 2578 2432 Historiarum
2644 2375 2977 2430 indicarum

1697 2465 1753 2525 u.
1785 2463 1964 2536 XVI,
1997 2463 2217 2538 quibus
2251 2463 2466 2538 adjecit
2496 2481 2584 2538 ep.
2616 2462 2677 2519 ll.
2700 2461 2781 2521 IV
2812 2464 2873 2520 et
2888 2461 2976 2521 vi-

1699 2557 1818 2612 tam
1866 2552 2085 2630 Ignatii
2125 2552 2378 2628 Loyolae
2425 2547 2602 2634 (quae
2645 2552 2771 2627 jam
2803 2553 2978 2610 antea

1697 2642 1998 2719 prodierat
2044 2643 2259 2701 Romae
2295 2650 2461 2704 1585
2514 2642 2576 2699 in
2608 2642 2664 2712 f„
2715 2640 2979 2699 Venetiis

1708 2740 1871 2794 1585
1939 2727 2094 2813 etc),
2159 2731 2490 2789 Florentiae
2558 2740 2720 2794 1588
2784 2730 2848 2788 in
2909 2729 2977 2797 f.;

1700 2820 1972 2897 Lugduni
2018 2829 2216 2891 15893
2250 2820 2524 2879 Coloniae
2552 2829 2750 2889 1589;
2799 2828 2976 2889 15903

1708 2919 1906 2979 15933
1971 2909 2235 2967 Viennae
2303 2907 2584 2968 Austriae
2651 2916 2817 2970 1752
2870 2910 2979 2966 etc.

1701 2998 1791 3056 Ad
1853 2999 1964 3055 hoc
2023 3015 2174 3072 opus
2208 2998 2279 3056 de
2353 2998 2532 3056 rebus
2578 2997 2791 3055 indicis
2841 3014 2979 3055 con-

1699 3085 2062 3145 cinnandum
2084 3086 2159 3146 ab
2178 3087 2434 3144 Hem-ico
2467 3086 2620 3144 card.
2653 3086 2717 3143 in
2748 3085 2981 3144 Lusita-

1699 3176 1860 3233 niam
1906 3175 2023 3232 fuit
2066 3175 2308 3246 accitus,
2360 3178 2432 3233 ut
2476 3173 2759 3233 subsidiis
2792 3174 2981 3231 archi-

1699 3284 1908 3324 vorum
1934 3264 2267 3339 juvaretur.
2315 3264 2640 3338 Confhssori
2669 3264 2732 3320 di
2767 3263 2979 3336 Cristo,

358 3353 601 3430 scripsit
641 3354 908 3412 Historia
953 3355 1022 3412 de
1065 3355 1154 3412 las
1201 3356 1499 3412 missiones
1527 3370 1644 3427 que
1701 3352 1947 3411 Taurini
1982 3362 2143 3418 1826
2168 3356 2209 3409 t.
2236 3363 2271 3413 4
2305 3352 2369 3410 in
2400 3363 2508 3422 163
2549 3351 2979 3420 1883;Romae

358 3444 475 3501 ban
524 3442 711 3501 hecho
761 3444 850 3501 los
899 3443 1209 3519 religiosos
1261 3442 1331 3500 de
1378 3443 1434 3499 la
1479 3441 1644 3500 Gom·
1713 3451 1907 3512 18433
1946 3450 2130 3504 1845.
2195 3442 2383 3515 Opera
2425 3440 2610 3499 latine
2651 3440 2982 3514 conscripta

358 3532 536 3608 pafiia
568 3531 640 3589 de
669 3532 850 3590 Jesus
895 3550 1037 3606 para
1080 3531 1349 3605 predicar
1388 3532 1442 3589 el
1475 3533 1645 3588 santo
1700 3530 2051 3606 prodierunt
2065 3528 2306 3588 collecta
2322 3528 2780 3605 Bergomi1747
2802 3534 2843 3586 t.
2865 3530 2980 3589 2in

358 3620 681 3697 Evangelio
713 3638 788 3678 en
820 3621 877 3678 18
909 3620 1077 3677 India
1096 3620 1358 3678 Oriental
1390 3639 1427 3695 y
1462 3639 1537 3678 en
1555 3620 1645 3678 los
1705 3631 1776 3689 4.,
1795 3618 1891 3677 cui
1907 3618 2437 3692 edpraemissaest
2451 3620 2581 3692 ejus
2600 3618 2723 3675 vita
2742 3619 2982 3676 auctore

359 3710 595 3785 Reynos
628 3709 701 3768 de
733 3709 790 3767 la
821 3708 1006 3767 China
1034 3728 1074 3784 y
1105 3707 1315 3784 Japon‚
1350 3708 1645 3783 compluti
1701 3709 1762 3765 P.
1812 3710 1881 3765 A.
1933 3708 2251 3768 Sei-assi.
2316 3706 2450 3766 Vita
2498 3705 2764 3782 Gregorii
2824 3704 2981 3763 XIII.

368 3808 526 3860 1601
558 3802 600 3856 t.
627 3807 660 3859 2
687 3799 750 3856 in
770 3797 826 3867 f.,
857 3816 1008 3872 opus
1027 3816 1333 3872 perrarum
1353 3794 1453 3878 (m.
1476 3793 1645 3877 200).
1701 3797 1898 3856 italice
1946 3797 2166 3871 scripta
2214 3795 2453 3853 nonnisi
2516 3795 2623 3853 diu
2671 3798 2804 3869 post
2853 3796 2982 3869 ejus

357 3919 446 3932 --
481 3886 778 3955 Quaedam
824 3904 931 3960 pro
981 3885 1225 3944 historia
1255 3886 1648 3944 ecclesiastica
1701 3889 1953 3944 mortem
2017 3886 2230 3944 Romae
2290 3884 2515 3960 prodiit
2563 3905 2611 3941 a.
2670 3891 2832 3947 1742
2888 3885 2981 3941 in-

359 3975 399 4034 J
401 3975 649 4051 aponiae
699 3974 1046 4033 referuntur
1090 3975 1155 4032 in
1198 3975 1412 4032 annuis
1457 3975 1648 4033 literis
1702 3976 1916 4050 scripta
1947 3976 2094 4051 deyli
2141 3975 2345 4032 annali
2390 3976 2454 4033 di
2491 3974 2772 4051 Greqorio
2803 3972 2982 4032 XIII.

362 4058 881 4143 (1598-1606),
936 4082 1082 4138 quas
1114 4064 1353 4137 scripsit
1387 4064 1647 4122 Francis·
1702 4067 1746 4123 t.
1782 4072 1839 4126 2.
1870 4063 2085 4122 Jussus
2120 4067 2246 4122 erat
2276 4063 2644 4122 conscribere
2660 4062 2815 4121 vitas
2829 4080 2983 4137 pon-

360 4171 465 4211 cus
514 4152 797 4212 Pasius
845 4151 898 4209 S.
932 4152 988 4213 J.
1041 4152 1446 4223 Bononiensis,
1495 4155 1645 4210 stre·
1689 4153 1933 4210 tificum
1964 4156 2101 4227 post
2133 4153 2482 4229 Gregorium
2515 4151 2672 4220 XIII,
2716 4151 2817 4210 sed
2849 4169 2983 4225 per-

1704 4241 1845 4300 fecit
1888 4245 2127 4300 tantum
2160 4242 2220 4302 ll.
2258 4252 2292 4304 3
2341 4241 2567 4316 priores
2617 4241 2688 4298 de
2721 4241 2882 4298 Sixto
2917 4239 2983 4310 V,

363 4426 404 4480 P
441 4356 778 4481 thliusGab
823 4372 887 4409 eo
932 4358 1018 4497 εᾶὺ
1031 4356 1315 4483 Ιὲἓιόιιειῌε
1334 4356 1648 4480 ,εξΓεοᾱειΙίε
1703 4330 2193 4477 ἓῖἱεέϊὲθῖῗτέηῒ
2223 4328 2494 4477 :²150ng
2505 4349 2518 4386 :
2544 4329 2982 4488 Εζέῗίοῧὶαέἕὲη

420 4444 451 4481 θ
506 4444 632 4480 rus
724 4443 932 4479 uzman
1195 4468 1208 4491 ‚
1288 4444 1351 4480 ul
1454 4443 1648 4481 urse·
1877 4439 1904 4475 C
2126 4439 2188 4476 re
2316 4439 2337 4475 2
2406 4466 2421 4481 .
2585 4446 2591 4453 '
2673 4438 2692 4475 ὓ
2784 4464 2797 4477 .
2960 4448 2983 4459 “

360 4498 508 4553 lini
535 4498 837 4553 hiflwriflm
865 4497 933 4550 ‘³⁰
949 4430 1650 4569 missionibgainsaponia
1703 4438 2573 4583 tificatumcomplgrifflergomi
2592 4517 2613 4567 1
2634 4514 2776 4568 746.
2793 4504 2987 4580 Opera

360 4568 1648 4709 ἓῇξὲἒθέῗἒζῖἓὲᾒθξξΙίὲῧξοωέἓυζθῗῗοῇζ
1704 4597 1834 4671 ejus
1875 4597 2362 4655 commendantur
2399 4596 2464 4654 in
2506 4595 2711 4671 primis
2757 4615 2792 4652 a
2824 4594 2985 4665 stilo,

362 4715 450 4766 est
474 4716 663 4766 Bienes
689 4715 755 4765 de
780 4713 825 4765 el
847 4714 1060 4765 honesto
1085 4715 1289 4779 trobaje
1313 4729 1350 4780 y
1376 4712 1551 4766 danos
1579 4711 1647 4764 de
1704 4685 1809 4758 qni
1841 4688 1932 4744 est
1964 4686 2140 4760 ΡῙΒΠΘ
2173 4684 2453 4744 classicus
2472 4684 2595 4743 Sive
2614 4684 2844 4744 latinus
2864 4685 2988 4742 Sive

360 4783 420 4836 la
445 4782 752 4848 ociosidad,
782 4780 1000 4834 Mati-iti
1026 4786 1184 4838 1614.
1705 4773 1906 4843 italus,
1926 4774 2064 4833 hinc
2095 4772 2440 4832 melioribus
2474 4773 2568 4830 sui
2589 4774 2717 4831 aevi
2737 4771 2987 4846 scripto-
