3625 5193
1489 209 1784 278 Cellotius,
1812 211 2028 279 Bauny.

453 237 614 291 1185
2901 228 3064 283 1186

441 405 633 464 voluit
664 405 846 461 latere
867 400 978 459 sub
999 399 1237 458 nomine
1257 398 1347 456 ab.
1369 398 1441 456 de
1461 393 1724 479 Boisic)
1784 397 1980 455 missis
2032 396 2271 455 Nicolao
2320 397 2692 455 Perrault
2752 393 2814 477 (†
2870 394 3066 479 1661)

440 493 776 554 Ludovicus
795 491 882 549 Ce
899 490 918 546 l
937 490 956 546 l
973 492 1049 548 ot
1066 488 1189 546 ius
1227 487 1281 545 S.
1302 487 1356 545 J.
1380 486 1726 546 Parisiensis
1774 485 2122 561 jansenista,
2156 487 2262 560 qui
2294 485 2357 543 in
2381 504 2472 561 op.
2494 487 2807 561 posthumo
2827 489 2922 546 La
2943 489 3067 547 Μο-

442 582 502 665 (†
538 593 637 646 20.
673 582 795 640 Oct.
838 587 1003 642 1658
1051 598 1099 636 a.
1132 577 1340 635 aetatis
1378 575 1482 653 70)
1528 578 1591 633 in
1632 594 1723 651 op.
1781 577 1906 633 ναῖε
1949 576 2049 634 des
2081 575 2345 650 Jesuites,
2398 575 2566 633 Mons
2607 585 2791 644 1667,
2841 578 3067 637 sodales

437 676 507 731 de
537 671 867 729 hierarchia
899 675 950 726 et
979 667 1300 725 hierarchis
1331 666 1391 723 ll.
1418 675 1472 734 9,
1507 665 1569 723 in
1590 665 1723 740 qui·
1784 664 2091 723 societatis
2122 664 2270 723 Jesu
2316 664 2548 723 laxismi
2595 665 2794 740 turpis
2827 673 3068 727 accusat

436 765 552 820 bus
614 758 1018 836 pulcherrima
1078 755 1464 830 dispositione
1522 771 1724 813 omnes
1782 753 1926 812 adeo
1957 757 2027 811 ut
2058 753 2154 811 vel
2183 754 2436 812 facultas
2473 753 2807 831 theologica
2838 759 2899 816 et
2931 777 3064 833 par·

440 848 788 910 hierarchici
835 846 1057 924 gradus
1091 847 1152 904 et
1196 843 1451 912 ordines,
1504 844 1724 919 episco-
1781 843 2106 902 lamentum
2121 842 2441 918 parisiense
2458 842 2678 902 librum
2695 846 3070 920 reprobarint

441 940 589 1016 palis
637 937 1044 1014 principatum,
1111 932 1401 992 clericalis
1441 932 1721 1009 dignitas,
1784 928 1882 1015 (cf.
1916 934 2088 992 Feret
2121 932 2224 1002 ΙΙΙ,
2263 941 2378 995 371
2412 927 2513 1012 ss.)
2556 966 2644 978 —
2691 933 2861 998 Joan.
2909 939 3066 994 Ana-

445 1027 715 1104 religiosa
765 1025 1052 1085 sanctitas
1102 1022 1428 1081 secundum
1485 1028 1722 1097 patrum

448 1117 789 1185 doctrinam,
823 1114 1059 1173 decreta
1090 1112 1490 1182 conciliorum,
1526 1110 1721 1169 Eccle-

446 1207 562 1264 siae
606 1206 758 1264 ritus
802 1206 863 1262 et
906 1220 1099 1261 mores
1144 1201 1270 1260 sine
1305 1201 1476 1275 justa
1521 1202 1723 1275 cujus-

443 1314 619 1370 quam
672 1292 993 1353 offensione
1038 1290 1441 1367 explicantur,
1506 1289 1724 1348 Rotho-

442 1385 597 1461 magi
632 1384 695 1440 in
726 1383 783 1451 f.,
832 1381 989 1456 quod
1021 1383 1219 1438 tamen
1264 1379 1595 1438 multorum
1630 1379 1722 1436 in-

382 1537 385 1538 .
442 1473 632 1532 currit
677 1471 1072 1538 offensionem,
1119 1469 1277 1527 unde
1325 1467 1552 1538 ,donec
1599 1487 1725 1527 cor-

443 1559 1100 1637 rigatur‘prohibitum
1120 1557 1237 1616 fuit
1261 1556 1722 1621 20.Nov.1641.

446 1651 742 1709 Sorbonae
790 1666 1096 1707 censuram
1111 1642 1157 1728 ¹)
1209 1646 1399 1705 evasit
1454 1649 1724 1722 porrecto

443 1739 876 1798 retractationis
928 1737 1147 1811 scripto
1198 1745 1297 1797 22.
1343 1736 1487 1809 Maii
1543 1745 1724 1798 1641.

444 1815 1246 1886 Retractationis'historiam
1265 1824 1502 1884 exhibet
1533 1827 1596 1883 in
1624 1826 1724 1882 ho-

446 1936 651 1976 rarum
666 1917 1084 1976 subcisivarum
1097 1912 1133 1974 l.
1146 1916 1441 1991 sinqulari
1449 1913 1522 1972 ad
1542 1932 1724 1972 veram

448 2007 510 2065 ll.
555 2006 625 2063 de
673 2004 999 2065 hierarchia
1047 2002 1447 2062 ecclesiastica
1495 2002 1726 2060 intelli-

442 2095 726 2172 gentiam,
744 2094 982 2153 Parisiis
1007 2104 1029 2154 1
1044 2102 1078 2154 6
1090 2100 1168 2156 48
1185 2091 1248 2149 in
1267 2100 1320 2155 8.
1340 2090 1541 2150 Edidit
1556 2109 1725 2165 prae-

440 2181 666 2263 terea2)
728 2185 1030 2242 historiam
1083 2181 1494 2239 Gotteschalchi
1543 2198 1725 2253 prae·

441 2274 817 2332 destinationi
847 2275 908 2330 et
939 2275 1270 2329 accuratam
1290 2269 1726 2328 controversiae

439 2382 546 2439 per
595 2381 730 2421 eum
778 2362 1082 2420 revocatae
1144 2359 1608 2434 disputationem
1663 2359 1725 2415 in

441 2452 500 2510 ll.
538 2462 569 2513 5
605 2451 963 2519 distinctam,
998 2448 1218 2524 quibus
1251 2446 1474 2507 accedit
1504 2465 1724 2523 appen-

440 2541 535 2599 dix
582 2540 953 2600 miscellanea
998 2558 1065 2599 ex
1112 2537 1414 2615 opusculis
1460 2536 1723 2596 nondum

442 2630 614 2690 editis
647 2631 897 2705 aliisque
929 2629 1287 2688 tractatibus
1316 2627 1597 2686 historiae
1630 2627 1723 2684 lu-

442 2737 565 2778 cem
611 2720 878 2778 allaturis
926 2719 1188 2786 collecta,
1240 2717 1322 2780 ib.
1377 2727 1538 2779 1655
1593 2717 1653 2775 in
1688 2717 1722 2773 f.

441 2808 808 2884 Opusculum
860 2810 1139 2882 quartum
1202 2805 1381 2881 hujus
1440 2806 1722 2882 appendi-

441 2899 522 2956 cis
552 2898 624 2955 de
656 2898 845 2956 libero
879 2896 1125 2954 arbitrio
1172 2895 1540 2969 prohibitum
1573 2895 1720 2971 legi-

440 2992 543 3045 tur
574 2987 726 3045 decr.
765 2995 821 3048 3.
852 2987 993 3060 Apr.
1036 2995 1107 3045 17
1120 2993 1220 3047 31.
1258 2983 1576 3041 Concilium
1609 2984 1721 3040 du-

438 3078 695 3134 ziacenee
746 3069 1000 3156 (Douzy)
1055 3072 1311 3147 primurn
1361 3070 1719 3130 celebratum

1782 1023 1970 1081 stasio
2000 1023 2072 1081 de
2100 1025 2355 1081 Arana
2384 1018 3067 1106 O.Carm.(†1663)—-

1781 1111 2125 1172 ediderunt:
2193 1112 2528 1187 Stephanus
2592 1112 2858 1190 Bauny
2909 1115 2961 1172 S.
3013 1116 3068 1173 J.

1781 1202 2130 1277 Campanus,
2154 1200 2549 1270 Mesomensis,
2585 1199 2692 1276 qui
2712 1202 2863 1260 hanc
2893 1203 3068 1262 disci·

1780 1291 2007 1366 plinam
2042 1310 2091 1349 a.
2132 1300 2208 1353 16
2244 1290 2465 1359 docuit,
2502 1290 2594 1347 vir
2621 1291 2899 1366 antiquae
2930 1312 3066 1369 pro·

1782 1380 1990 1438 bitatis
2024 1383 2085 1438 et
2130 1378 2449 1456 singularis
2496 1378 2648 1437 circa
2694 1382 3069 1454 quaestiones

1783 1486 1985 1527 omnes
2018 1469 2089 1528 de
2137 1468 2499 1528 conscientia
2544 1467 2918 1540 eruditionis,
2968 1470 3068 1529 sed

1781 1558 1919 1633 plus
1955 1577 2140 1632 aequo
2173 1558 2468 1635 benignus
2503 1553 2563 1638 (†
2599 1566 2653 1620 3.
2681 1558 2814 1617 Dec.
2857 1556 3069 1640 1649).

1781 1647 2011 1705 Prodiit
2055 1648 2184 1723 ejus
2219 1647 2443 1706 Somme
2486 1649 2585 1704 des
2619 1647 2825 1719 pachae
2869 1652 2967 1725 qui
3011 1668 3070 1707 se

1780 1744 2130 1795 commouent
2161 1756 2228 1794 en
2259 1744 2385 1795 tous
2425 1743 2581 1806 etats,
2628 1735 2700 1793 de
2736 1737 2893 1795 leurs
2926 1757 3067 1798 con·

1782 1824 2007 1884 ditions
2028 1829 2088 1884 et
2111 1826 2387 1901 qualiteS,
2411 1845 2485 1884 en
2507 1825 2735 1901 quelles
2755 1845 3068 1886 occurren·

1782 1932 1878 1972 ces
1911 1914 1981 1973 ils
2013 1920 2150 1974 sont
2193 1916 2436 1973 mortels
2481 1933 2558 1974 ou
2601 1915 2839 1986 veniels,
2888 1920 2949 1975 et
2992 1936 3068 1976 en

1782 2004 1981 2076 quelle
2027 2005 2196 2080 facon
2228 2004 2282 2061 le
2328 2004 2667 2062 confesseur
2712 2004 2839 2063 doit
2884 2007 3071 2065 inter-

1780 2110 1956 2167 roger
1987 2111 2094 2150 son
2127 2089 2480 2172 penitentl),
2520 2093 2763 2151 Parisiis
2804 2104 2968 2157 1639
3005 2096 3067 2152 in

1785 2189 1860 2249 8.,
1892 2190 2088 2251 1633;
2119 2190 2283 2244 1639
2310 2177 2533 2264 (ed.5.)
2556 2184 2663 2240 etc.
2697 2182 2893 2257 Hujus
2914 2202 3071 2242 com·

1783 2269 2066 2344 pendium
2097 2270 2322 2345 prodiit
2341 2265 2610 2349 (gallice)
2653 2279 2835 2333 1639.
2869 2271 3067 2330 Prati-

1782 2378 1889 2435 que
1934 2360 2014 2417 du
2057 2361 2212 2418 droit
2255 2363 2570 2436 canonique
2617 2379 2696 2418 au
2738 2379 3070 2436 gouverne-

1781 2453 1949 2506 ment
1980 2448 2050 2506 de
2071 2449 2329 2525 l’Eglise,
2366 2446 2690 2510 correction
2711 2449 2812 2507 des
2834 2469 3069 2510 moeurs

1781 2541 1844 2595 et
1876 2537 2268 2598 distribution
2316 2537 2418 2596 des
2464 2539 2781 2609 beneficos3
2834 2539 2887 2600 le
2933 2543 3070 2600 tout

1780 2647 1857 2685 au
1890 2630 2045 2705 style
2091 2632 2152 2687 et
2195 2646 2378 2705 usage
2424 2628 2495 2686 de
2541 2629 2778 2698 France,
2828 2649 2969 2689 avec
3014 2631 3072 2688 la

1781 2717 2043 2777 decision
2075 2719 2177 2776 des
2225 2718 2577 2793 principales
2626 2719 2932 2792 questions
2966 2738 3072 2778 sur

1780 2807 1867 2865 les
1887 2807 2159 2866 matieres
2178 2807 2565 2877 beneficialeS,
2600 2808 2703 2883 qui
2725 2825 2786 2866 se
2818 2809 3071 2868 traitent

1779 2895 1927 2953 dans
1973 2897 2058 2954 les
2090 2897 2270 2955 Cours
2301 2896 2383 2954 du
2414 2916 2714 2973 royaume,
2762 2898 2837 2956 ib.
2881 2907 3062 2969 1633,

1790 2993 1954 3044 1640
1990 2986 2053 3043 in
2090 2994 2159 3053 8;
2193 2987 2261 3043 de
2290 2988 2668 3045 sacramentis
2705 3006 2774 3044 ac
2796 2989 3067 3061 personis

1779 3076 1982 3149 sacris,
2018 3093 2219 3132 earum
2242 3074 2555 3150 dignitate,
2591 3075 3066 3152 obligationibus

441 3186 487 3223 a.
525 3174 670 3233 971,
719 3182 852 3222 cum
899 3163 1030 3221 aliis
1074 3161 1382 3220 Hincmari
1424 3163 1723 3237 utriusque
1779 3180 1846 3219 ac
1870 3161 2006 3237 jure
2030 3163 2203 3238 juxta
2231 3180 2306 3221 ss.
2341 3165 2672 3223 litterarum
2705 3166 3065 3237 testimonia,

442 3255 729 3327 opusculis
760 3255 821 3311 et
851 3253 974 3311 vita
1008 3251 1312 3309 Hincmari
1329 3250 1606 3325 junioris,
1640 3250 1719 3308 ib.
1781 3267 1856 3308 ss.
1889 3254 2126 3326 patrum
2150 3255 2491 3323 sententias,
2527 3270 2821 3311 canonum
2841 3271 2906 3312 ac
2927 3271 3066 3312 con-

452 3353 612 3407 1658
662 3344 725 3402 in
760 3351 816 3406 8.
868 3377 942 3387 -
980 3342 1065 3399 De
1096 3343 1238 3415 Jure
1284 3340 1551 3398 ahbatum
1597 3339 1720 3397 dis·
1779 3339 2051 3400 ciliorum
2086 3342 2438 3413 sanctiones,
2470 3340 2800 3418 theologiae
2827 3343 3066 3402 moralis

442 3433 633 3491 seruit
662 3431 819 3490 Frid.
852 3431 1188 3490 Rommel
1234 3430 1416 3488 abbas
1463 3448 1718 3506 roggen-
1776 3450 1835 3505 p.
1879 3441 1946 3499 1.,
1981 3430 2230 3488 Parisiis
2261 3440 2458 3499 16403
2491 3430 2563 3489 de
2595 3432 2861 3489 censuris
2881 3432 3065 3490 eccle·

442 3522 760 3598 burgensis
808 3520 869 3578 Ο.
921 3521 1012 3578 Pr.
1061 3516 1122 3600 (†
1163 3527 1263 3581 30.
1300 3522 1451 3595 Aug.
1508 3514 1720 3599 1656).

536 3673 677 3725 519.
719 3663 1073 3738 Tleeoloyiam
1118 3656 1454 3740 moralem³)
1490 3659 1584 3717 vel
1630 3660 1719 3717 in-

440 3755 671 3830 tegram
718 3752 810 3811 vel
860 3771 1077 3828 magna
1126 3769 1191 3808 ex
1241 3753 1409 3825 parte
1462 3753 1717 3825 praeter·

518 3928 554 3995 Ι)
582 3921 933 3992 D'Argentre
960 3920 1099 3975 Coll.
1119 3921 1297 3990 judic.
1327 3919 1420 3983 ΙΙΙ,
1446 3924 1544 3979 4ος
1584 3918 1721 3973 Con-

436 3995 543 4050 tin.
562 3994 630 4046 H.
654 3993 713 4048 E.
735 3993 942 4047 Fleurii
971 3994 1007 4045 l.
1029 3997 1135 4050 200
1154 4002 1182 4059 ξ
1200 3998 1264 4051 6;
1294 3991 1460 4044 Feret
1484 3990 1577 4053 111,
1604 3996 1721 4047 164.

514 4069 555 4205 :i
580 4065 1012 4205 1ζέἶῇῗὲῗᾶ
1016 4063 1123 4188 {ill
1136 4065 1401 4188 ffzffisss—
1406 4067 1537 4188 3211
1570 4132 1721 4185 Mon-

440 4204 694 4261 tisbonae
724 4211 861 4263 1579
900 4208 1237 4261 rhetoricam
1266 4205 1463 4259 docuit
1494 4203 1721 4269 Romae,

440 4276 571 4330 dein
592 4282 649 4331 et
668 4278 1017 4348 theologiam
1038 4278 1326 4333 moralem.
1348 4275 1594 4330 Rectoris
1615 4274 1721 4329 col·

439 4348 571 4417 legii
600 4348 936 4403 Graecorum
977 4367 1186 4403 munus
1227 4349 1348 4419 egit
1388 4364 1435 4405 a.
1468 4351 1534 4404 18
1561 4356 1608 4412 (ῒ
1632 4351 1717 4403 28.

1780 3519 2034 3576 siasticis
2082 3539 2136 3594 p.
2171 3520 2390 3588 altera,
2440 3519 2517 3577 ib.
2576 3528 2773 3589 16423
2821 3521 2883 3583 ll.
2921 3530 2954 3582 3
3004 3520 3069 3578 in

1779 3607 2016 3682 quibuS‚
2067 3625 2218 3682 quae
2250 3609 2314 3666 in
2354 3610 2766 3667 contractuum
2801 3629 2867 3667 ac
2898 3609 3068 3685 quasi

1778 3698 2195 3755 contractuum
2216 3697 2463 3756 materia
2481 3697 2762 3756 videntur
2789 3698 2972 3757 ardua
3003 3717 3070 3759 ac

1781 3785 2067 3853 difficilia,
2104 3787 2512 3855 enucleantur,
2548 3786 2627 3845 ib.
2671 3797 2868 3858 16453
2902 3788 3068 3845 Nova

1780 3875 2177 3947 beneficiorum
2200 3878 2436 3952 praxis,
2471 3876 2532 3933 in
2559 3895 2676 3951 qua
2693 3876 3070 3957 explicantur

1782 3983 1936 4038 quae
1971 3964 2045 4023 ad
2094 3965 2390 4035 beneficia,
2443 3983 2647 4024 eorum
2693 3969 2967 4025 naturam
3003 3984 3068 4025 ac

1779 4053 2030 4129 speciem
2065 4056 2384 4129 pertinent,
2432 4058 2692 4131 suntque
2741 4055 3066 4114 secundum

1779 4143 1968 4218 magis
2021 4162 2361 4203 communes
2404 4145 2562 4220 juris
2614 4163 2745 4203 cum
2801 4144 3066 4202 canonici

1776 4234 1906 4289 tum
1942 4233 2144 4309 gallici
2179 4233 2618 4292 observationes
2665 4232 3069 4310 praejudicata

1778 4337 1845 4377 ac
1875 4320 2087 4393 decisa,
2121 4321 2200 4380 ib.
2245 4332 2429 4385 1649.
2478 4321 2676 4380 Priora
2724 4321 2841 4381 duo
2888 4339 3068 4396 opera

436 4419 550 4473 Jul.
574 4425 748 4492 1649).
778 4421 1004 4475 Praeter
1024 4422 1193 4490 plura
1212 4421 1342 4485 alia,
1360 4436 1507 4488 quae
1529 4419 1602 4473 ad
1620 4435 1721 4473 nos
1778 4412 1924 4468 sunt
1967 4411 2268 4486 prohibita
2313 4411 2467 4473 decr.
2520 4420 2618 4471 26.
2655 4410 2812 4485 Sept.
2865 4420 3063 4480 16403

439 4491 627 4546 minus
642 4494 907 4562 spectant
927 4492 1016 4563 (cf.
1036 4491 1454 4560 Sommervogel
1470 4491 1715 4555 111‚1141
1777 4500 1878 4558 sed
1914 4500 2248 4577 theologiae
2295 4500 2537 4558 moralis
2569 4520 2625 4573 p,
2660 4503 2898 4559 tantum
2939 4499 3062 4573 pri..

438 4568 628 4628 —44)‚
693 4562 928 4631 reliquit
971 4564 1030 4617 in
1076 4562 1532 4617 Aristotelis
1576 4566 1629 4616 u.
1684 4565 1728 4614 V

432 4639 643 4700 prior-ea
660 4639 945 4689 moralium
962 4651 1167 4689 novam
1182 4633 1717 4703 interpretationem,

439 4705 888 4761 commentarios.
933 4705 1308 4774 quaestiones,
1337 4705 1562 4759 Parisiis
1580 4709 1719 4763 1632

440 4780 482 4827 t.
500 4779 549 4830 2.
566 4775 626 4829 in
649 4779 718 4848 f.;
745 4777 805 4830 in
827 4777 886 4832 ll.
908 4778 949 4830 V
970 4778 1323 4846 posteriores,
1341 4778 1414 4831 ib.
1432 4781 1572 4834 1645
1594 4776 1650 4830 in
1680 4776 1720 4833 f.

652 4875 846 4931 Hurter,
874 4874 1215 4923 Nomenclator
1242 4876 1309 4922 111
1330 4876 1406 4923 ed.
1436 4877 1485 4923 23.

1776 4608 1900 4657 ma3
1936 4588 2185 4648 facultas
2217 4608 2357 4648 vero
2389 4588 2652 4665 parisina
2693 4589 2893 4664 plures
2924 4606 3063 4663 prc-

1856 4782 1892 4849 1)
1920 4778 2001 4833 Cf.
2032 4774 2450 4847 Sommervogel
2479 4776 2519 4841 1,
2549 4779 2706 4833 1058.

2673 4868 2744 4922 38
