3625 5193
1102 212 1296 265 1581-
1316 212 1472 265 1600.
1500 207 1815 277 Theologia
1842 208 1956 277 pol.
1984 207 2045 259 in
2072 206 2289 276 Belgio,
2316 205 2623 271 Lindanus,
3052 223 3169 277 188

559 231 578 280 1
600 228 633 281 8
647 230 675 279 7

549 401 642 455 est
693 394 1024 453 Guilelmus
1090 395 1373 452 Damasus
1434 392 1834 452 Lindanus
1892 393 2037 452 siam
2071 392 2510 470 gandavensem
2542 392 2855 449 transtulit
2892 403 3053 455 1588
3077 410 3172 451 eo-

549 479 692 567 (van
724 484 827 541 der
846 479 1098 562 Linden)
1124 482 1537 541 Dordracenus
1558 501 1614 539 n.
1645 491 1830 552 1525,
1889 481 2023 540 dem
2056 499 2173 556 quo
2207 481 2356 540 obiit
2386 498 2559 538 anno.
2607 480 2865 555 Operum
2909 481 3173 556 ejusdem

550 575 655 648 qui
703 573 995 631 absolutis
1043 571 1257 630 studiis
1299 571 1543 630 Lovanii
1575 574 1636 629 et
1668 570 1832 628 Pari·
1889 571 2277 647 praecipuum
2329 576 2453 627 est:
2521 571 2809 643 Panoplia
2859 572 3174 644 evanyelica

552 662 655 721 siis
689 662 988 738 Dilingam
1007 664 1253 720 vocatus
1276 679 1472 719 sacras
1494 660 1697 718 literas
1718 659 1831 717 ibi·
1892 659 2017 718 sive
2049 659 2121 717 de
2154 660 2333 717 verbo
2367 658 2470 716 Dei
2504 659 2844 736 evangelico
2871 658 3174 733 ll.V‚'qui·

550 751 682 809 dem
695 750 1130 827 pertriennium
1145 745 1834 831 exposuit(1552),dein
1890 748 2004 807 bus
2038 767 2104 806 ex
2140 749 2443 823 ScrIptura
2475 747 2820 823 prophetica
2849 754 2911 806 et
2942 752 3173 822 aposto-

551 840 876 898 Lovanium
908 840 1092 897 redux
1125 838 1385 897 lauream
1425 838 1488 895 in
1533 838 1836 914 theologia
1890 837 2002 895 lica
2032 838 2197 895 illius
2245 838 2481 895 eruitur
2527 840 2586 895 et
2626 836 2961 895 declaratur
3005 837 3172 894 indo-

549 928 880 1004 promeruit
917 937 1100 991 1556.
1133 927 1225 986 Ab
1244 928 1517 1003 episcopo
1556 928 1833 1003 ultrajec-

550 1018 705 1076 tensi
724 1018 977 1076 selectus
998 1021 1090 1075 est
1111 1016 1172 1073 in
1194 1016 1474 1075 vicarium
1495 1015 1831 1092 generalem

550 1106 949 1173 Leuwardiae,
985 1106 1176 1164 factus
1211 1125 1244 1163 a
1274 1105 1636 1180 PhilippoII.
1661 1104 1831 1162 deca-

551 1214 666 1254 nus
701 1196 945 1271 capituli
980 1195 1196 1272 flagae,
1233 1194 1554 1269 primarius
1594 1193 1834 1251 consili-

553 1286 715 1343 arius
747 1285 1178 1343 ecclesiasticus
1211 1287 1273 1341 et
1314 1282 1449 1341 fidei
1495 1282 1832 1357 inquisitor.

552 1374 905 1431 Nominatus
936 1373 1075 1432 dein
1105 1373 1331 1448 primus
1366 1370 1835 1431 ruremondanus

552 1463 862 1537 episcopus
902 1471 1086 1531 1562,
1123 1461 1318 1519 sedem
1355 1480 1519 1519 suam
1550 1478 1835 1535 occupare

553 1570 669 1609 non
703 1550 904 1625 potuit
934 1555 1070 1609 ante
1104 1570 1151 1608 a.
1193 1559 1377 1612 1569.
1411 1551 1611 1608 Bonus
1631 1552 1836 1624 pastor

553 1640 808 1697 animam
841 1657 1012 1698 suam
1042 1658 1150 1715 pro
1181 1657 1360 1715 grege
1392 1657 1607 1713 ponere
1647 1639 1834 1713 pestis

554 1733 818 1803 tempore
851 1732 1096 1803 paratus
1129 1728 1263 1795 fuit,
1299 1728 1592 1803 fidemque
1634 1728 1834 1785 catho-

553 1817 723 1874 licam
766 1825 1007 1875 strenue
1052 1816 1456 1892 propugnavit
1500 1820 1560 1874 et
1609 1816 1833 1875 bonum

552 1906 846 1964 Ecclesiae
890 1906 953 1964 in
984 1925 1090 1964 sua
1121 1906 1315 1981 patria
1357 1906 1569 1963 misere
1617 1904 1837 1963 afflicta

554 1995 713 2053 omni
756 2012 930 2070 opere
975 1994 1290 2069 promovit,
1322 1993 1576 2070 synodos
1606 1993 1836 2052 dioece-

556 2101 732 2142 sanas
767 2084 991 2153 habuit,
1026 2082 1120 2141 bis
1154 2083 1327 2141 etiarn
1364 2087 1677 2159 propterea
1721 2083 1834 2142 Ro-

554 2192 710 2230 mam
746 2191 807 2231 se
827 2173 1086 2231 contulit
1114 2182 1275 2235 1568
1300 2176 1362 2231 et
1389 2180 1555 2235 1584
1578 2172 1836 2247 benigne

553 2281 586 2319 a
619 2261 898 2337 Gregorio
931 2261 1085 2319 xm.
1119 2264 1417 2336 exceptae,
1452 2261 1558 2335 qui
1582 2259 1837 2319 eundem

554 2354 801 2425 propter
843 2354 936 2408 tot
979 2351 1190 2409 merita
1233 2350 1488 2426 insignia
1535 2350 1608 2407 ad
1654 2350 1837 2407 eccle-

561 2558 793 2610 Summa
857 2555 1037 2610 totius
1098 2555 1419 2624 theologiae
1472 2553 1832 2618 christianae,

556 2628 707 2695 quod
773 2630 857 2681 est
919 2627 969 2679 H
986 2643 1018 2680 o
1035 2645 1071 2680 n
1089 2643 1121 2680 ο
1138 2627 1234 2680 111
1311 2625 1837 2695 augustodunensis

557 2697 771 2768 (Migne
789 2699 847 2751 P.
863 2698 921 2753 L.
940 2697 1202 2760 CLXXII,
1219 2701 1543 2768 noa-76).
1573 2730 1638 2738 —
1661 2696 1840 2750 Theo-

554 2770 722 2823 dorus
796 2771 840 2821 G
855 2787 881 2821 r
897 2785 930 2820 a
947 2769 1090 2821 min
1106 2785 1139 2822 a
1155 2785 1185 2822 e
1203 2787 1239 2822 u
1258 2787 1282 2821 s
1345 2768 1837 2833 Ruremondauus,

555 2839 820 2894 Coloniae
849 2841 1130 2909 professor
1156 2838 1427 2893 mathesis
1453 2842 1680 2907 praeter
1725 2838 1839 2892 alia

1889 927 1971 984 les
2016 930 2196 1001 atque
2245 928 2479 993 natura,
2532 931 2733 1001 patres
2783 926 3171 1000 explicantur,

1890 1016 2176 1090 scriptum
2222 1018 2400 1089 atque
2434 1010 2500 1076 τὸ
2522 1011 2794 1097 ἄγραφον
2825 1034 2944 1074 11011
2990 1015 3172 1090 scrip-

1889 1110 2023 1162 tum
2053 1108 2113 1162 et
2146 1123 2298 1179 quae
2331 1102 2402 1161 ad
2439 1104 2786 1162 traditiones
2835 1103 3174 1162 indubitato

1890 1193 2258 1269 apostolicas,
2295 1192 2433 1250 licet
2463 1211 2583 1251 non
2631 1193 2903 1267 scriptas,
2953 1197 3015 1250 at
3060 1193 3174 1251 fide

1890 1286 2090 1341 tamen
2119 1283 2247 1356 pari
2271 1282 2679 1356 suscipiendas
2703 1282 3018 1356 pertinent,
3040 1300 3173 1357 per-

1891 1375 2243 1439 tractantur,
2294 1371 2550 1445 denique
2598 1371 2847 1429 verbum
2894 1371 2999 1429 Dei
3054 1389 3172 1428 non

1892 1460 2179 1536 script-um
2216 1460 2318 1518 sed
2338 1460 2631 1518 traditum
2655 1459 2937 1518 adversus
2958 1459 3176 1518 infesta

1891 1550 2213 1608 catholicae
2245 1548 2462 1608 Christi
2495 1549 2548 1606 J.
2583 1548 2878 1607 Ecclesiae
2909 1548 3174 1607 hostium

1892 1640 2013 1697 tela
2043 1642 2102 1696 et
2140 1638 2518 1696 arietationes
2565 1656 2768 1697 omnes
2815 1637 3171 1705 defenditur,

1892 1728 2161 1787 Coloniae
2215 1737 2408 1797 15:393
2468 1735 3171 1795 156331571315773

1902 1828 2063 1880 1590
2098 1817 2158 1874 111
2192 1817 2263 1884 f.;
2312 1815 2558 1891 adjectis
2606 1816 2839 1874 Tabulis
2870 1817 3176 1891 analyticis

1891 1908 2143 1964 cuntium
2178 1907 2473 1963 haeresum
2509 1906 2679 1979 hujus
2709 1906 2884 1963 seculi
2913 1924 2986 1963 ex
3034 1904 3173 1961 Lin-

1893 1995 2030 2053 dani
2062 1995 2300 2069 scriptis
2322 1994 2709 2063 concinnatis,
2735 1994 2974 2051 Parisiis
3005 2003 3171 2055 1564

1893 2085 1954 2142 in
1986 2085 2022 2141 f.
2056 2086 2117 2141 et
2148 2083 2384 2158 saepius
2418 2083 2712 2158 deinceps,
2750 2082 2957 2140 Edidit
3002 2101 3172 2157 prae-

1893 2176 2087 2232 terea:
2122 2173 2466 2231 Psalterium
2486 2180 2643 2231 vetus
2663 2192 2698 2228 a
2720 2174 2995 2229 seoecemis
3013 2186 3173 2228 men-

1893 2263 1985 2319 dis
2015 2269 2391 2337 repurqatum
2423 2263 2484 2319 et
2516 2262 2588 2319 de
2618 2279 2828 2337 graeco
2860 2263 3038 2334 atque
3072 2260 3174 2316 he-

1894 2350 2088 2408 braico
2110 2350 2372 2408 fontibus
2391 2350 2781 2419 illustratum,
2797 2349 3176 2423 Antwerpiae

1903 2449 2064 2501 1568
2115 2439 2177 2496 111
2233 2448 2269 2500 4
2294 2460 2306 2506 ;
2355 2438 2599 2497 Lovanii
2653 2449 2809 2501 1571
2837 2461 2851 2507 ς
2905 2437 3176 2497 Coloniae

1902 2537 2100 2598 15723
2140 2527 2441 2604 Glaphyro
2473 2530 2537 2584 in
2569 2529 2836 2603 epistolas
2868 2528 3175 2603 apocalyp-

1894 2619 2039 2674 ticas
2069 2637 2113 2675 s.
2150 2617 2403 2674 Joannis
2424 2635 2521 2689 ap.
2546 2636 2680 2674 cum
2714 2617 3009 2675 Ecclesiae
3043 2635 3177 2690 pro-

1896 2706 2226 2781 sopopoeia,
2261 2706 2507 2765 Lovanii
2547 2715 2712 2768 1590
2758 2707 2823 2764 in
2871 2716 2941 2775 8;
2990 2705 3177 2763 Dubi-

1894 2798 2112 2853 tantius
2131 2797 2199 2852 de
2220 2815 2349 2852 vera
2361 2803 2621 2871 certaque
2633 2814 2743 2870 per
2752 2795 2810 2851 J.
2828 2795 2959 2854 Chr.
2978 2795 3175 2853 Evan—

553 2911 780 2979 scripsit
820 2914 1175 2966 Predromum
1215 2913 1518 2965 antichristi
1554 2911 1608 2962 h.
1637 2927 1682 2962 e.
1708 2910 1839 2964 hae·
1890 2886 2099 2961 {lelium
2130 2885 2335 2941 salmis
2365 2892 2630 2942 aeternae
2661 2887 2756 2942 via
2776 2886 3092 2941 iffitructlw
3113 2883 3174 2940 ῙῙ·

551 2983 852 3035 reticorum
881 2982 1056 3035 nostri
1077 2981 1365 3051 temporis,
1394 2981 1662 3035 Coloniae
1679 2986 1838 3046 1578,
1900 2983 1954 3042 3,
1989 2973 2258 3031 Coloniae
2298 2983 2453 3035 1571
2485 2994 2498 3041 ;
2552 2972 3009 3032 Christomachia
3055 2973 3176 3030 cal-

552 3054 612 3106 in
640 3069 754 3120 (1ὓο
800 3055 995 3106 tuetur
1038 3053 1256 3106 romani
1301 3052 1587 3121 POflfifiOiS
1633 3052 1838 3122 prima·
1896 3062 2937 3134 vinistica,Coloniael584;Devera
2961 3061 3179 3118 Christi

554 3126 694 3179 tum.
726 3156 790 3165 —
811 3126 890 3177 Ae
934 3124 1084 3178 idius
1112 3125 1180 3178 de
1209 3125 1263 3178 la
1291 3124 1655 3178 Coulture
1681 3125 1838 3176 Insu-

554 3196 725 3248 lensis
764 3211 793 3247 e
833 3212 898 3248 ca
925 3196 1169 3249 vinismo
1210 3196 1280 3248 ad
1311 3213 1502 3249 veram
1531 3193 1836 3248 Ecclesiam
1900 3241 1911 3252 .

1897 3152 2151 3209 Ecclesia
2184 3151 2437 3208 diatriba
2484 3151 2779 3226 analytica
2814 3151 2884 3207 ad
2919 3151 3017 3208 Ge.
3052 3150 3176 3207 Ma·

551 3267 746 3330 redux,
789 3267 1113 3336 disputavit
1150 3272 1211 3320 de
1249 3271 1548 3321 visibilitate
1574 3270 1839 3321 Ecclesiae
1888 3260 2077 3315 Jorem
2110 3243 2456 3314 ceterosque
2476 3239 2809 3298 academiae
2830 3239 3176 3297 wittenber·

553 3339 786 3406 ejusque
832 3340 1233 3408 perpetuitate,
1282 3339 1632 3407 Antverpiae
1680 3341 1836 3395 1588.
1895 3331 2058 3405 gicae
2107 3329 2431 3403 theologOS,
2481 3347 2631 3403 quae
2677 3347 2863 3387 novae
2908 3328 3171 3403 ipsorum

551 3409 726 3463 Aliud
770 3411 1023 3478 ejusdem
1069 3411 1439 3479 opusculum:
1482 3412 1841 3478 Rescriptions
1896 3418 2250 3477 confessioni
2283 3417 2477 3475 CXXX
2510 3435 2675 3493 prop.
2709 3437 2757 3475 a.
2801 3427 2963 3480 1570
2988 3415 3177 3474 editae

553 3481 750 3535 faictes
777 3484 936 3535 entre
964 3481 1137 3535 Gilles
1163 3481 1233 3534 de
1259 3481 1316 3534 la
1343 3483 1400 3534 C.
1417 3480 1617 3551 depuis
1635 3497 1737 3534 son
1759 3496 1839 3533 re-

552 3555 683 3605 tour
709 3552 787 3605 du
816 3553 1157 3605 Calvinisme
1186 3571 1258 3604 au
1286 3553 1452 3622 giron
1498 3551 1567 3605 de
1594 3551 1839 3620 l'Eglise

551 3622 826 3676 Romaine
871 3627 929 3676 et
966 3627 1102 3676 Ant.
1155 3623 1198 3674 Ε
1217 3642 1241 3676 s
1257 3643 1284 3675 c
1301 3642 1330 3676 a
1350 3623 1485 3676 illc
1501 3640 1529 3674 r
1579 3622 1838 3675 ministre

551 3693 781 3747 Wallon
821 3710 854 3746 a
895 3694 1259 3762 Cantorbery,
1301 3693 1652 3763 Antverpiae
1681 3698 1837 3758 1588,

550 3767 636 3818 est
662 3764 1008 3818 rasissimum
1039 3768 1095 3817 et
1120 3765 1472 3819 carissimum
1496 3768 1591 3832 (m.
1610 3767 1751 3830 100).
1769 3798 1837 3805 -

556 3835 636 3889 De
664 3835 693 3888 J
701 3851 884 3889 oanne
912 3836 981 3890 de
1008 3836 1066 3888 M
1088 3853 1119 3888 o
1138 3853 1174 3888 u
1193 3853 1220 3888 r
1235 3854 1266 3890 o
1284 3856 1318 3888 n
1339 3854 1372 3889 v
1389 3835 1454 3888 al
1483 3835 1835 3906 (Moronval),

552 3907 650 3975 qui
679 3909 918 3961 exeunte
945 3908 1052 3961 hoc
1070 3924 1175 3963 sec.
1193 3908 1404 3971 floruit,
1421 3908 1490 3961 cf.
1509 3905 1653 3960 Paul
1670 3906 1839 3976 Berg-

1896 3508 2181 3580 vanisque
2198 3507 2516 3582 germanici
2533 3505 2866 3564 schismatis
2882 3505 3073 3564 causis
3085 3524 3177 3563 10-

1897 3595 2164 3671 spondet,
2179 3595 2254 3653 ib.
2280 3607 2302 3656 1
2322 3605 2353 3656 5
2367 3605 2443 3658 72
2468 3617 2481 3665 ς
2515 3596 2582 3652 de
2614 3614 2749 3653 vera
2780 3595 2940 3669 apud
2959 3594 3175 3653 Roma-

1896 3703 1999 3743 nos
2053 3684 2304 3742 Ecclesia
2358 3685 2565 3742 contra
2627 3683 3175 3758 Wittenbergenses

1895 3793 2019 3831 eam
2036 3773 2474 3849 Wittenbergae
2497 3773 2870 3841 collocantes,
2888 3772 2964 3830 ib.
2991 3784 3010 3833 1
3032 3781 3064 3833 5
3076 3781 3106 3831 7
3121 3780 3176 3839 23

1901 3862 2218 3920 Concordia
2249 3862 2471 3920 discors
2503 3881 2610 3920 seu
2632 3861 3005 3936 querimonia
3025 3860 3177 3919 cath.

550 3995 712 4031 mans
737 3978 798 4031 in
825 3979 1012 4047 Biogr.
1041 3981 1157 4034 nat·
1186 3980 1253 4032 de
1282 3979 1434 4045 3013..
1463 3978 1581 4044 XV,
1617 3983 1739 4033 274·
1770 4011 1839 4018 —
1894 3951 2186 4010 Ecclesiae
2220 3950 2292 4008 ad
2328 3951 2617 4027 principes
2638 3954 2746 4009 etc.
2769 3951 3008 4009 nomine
3038 3967 3178 4007 con-

551 4050 835 4102 Arnoldus
881 4051 922 4105 G
945 4067 974 4104 0
991 4050 1157 4104 rard
1175 4069 1209 4103 11
1229 4069 1252 4103 s
1299 4050 1546 4104 Flander
1585 4055 1631 4119 (†
1659 4053 1838 4120 1591),

551 4118 820 4174 disseruit
844 4127 906 4175 de
945 4127 1047 4188 fide
1073 4126 1342 4184 catholica,
1386 4121 1652 4176 Coloniae
1685 4124 1838 4177 1556.

551 4225 618 4232 —-
644 4192 888 4246 ,Iacobus
915 4195 954 4246 C
971 4209 1002 4244 0
1020 4210 1048 4246 0
1070 4210 1125 4245 111
1144 4211 1176 4245 a
1193 4211 1232 4245 n
1248 4211 1272 4245 s
1300 4192 1619 4262 theologiae
1640 4191 1839 4246 doctor

550 4269 604 4315 et
635 4264 897 4317 ecclesia-e
925 4263 1267 4317 cathedralis
1295 4263 1555 4317 Gandavi
1598 4263 1840 4316 scholas-

551 4334 695 4386 ticus
726 4346 771 4405 st
801 4341 885 4391 10.
914 4337 1066 4403 Sept.
1094 4339 1254 4405 1592)
1284 4335 1522 4402 reliquit
1549 4333 1839 4388 Defensio·

548 4423 676 4458 neni
717 4409 1208 4528 prpicomrlnum‘one
1240 4409 1346 4529 gui)
1390 4425 1500 4486 upa
1545 4410 1715 4536 sfgggc
1743 4405 1839 4458 ad-

548 4493 738 4528 versus
846 4493 969 4528 ame
998 4491 1188 4538 mann,
1284 4493 1316 4529 o
1343 4492 1508 4531 omae
1651 4485 1662 4498 ⁶
1706 4520 1717 4532 .
1774 4510 1838 4518 —-

552 4546 831 4600 Hadriani
879 4547 929 4599 H
947 4562 978 4599 o
997 4545 1025 4599 f
1033 4564 1058 4598 s
1076 4549 1101 4599 t
1114 4564 1148 4599 a
1166 4546 1201 4600 d
1218 4547 1273 4600 ii
1321 4549 1380 4602 Ο.
1410 4548 1546 4602 Μ111.
1592 4548 1839 4616 insignis

550 4618 931 4671 concionatori
940 4637 964 4670 s
976 4620 1033 4671 et
1042 4618 1269 4673 lectoris
1281 4620 1600 4688 theologiae
1615 4627 1664 4680 (t
1678 4627 1702 4675 1
1712 4623 1837 4686 598)

547 4709 808 4743 sermones
852 4694 1192 4745 eucharistici
1232 4694 1428 4747 XLIX
1453 4681 1729 4763 prodiisse
1756 4690 1839 4743 di·

551 4763 773 4826 cuntur,
801 4761 1149 4831 Autverpiac
1178 4767 1330 4822 1608.

1271 4963 1296 5020 Ι.

1249 5043 1264 5075 l

1895 4040 2171 4098 fessionis
2222 4044 2589 4116 augustanae
2635 4039 2978 4116 gloriantes,
3029 4057 3180 4112 quae

1895 4128 2280 4198 demonstrat,
2316 4128 2651 4187 simulatam
2685 4146 2751 4186 ac
2788 4146 2924 4186 vere
2972 4145 3177 4203 perso-

1895 4222 2096 4276 natam
2128 4218 2387 4293 ipsorum
2422 4217 2788 4276 concordiam
2811 4217 2968 4275 viros
2987 4217 3179 4274 facere

1898 4307 2393 4373 antichristianOS,
2429 4309 2489 4364 et
2519 4307 2764 4365 minime
2810 4305 3018 4364 solidis
3065 4304 3181 4362 niti

1896 4396 2314 4456 fundamentis
2349 4396 2577 4454 Inserta
2609 4398 2704 4453 est
2722 4413 2995 4453 censurae
3015 4395 3178 4451 Jere-

1895 4487 2043 4543 miae
2073 4483 2445 4560 patriarchae
2479 4485 2928 4559 Constantinop.
2950 4483 3021 4541 de
3042 4501 3178 4540 con-

1894 4574 2144 4633 fessione
2193 4576 2525 4649 augustana
2557 4573 2830 4649 epitome,
2880 4573 2984 4647 qui
3018 4572 3179 4629 illam

1895 4664 2382 4739 gravissimorum
2460 4681 2728 4721 errorum
2809 4661 3179 4726 condemnat,

1895 4752 2161 4810 Coloniae
2201 4759 2382 4815 1583.
2448 4751 2796 4811 Stromatum
2837 4751 2896 4808 11.
2935 4749 3021 4807 111
3074 4767 3180 4823 pro
