3625 5193
618 244 740 299 247

613 413 864 471 historia
896 412 1308 480 ecclesiastica,
1340 411 1641 487 theologia
1672 411 1896 469 schola-

616 502 781 561 stica.
833 501 1115 577 Gregorio
1148 500 1324 567 XIII..
1361 501 1520 558 Sixto
1554 500 1640 568 V„
1677 499 1896 575 Grego-

613 591 701 649 rio
735 589 883 648 XlV.
919 598 978 647 et
1012 589 1296 649 Clementi
1319 589 1474 650 VIII.
1496 592 1624 646 erat
1643 607 1812 647 carus
1830 583 1894 669 ¹),

613 682 674 737 et
705 678 863 737 vitae
897 677 1210 736 sanctitate
1244 678 1657 753 virtutumque
1695 678 1895 752 splen-

616 768 753 826 dore
789 767 1037 825 {Austris
1060 763 1121 847 (†
1150 764 1357 843 1596).
1390 766 1748 825 Prodierunt
1766 767 1896 841 ejus

612 858 674 914 in
712 857 780 913 M
797 859 906 913 ⁴rci
936 858 1286 934 evanqelium
1323 856 1733 914 commentaria
1779 855 1895 912 Ro-

612 965 744 1003 mae
790 954 946 1007 1623
983 946 1045 1003 in
1077 945 1149 1013 f.;
1189 947 1249 1002 in
1297 945 1493 1003 Lucae
1524 945 1893 1023 evanyelium,

614 1035 690 1091 ib.
733 1043 896 1096 1³{25
934 1037 977 1091 t.
1015 1043 1046 1094 2
1085 1033 1149 1091 in
1180 1034 1218 1091 f.
1251 1033 1559 1091 Praeterea
1593 1033 1896 1106 Expositio

612 1123 852 1198 symboli
894 1124 1282 1197 apostolorum
1324 1123 1381 1180 ll.
1416 1122 1595 1195 XIV,
1641 1124 1902 1197 quorum‘

610 1212 834 1288 priores
866 1229 1078 1269 novem
1126 1211 1337 1269 Romae
1380 1221 1541 1273 1596
1592 1211 1654 1269 in
1698 1211 1738 1273 f.
1783 1210 1895 1269 im-

612 1301 801 1376 pressi
836 1304 995 1370 sunt,
1029 1300 1169 1358 dein
1200 1300 1277 1356 ib.
1320 1310 1485 1362 1614
1521 1302 1560 1357 t.
1600 1309 1633 1361 2
1668 1300 1732 1358 in
1764 1300 1801 1357 f.
1825 1303 1896 1358 ut

612 1389 853 1447 videtur
885 1408 1103 1447 omnes
1145 1390 1228 1447 De
1261 1389 1443 1463 priori
1490 1393 1669 1458 tom0‚
1718 1407 1894 1463 quem

613 1479 802 1536 solum
839 1479 1082 1554 legerat,
1125 1478 1476 1536 Possevinus
1522 1478 1607 1536 ita
1653 1478 1891 1536 scribit:

616 1567 842 1634 ‚Quem
876 1567 1196 1643 perlegisse
1227 1585 1396 1642 spero
1429 1567 1722 1625 neminem
1756 1585 1892 1642 poe-

612 1655 844 1726 nitebit,
880 1674 1017 1713 nam
1050 1656 1225 1714 stilus
1258 1656 1492 1731 elegans
1525 1660 1586 1713 et
1616 1656 1890 1714 ecclesia-

612 1744 812 1813 sticus,
848 1762 913 1803 ac
945 1764 1077 1803 cum
1110 1745 1368 1820 plurima
1399 1745 1616 1813 afferat,
1650 1763 1771 1803 non
1802 1747 1893 1801 ta-

612 1851 747 1890 men
781 1834 962 1899 laxus,
997 1833 1097 1892 sed
1130 1852 1362 1908 pressus
1383 1837 1442 1892 et
1463 1838 1703 1908 patrum
1722 1833 1893 1891 testi-

615 1921 830 1980 moniis
866 1922 1087 1996 absque
1108 1921 1433 1998 legentium
1453 1921 1648 1981 taedio
1667 1922 1847 1980 dives.
1864 1929 1891 1959 ‘

614 2010 722 2067 Est
773 2011 878 2069 hoc
929 2030 1079 2085 opus
1124 2031 1325 2069 rarum
1358 2011 1702 2088 plenissima
1733 2030 1892 2087 sym-

614 2099 736 2157 boli
768 2099 1102 2176 explanatio
1134 2106 1314 2175 atque
1360 2101 1693 2159 universam
1739 2119 1894 2158 com-

611 2189 896 2261 plectitur
943 2189 1300 2264 theologiam
1359 2190 1511 2248 circa
1559 2190 1890 2265 symbolum

612 2277 778 2335 velut
809 2281 1078 2336 centrum
1109 2279 1473 2354 dispositam.
1512 2279 1895 2337 Enchiddion

612 2366 837 2425 divinae
868 2368 1338 2443 scholasticaeque
1368 2370 1674 2443 tleeoloyiae
1688 2367 1893 2424 distri-

611 2454 826 2513 butum
859 2456 920 2513 in
954 2458 1099 2514 duas
1131 2462 1348 2531 parteS,
1381 2456 1802 2530 speculativam
1834 2460 1895 2513 et

612 2545 940 2618 practicam,
987 2546 1223 2604 Genuae
1277 2554 1459 2608 1582.
1507 2579 1590 2588 --
1630 2544 1895 2620 Casparis

611 2633 682 2691 de
716 2634 905 2692 Melo
940 2634 1002 2691 Ο.
1039 2635 1091 2690 S.
1113 2635 1264 2709 Aug.
1291 2634 1676 2692 Truxiliensis
1698 2634 1758 2690 in
1779 2633 1892 2691 Ex-

611 2725 965 2790 tremudura,
1014 2722 1361 2796 professoris
1408 2740 1714 2781 sacrorum
1762 2722 1893 2779 bib-

612 2811 830 2867 liorum
864 2811 926 2867 in
957 2810 1122 2885 lyceo
1155 2811 1582 2880 vallisoletanO,
1613 2830 1892 2870 commen-

614 2901 772 2956 taria
807 2901 868 2955 in
899 2917 943 2961 8.
968 2899 1318 2957 Matthaeum
1338 2900 1692 2976 prodierunt
1711 2899 1893 2958 Valli-

613 2987 785 3045 soleti
829 2997 992 3050 1584
1039 2988 1103 3044 in
1135 2987 1206 3058 f.;
1253 2990 1315 3045 in
1349 2989 1568 3047 Lucam
1614 2999 1774 3052 1597
1815 2989 1890 3049 ib.

611 3075 675 3133 in
709 3076 777 3140 f.;
812 3078 873 3133 in
907 3078 1334 3152 Apoealypstm,
1368 3078 1427 3135 ib
1470 3088 1631 3141 1589
1667 3079 1729 3136 in
1763 3078 1800 3136 f.

711 3264 847 3316 108.
883 3254 1166 3312 Joannem
1202 3255 1621 3314 illustrandum
1653 3257 1766 3314 sibi
1801 3275 1890 3314 se-

613 3342 758 3418 legit-
790 3343 1136 3402 Franciscus
1171 3345 1241 3402 de
1274 3344 1487 3402 Toledo
1534 3362 1638 3403 seu
1685 3346 1889 3403 Tole-

612 3429 816 3509 tus²),
850 3433 1106 3491 alterum
1140 3433 1460 3509 Hispaniae
1493 3433 1657 3491 sidus
1693 3435 1892 3508 splen-

690 3640 724 3706 ¹)
753 3639 835 3692 Cf.
877 3638 1002 3695 Nic.
1041 3641 1141 3690 An
1162 3643 1231 3690 to
1249 3640 1317 3692 ni
1337 3657 1374 3692 u
1393 3658 1448 3692 m
1493 3639 1554 3692 in
1579 3640 1716 3695 bibl.
1744 3641 1893 3709 hisp.

611 3725 663 3760 n.
695 3709 731 3766 Ι,
759 3713 826 3764 91
858 3727 924 3762 ss.
953 3709 1113 3762 Joan.
1142 3728 1174 3762 a
1202 3728 1242 3767 s,
1271 3712 1594 3764 Antonio
1641 3712 1681 3776 1,
1708 3716 1773 3768 81
1804 3731 1890 3776 ss„

609 3795 780 3847 penes
809 3795 946 3846 qnos
991 3781 1234 3850 reperies
1281 3781 1394 3834 alia
1440 3782 1693 3851 ejusdem
1721 3800 1893 3852 opera.

613 3849 705 3903 vel
732 3851 972 3904 ascetica
999 3851 1087 3905 vel
1115 3853 1347 3913 inedita,
1377 3853 1561 3906 Tanta
1581 3857 1703 3907 erat
1721 3854 1893 3923 hujus

610 3921 718 3973 viri
746 3922 897 3974 fama
923 3923 1256 3990 sanctitatis,
1304 3927 1371 3977 ut
1413 3923 1481 3977 de
1522 3926 1642 3993 ejus
1671 3925 1894 3978 virtuti-

608 3992 715 4044 bus
743 3996 874 4062 post
917 3998 1155 4047 mortem
1201 4011 1436 4049 examen
1476 3995 1891 4061 institueretur,

611 4080 723 4130 qno
751 4066 941 4131 posset
963 4065 1112 4118 inter
1141 4067 1332 4120 beatos
1357 4066 1570 4120 referri.

687 4143 725 4188 ²⁸)
753 4136 912 4189 Alius
940 4137 1010 4189 ab
1040 4137 1144 4190 hoc
1192 4140 1278 4191 est
1321 4137 1416 4191 ille
1445 4137 1532 4192 Fr.
1560 4138 1891 4201 Toletus,

609 4205 676 4257 de
723 4223 838 4275 quo
883 4206 1213 4277 Eisengrein
1251 4209 1311 4261 in
1353 4208 1538 4262 catalo
1582 4225 1613 4262 ο
1660 4208 1893 4262 testium

609 4277 869 4331 veritatis
894 4279 976 4331 ita
997 4279 1222 4348 scribit;
1254 4278 1551 4349 „Philosop
1599 4298 1679 4345 us,
1701 4281 1894 4333 rhetor

609 4353 784 4416 atque
805 4351 1103 4418 theologus
1141 4367 1276 4403 suae
1317 4351 1518 4404 aetatis
1545 4351 1892 4405 clarissimus

609 4425 667 4471 et
709 4439 834 4473 cum
882 4422 944 4473 in
988 4421 1475 4488 disputationibus
1521 4422 1609 4475 vir
1636 4439 1890 4492 magnus,

609 4495 732 4542 tum
760 4492 817 4542 in
844 4497 1311 4560 argumentorum
1357 4510 1420 4546 ac
1464 4494 1892 4547 demonstratio-

1153 230 1523 283 1581—1600.
1551 223 1811 294 Exegesis
1838 224 1900 276 in
1929 222 2221 294 Hispania.
2247 221 2349 276 Del
2377 220 2498 285 Pas,
2528 220 2692 284 Melo,

3104 239 3228 294 248

1951 409 2341 468 didissimum.
2374 407 2566 466 Natus
2600 412 2693 466 est
2725 407 3023 467 Cordubae
3047 421 3099 470 4.
3124 408 3231 467 Oc-

1952 499 2140 557 tobris
2185 505 2345 560 1532
2382 497 2585 555 eadem
2616 498 2679 555 in
2699 497 2889 566 domo,
2921 500 2991 555 ut
3011 498 3230 566 ferunt,

1955 607 2073 661 qua
2092 606 2135 645 a.
2160 586 2355 645 Zoilus
2388 589 2630 661 martyr.
2652 586 3061 662 Philosophiae
3094 606 3232 663 ope-

1953 695 2078 733 ram
2110 676 2353 734 navavit
2384 675 2689 734 Valentiae
2732 675 2937 750 ibique
2971 676 3231 734 lauream

1952 765 2015 821 in
2048 764 2276 823 artibus
2308 765 2557 840 adeptus
2579 764 2989 823 salmanticam
3011 784 3072 823 se
3091 784 3230 825 con·

1951 852 2109 922 tulit,
2145 853 2247 911 ubi
2267 852 2711 912 celeberrimum
2731 854 3106 912 Dominicum
3131 855 3232 913 So-

1951 946 2081 1000 tum
2115 942 2178 1002 O.
2213 942 2422 1001 Praed.
2448 941 2656 1001 habuit
2674 942 2831 1000 inter
2851 952 3076 1001 ceteros
3097 944 3233 1003 doc-

1953 1035 2138 1089 torem
2147 1031 2541 1105 ‚quiToletum
2553 1035 2798 1106 propter
2809 1032 3034 1107 ingenii
3047 1034 3234 1091 excel-

1952 1120 2193 1178 lentiam
2220 1122 2559 1198 prodiyium
2587 1121 2883 1197 appellare
2905 1122 3230 1180 consuevit.

1949 1210 2153 1267 Annos
2184 1213 2362 1268 natus
2399 1218 2478 1272 23
2518 1209 2756 1285 publice
2802 1210 3229 1285 philosophiam

1952 1297 2169 1356 ibidem
2215 1299 2746 1374 interpretabatur,
2797 1299 3070 1375 magistri
3108 1302 3230 1376 jam

1951 1390 2079 1444 tum
2127 1387 2463 1464 insignibus
2510 1390 2573 1446 in
2616 1388 2918 1464 theologia
2968 1393 3229 1459 ornatuS,

1950 1477 2119 1534 tanta
2151 1478 2424 1551 opinione
2456 1477 2774 1546 doctrinae,
2809 1482 2879 1535 ut
2910 1480 3069 1551 paris
3103 1478 3230 1537 aevi

1950 1584 2122 1623 nemo
2169 1570 2293 1623 tota
2338 1567 2400 1624 in
2447 1567 2739 1642 Hispania
2788 1585 2973 1642 aeque
3024 1568 3232 1626 doctus

1951 1672 2078 1712 esse
2127 1654 2479 1713 crederetur.
2542 1655 2895 1715 Societatem
2943 1654 3091 1714 Jesu
3140 1656 3230 1715 in-

1950 1761 2192 1817 gressus
2239 1747 2329 1801 est
2361 1763 2409 1801 a.
2450 1754 2637 1815 1558,
2685 1748 2863 1820 atque
2910 1746 3151 1802 Romam
3200 1768 3233 1803 a

1952 1849 1997 1889 s.
2030 1832 2333 1891 Francisco
2378 1833 2595 1910 Borgia
2640 1834 2855 1891 missus
2889 1834 2949 1890 in
2984 1834 3232 1909 collegio

1949 1940 2190 1980 romano
2213 1917 2440 2001 (1559)
2463 1922 2722 1998 primum
2742 1922 2983 1997 quidem
3011 1922 3233 1981 artium

1952 2028 2209 2081 cursum,
2244 2014 2314 2069 ut
2358 2016 2588 2080 vocant,
2640 2011 2765 2068 sive
2811 2011 3231 2071 aristotelicam

1951 2098 2294 2170 doctrinam,
2330 2100 2542 2159 deinde
2573 2100 2825 2158 Thomas
2854 2100 3230 2176 theologiam,

1950 2191 2080 2246 tum
2097 2189 2289 2246 varias
2306 2192 2365 2247 et
2381 2190 2662 2265 implexas
2680 2188 2751 2247 de
2770 2188 3035 2247 moribus
3051 2208 3228 2265 quae-

1952 2277 2174 2335 stiones
2219 2296 2325 2352 per
2370 2279 2589 2336 multos
2642 2297 2826 2337 annos
2876 2298 3091 2354 magna
3137 2297 3229 2336 sa-

1951 2365 2211 2440 pientiae
2243 2368 2521 2442 opinione
2567 2367 2896 2442 explicavit.
2945 2370 2994 2424 A
3028 2368 3133 2425 Pio
3166 2368 3228 2426 V.

1952 2475 1999 2512 a.
2044 2464 2206 2516 1569
2244 2457 2562 2515 accersitus
2594 2460 2703 2520 est,
2738 2459 2807 2513 ut
2838 2456 2900 2513 in
2934 2474 3096 2514 sacro
3126 2475 3228 2531 pa-

1950 2543 2093 2602 latio
2127 2545 2557 2604 concionatoris
2588 2562 2809 2604 munus
2842 2545 3048 2616 obiret,
3074 2544 3232 2620 quod

1950 2636 2119 2692 tanta
2153 2652 2285 2691 cum
2318 2635 2495 2694 laude
2527 2635 2846 2711 praestitit,
2888 2639 2959 2692 ut
3005 2654 3108 2709 per
3138 2639 3229 2693 to-

1949 2725 2043 2780 tos
2082 2730 2161 2783 24
2209 2742 2391 2782 annos
2438 2744 2505 2782 eo
2552 2723 2981 2801 fungereturl).
3033 2723 3126 2781 Ita
3160 2723 3230 2782 de

1949 2829 2015 2868 eo
2032 2811 2238 2869 scribit
2250 2813 2583 2871 Fridericus
2600 2814 2989 2872 Borromaeus
3001 2808 3051 2893 ²³)
3072 2833 3084 2870 :
3106 2852 3133 2881 ,
3148 2813 3229 2870 De

1951 2900 2057 2958 hoc
2091 2895 2351 2983 (Toleto)
2406 2902 2585 2960 suerit
2636 2902 2830 2959 instar
2877 2902 3222 2976 compendii,

1949 2990 1996 3046 si
2031 2988 2220 3047 dicam
2252 2991 2722 3049 concionatorem
2757 3009 2889 3049 eum
2922 2990 3228 3048 assiduum

1948 3097 2055 3153 per
2085 3079 2308 3137 multos
2341 3099 2523 3138 annos
2563 3080 2745 3137 fuisse
2790 3080 3057 3154 pontifici
3102 3097 3229 3138 car-

1949 3167 2359 3242 dinaliumque
2419 3167 2671 3236 senatui,
2715 3187 2968 3243 cumque
3019 3169 3081 3225 in
3129 3168 3229 3225 illa

1950 3255 2094 3314 urbe
2141 3257 2249 3314 flos
2295 3258 2553 3316 virorum
2606 3258 2657 3314 ei
2708 3257 2927 3316 dicenti
2977 3256 3226 3327 adesset,

1950 3363 2255 3419 nunquam
2298 3346 2570 3404 auditum
2615 3364 2743 3404 esse
2790 3364 2925 3404 cum
2971 3345 3224 3405 taedio<

1951 3434 2143 3509 Hujus
2174 3435 2478 3504 rationem,
2514 3436 2563 3492 si
2597 3453 2863 3510 quaeraS,
2911 3435 3060 3492 hanc
3095 3434 3225 3492 red-

1948 3522 2038 3580 dit
2072 3523 2273 3597 ,quod
2307 3524 2368 3582 in
2401 3525 2562 3583 omni
2582 3525 2731 3582 foret
2752 3525 3016 3582 oratione
3040 3523 3226 3581 serius

1949 3613 2010 3669 et
2039 3613 2257 3687 gravis,
2291 3613 2565 3687 idemque
2597 3613 2798 3672 varius
2830 3624 2889 3670 et·
2922 3631 3053 3670 cum
3074 3630 3226 3669 novo

1950 3719 2178 3774 semper
2240 3707 2663 3777 argument03‘
2730 3701 2888 3776 quod
2961 3701 3230 3770 ,monita

1950 3789 2079 3862 ejus
2111 3793 2445 3863 spectarent
2495 3810 2681 3850 mores
2732 3794 2965 3848 tantum
3005 3809 3227 3857 eorum,

1950 3878 2050 3952 qui
2099 3887 2437 3952 praesentes
2490 3880 2752 3944 aderant.
2805 3878 3136 3938 communia
3169 3883 3228 3934 et

1949 4066 2145 4122 Toleto
2161 4069 2513 4138 conscriptae
2530 4087 2584 4128 n.
2599 4074 2683 4132 13,
2703 4084 2891 4122 sacrae
2910 4068 3229 4134 theologiae

1948 4139 2228 4207 professor
2252 4140 2315 4194 in
2341 4141 2573 4194 ecclesia
2600 4140 2929 4210 hispalensi,
2956 4139 3228 4192 archidia-

1950 4226 2122 4263 conus
2149 4210 2215 4264 de
2242 4213 2478 4281 Astigia,
2520 4212 2606 4265 Pii
2634 4213 2700 4266 [l.
2728 4229 2854 4265 cum
2885 4209 3227 4278 Hieronymo

1950 4281 2139 4335 Laudo
2166 4283 2590 4354 archiepiscopo
2630 4282 2867 4337 cretensi
2905 4282 2977 4335 ad
3005 4281 3229 4350 Georgi·

1950 4370 2045 4406 um
2088 4353 2387 4408 Bohemiae
2427 4372 2617 4424 regem
2660 4358 2851 4408 orator
2889 4358 2946 4407 et
2988 4353 3228 4406 nuncius

1948 4423 2153 4478 missus
2174 4443 2351 4492 quum
2374 4427 2445 4479 ad
2467 4426 2607 4479 alia-s
2622 4443 2707 4478 res
2724 4442 2816 4478 ma
2859 4426 2919 4477 ni
2940 4422 3229 4486 momenti,

1950 4497 2073 4549 tum
2119 4497 2192 4550 ad
2238 4497 2513 4551 haeresim
2557 4497 2589 4550 J
2596 4498 2792 4551 oannis
2819 4444 3000 4550 gHusii
3044 4494 3229 4564 profli-

608 4579 745 4615 num
774 4562 1210 4631 probationibus
1237 4568 1474 4634 argutus
1518 4567 1690 4646 atque
1718 4565 1893 4619 subti-
1948 4567 2212 4636 gandam.

609 4631 696 4696 lis,
762 4632 917 4686 ouini
980 4633 1237 4688 doctrina
1317 4636 1888 4690 consumatissimus.⁶·

2026 4645 2061 4703 ¹)
2090 4640 2169 4691 Cf.
2200 4638 2528 4692 Sacchinius
2571 4639 2629 4691 in
2666 4639 2903 4692 historia
2944 4639 2996 4693 S.
3022 4638 3070 4693 J.
3113 4656 3167 4706 p.
3197 4641 3229 4692 5

609 4704 747 4757 Fuit
788 4704 899 4770 hic,
948 4707 1018 4758 ut
1057 4706 1282 4760 videtur
1328 4708 1523 4762 Pariae
1571 4708 1631 4760 in
1677 4708 1891 4778 proleg.
1949 4709 1986 4763 l.
2013 4714 2098 4765 11.
2125 4728 2180 4764 n.
2207 4714 2258 4767 8.

607 4791 742 4828 suae
787 4776 924 4829 edit.
968 4780 1338 4833 enarrationis
1376 4781 1439 4834 in
1475 4781 1529 4836 S.
1556 4779 1831 4833 'rhomam
1859 4797 1892 4833 a

2021 4785 2063 4851 ἲ)
2090 4781 2170 4833 De
2197 4781 2361 4834 claris
2390 4781 2726 4834 oratoribus,
