3625 5193
375 238 450 292 5⁷

854 218 1128 284 Guzman‚
1155 217 1444 285 Genesim,
1471 218 1759 283 Ledesma,
1786 216 2028 281 Rubius‚
2053 216 2359 285 Perpinian
2386 220 2489 270 ete.

2901 234 2979 288 58

462 415 553 467 27.
587 404 769 463 Porro
801 405 871 462 de
899 405 1087 462 sacris
1120 405 1405 462 ministris
1435 405 1647 462 altaris
1701 404 2051 461 stionarium
2095 403 2480 478 theoloyicum,
2543 411 2725 464 1571.
2764 435 2842 445 --
2878 401 2983 461 Jo-

370 502 416 552 et
481 493 753 551 coelibatu
819 493 1154 567 disputavit
1216 492 1397 551 etiam
1460 493 1642 551 Fran-

369 583 550 641 ciscus
627 582 700 640 de
778 582 1108 640 Guzman
1171 581 1236 639 O.
1301 582 1440 639 Min.
1504 600 1642 640 con-

370 673 628 730 cionator
646 670 878 730 celeber
896 676 1075 745 atque
1094 670 1158 727 in
1180 670 1465 746 Hispania
1485 687 1644 727 com-

368 760 666 818 missarius
694 759 1003 836 generalis,
1044 758 1310 818 Venetiis
1353 768 1535 821 1569.
1557 790 1645 802 --

365 849 619 908 Joannes
665 848 1050 907 Genesius
1099 844 1283 929 (Juan
1316 844 1519 927 Ginez)
1572 847 1644 906 de

367 937 709 1013 Sepulveda‚
724 937 1121 996 Cordubensis
1132 941 1312 995 natus
1326 955 1372 995 c.
1385 956 1433 995 a.
1456 948 1480 998 l
1496 946 1575 999 49
1585 948 1641 1005 0,

366 1028 457 1084 vir
507 1029 811 1102 praestans
862 1029 923 1084 et
972 1026 1201 1094 doctus,
1250 1025 1548 1084 Bononiae
1582 1025 1644 1082 in

363 1114 736 1190 philosophia
777 1118 1216 1191 praeceptorem
1263 1114 1473 1172 habuit
1534 1114 1643 1172 Pe-

363 1208 520 1262 trum
569 1204 1042 1279 Pomponatium.
1105 1205 1246 1262 Post
1300 1221 1486 1262 annos
1540 1211 1642 1271 22,

362 1312 509 1367 quos
538 1312 753 1369 magna
785 1312 853 1350 ex
884 1296 1052 1368 parte
1084 1293 1298 1352 Romae
1328 1292 1641 1367 transegit,

1704 510 1888 550 annes
1933 493 1972 550 J
1990 491 2282 550 ubinus
2316 490 2380 549 O.
2402 492 2477 549 M.
2499 491 2638 549 Min.
2674 490 2984 567 episcopus

1703 581 2011 639 auxiliaris
2063 580 2504 638 barcinonensis
2538 597 2773 638 carmen
2823 598 2984 638 com·

1705 670 1906 746 posuit
1952 669 2024 727 de
2072 674 2431 727 sacramento
2482 669 2860 727 eucharistiae
2921 673 2983 726 et

1701 759 1829 833 ejus
1860 758 2139 816 sacrificio
2171 757 2452 816 adversus
2489 757 2667 832 hujus
2699 757 2986 833 temporis

1702 847 2027 907 haereticos
2073 846 2403 905 Barcinone
2457 856 2621 909 1570
2664 846 2727 903 in
2768 856 2860 908 12.
2895 880 2983 891 —

1700 936 2029 994 Blasius
2063 935 2363 994 Navarrus
2395 935 2634 1010 scripsit
2677 937 2746 993 de
2791 943 2983 994 aucto-

1700 1026 1872 1083 ritate
1902 1033 1953 1083 et
1984 1044 2030 1083 s.
2070 1026 2417 1097 pre'ncipatu
2468 1042 2744 1083 romanae
2791 1025 2982 1085 Eccle-

1700 1113 2169 1184 siae,Barcinone
2193 1122 2376 1177 1566.
2391 1148 2442 1155 —-
2460 1112 2770 1172 Vincentio
2789 1114 2847 1171 Μ
2863 1133 2896 1172 o
2912 1133 2983 1172 n·

1701 1207 1779 1260 ta
1793 1203 2116 1279 genesio
2162 1198 2517 1282 (Montanes)
2552 1201 2616 1263 Ο.
2651 1201 2705 1259 S.
2739 1204 2804 1258 A.
2839 1202 2981 1260 Ere-

1700 1291 1982 1349 mitarum
2020 1287 2085 1373 (†
2124 1287 2317 1371 1573)
2356 1290 2666 1349 Valentino
2701 1291 2984 1350 debemus

364 1381 549 1440 Caroli
582 1382 841 1440 Caesaris
877 1382 1074 1441 aulam
1104 1380 1531 1457 chronographi
1551 1399 1644 1438 re·
1699 1384 1773 1438 tr.
1807 1382 1877 1437 de
1909 1382 2226 1456 principiis
2260 1380 2710 1453 praenoscendis
2752 1398 2796 1441 s,
2830 1381 2981 1438 theo·

361 1471 447 1547 gii
480 1471 662 1530 titulo
695 1471 1106 1529 cohonestatus
1139 1469 1309 1545 sequi
1340 1472 1430 1528 est
1442 1470 1646 1544 jussus
1701 1471 1897 1547 loqiae,
1965 1470 2295 1527 Barcinone
2365 1478 2547 1531 1570.
2593 1502 2679 1513 —-
2723 1467 2983 1528 Jacobus

363 1557 421 1639 (†
460 1570 619 1621 1571
666 1579 716 1621 a.
749 1559 963 1618 aetatis
998 1556 1126 1640 81).
1173 1559 1455 1633 Pleraque
1487 1559 1642 1633 ejus·
1703 1555 1900 1638 (juxta
1931 1558 2057 1616 Nic.
2079 1558 2409 1616 Antonium
2449 1569 2500 1627 1,
2539 1567 2661 1620 293
2699 1554 2985 1637 Didacus)

362 1650 493 1706 dem
547 1667 742 1723 opere,
795 1667 949 1723 quae
998 1649 1242 1707 collecta
1290 1647 1645 1722 prodierunt
1682 1646 2067 1705 Ledesma
2100 1649 2154 1706 S.
2185 1647 2241 1705 J.
2276 1643 2336 1727 (†
2375 1643 2570 1727 1575)
2606 1647 2820 1704 librum
2856 1648 2983 1705 edi-

359 1737 603 1795 Parisiis
648 1746 801 1800 1541
831 1759 846 1807 3
880 1738 1151 1796 Coloniae
1184 1745 1378 1804 16023
1414 1735 1643 1794 Matriti
1700 1732 1885 1815 dit¹):
1918 1735 2009 1793 De
2038 1737 2248 1793 divinis
2280 1735 2608 1808 Scripturis
2625 1738 2825 1812 quavis
2836 1753 2983 1808 pas·

367 1835 532 1889 1780
588 1831 631 1883 t.
683 1836 740 1886 4.
789 1826 852 1884 in
898 1826 957 1897 f„
1003 1827 1074 1883 ad
1120 1825 1477 1901 theologiam
1524 1843 1643 1883 non
1698 1827 1809 1883 sim
1842 1826 2042 1900 linqua
2084 1843 2201 1883 non
2253 1826 2535 1903 leyendis:
2584 1825 2756 1883 simul
2803 1827 2863 1882 et
2911 1826 2986 1883 de

357 1919 649 1990 spectant.
680 1915 814 1973 Huc
844 1915 1051 1973 referri
1083 1920 1363 1991 possunt:
1399 1914 1489 1971 De
1514 1914 1647 1986 foto
1698 1915 1987 1986 sacrificio
2039 1915 2248 1971 missae
2295 1916 2600 1990 ceterisque
2660 1916 2871 1989 officiis
2920 1914 2982 1972 in

355 2011 405 2060 et
435 2004 617 2061 libero
648 2004 893 2061 arbitrio
924 2005 981 2065 ll.
1015 2006 1074 2071 3,
1107 2004 1324 2061 Romae
1367 2011 1547 2075 1526,
1578 2003 1642 2060 in
1700 2002 1959 2061 Ecclesia
1989 2002 2205 2061 Christi
2228 2002 2481 2061 hebraea
2499 2006 2753 2073 tantum,
2777 2021 2985 2078 graeca

353 2092 579 2167 quibus
612 2091 782 2151 docte
814 2093 889 2150 M.
922 2092 1253 2150 Lutherum
1285 2091 1518 2150 refellit.
1559 2091 1643 2148 De
1702 2094 1809 2149 aut
1839 2091 2026 2149 latina
2057 2092 2269 2167 lingua
2299 2091 2680 2162 celebrandis,
2709 2092 2988 2151 Coloniae

354 2181 1003 2256 hocopereitajudieat
1019 2176 1638 2260 MichaelMedina¹):
1709 2190 1892 2249 1570,
1967 2189 2152 2249 1574,
2213 2190 2377 2243 1577
2430 2183 2540 2238 etc.
2591 2212 2677 2225 --
2736 2180 2983 2239 Antonii

355 2271 475 2338 ‚Et
495 2269 788 2328 Ciceronis
803 2270 1205 2345 eloquentiam
1223 2271 1285 2327 et
1299 2268 1643 2327 Aristotelis
1698 2268 1929 2326 Rubii
1962 2268 2025 2327 Ο.
2061 2268 2115 2326 S.
2149 2268 2350 2327 Franc.
2383 2268 2760 2345 Legionensis
2808 2275 2982 2327 sunt:

352 2358 811 2433 philosophiam,
843 2364 905 2417 et
935 2361 1092 2435 quod
1124 2358 1292 2435 prius
1330 2360 1434 2427 est,
1485 2358 1639 2415 chri·
1700 2358 2105 2415 Assertionum
2137 2358 2548 2415 catholicarum
2593 2358 2866 2416 adversus
2896 2358 2984 2416 E-

355 2448 541 2505 stiani
575 2448 828 2522 pectoris
859 2447 1265 2524 integritatem
1309 2447 1593 2504 invenias.
1611 2455 1637 2483 ‘
1700 2448 1884 2504 rasmi
1928 2447 2300 2504 Roterodami
2347 2448 2830 2521 pestilentissimos
2890 2466 2981 2503 er-

354 2570 439 2579 —
470 2536 736 2594 Joannes
784 2536 849 2594 B.
898 2537 1241 2595 Cordona
1290 2534 1642 2594 Valentinus
1697 2554 1861 2593 rores
1906 2536 1959 2592 ll.
1996 2538 2073 2610 9,
2101 2535 2491 2594 Salmanticae
2532 2544 2730 2605 15683
2780 2534 2983 2612 Ingol·

353 2627 615 2685 elnensis
648 2625 909 2700 primum
931 2627 1262 2702 episcopus,
1285 2625 1420 2683 dein
1443 2625 1638 2683 vicen-
1699 2625 1879 2684 sta-lii
1919 2633 2108 2701 1579,
2153 2634 2336 2688 1580.
2377 2659 2463 2669 —-
2507 2623 2768 2683 Joannes
2814 2625 2978 2682 Per-

354 2717 453 2785 sia,
491 2714 732 2772 demum
753 2714 1109 2773 dertusanus
1131 2711 1257 2793 (30.
1284 2714 1412 2772 Dec.
1448 2709 1639 2792 1589)
1700 2714 1973 2789 pinian
2032 2713 2086 2770 S.
2132 2713 2188 2774 J.
2235 2713 2538 2772 Elchensis
2586 2711 2664 2795 (n.
2721 2722 2914 2783 153ος
2947 2711 2985 2779 †

353 2802 647 2862 disseruit
692 2802 766 2860 de
814 2805 1200 2879 expunyendis
1228 2804 1644 2860 haereticorum
1703 2811 1802 2865 28.
1837 2802 1960 2861 Oct.
2006 2800 2196 2879 1566)
2228 2802 2292 2859 in
2325 2802 2774 2861 humanioribus
2793 2802 2982 2859 literis

348 2894 624 2968 propriis
674 2893 1016 2968 nominibus,
1070 2894 1140 2949 de
1180 2892 1481 2966 Diptychis
1512 2895 1640 2960 etc„
1699 2891 2070 2949 cultissimus
2083 2887 2133 2972 2)
2154 2890 2402 2965 reliquit
2422 2891 2678 2949 celebres
2698 2893 2989 2949 orationes

354 3001 510 3056 quae
631 2980 813 3039 simul
919 2980 1192 3056 prodiere
1317 2980 1642 3038 Tarracone
1704 2975 1843 3060 (18)
1906 2983 2149 3055 propter
2209 2980 2566 3055 elegantiam
2642 2979 2985 3054 saepissime

364 3079 528 3135 1587
597 3069 662 3126 in
725 3077 780 3130 4.
848 3105 930 3113 —
996 3069 1284 3128 Francisci
1346 3071 1417 3126 de
1480 3069 1642 3125 Car·
1699 3068 1911 3138 editas,
1929 3067 2284 3144 Ingolstadii
2310 3079 2329 3129 1
2351 3078 2472 3130 592
2494 3089 2508 3138 ;
2530 3068 2789 3127 Veronae
2816 3076 2979 3129 1732

356 3158 561 3217 duba
596 3157 661 3218 Ο.
695 3157 753 3215 8.
781 3159 983 3217 Franc.
1017 3158 1414 3217 annotationes
1451 3158 1642 3214 catho-
1699 3161 1830 3230 etc„
1889 3157 2046 3215 inter
2089 3176 2236 3232 quas
2298 3156 2498 3232 plures
2560 3158 2627 3214 de
2689 3158 2986 3214 retinenda

356 3250 499 3306 licae
532 3247 596 3303 in
641 3245 947 3323 religionis
993 3247 1276 3306 articulos
1310 3266 1344 3305 a
1375 3245 1643 3305 sectariis
1700 3248 1868 3304 veteri
1900 3247 2168 3323 reliqione
2199 3249 2259 3304 et
2290 3246 2437 3304 falsa
2483 3246 2810 3304 recentium
2845 3246 2986 3303 hae-

355 3341 772 3395 controversos
799 3337 1152 3411 prodierunt
1177 3335 1438 3394 Viennae
1461 3344 1641 3402 1567,
1701 3336 2019 3393 reticorum
2053 3335 2325 3393 doctrina
2356 3335 2696 3409 rejicienda.
2731 3333 2891 3401 Quae
2912 3333 2987 3392 ad

356 3425 655 3492 Coloniae,
700 3434 900 3495 15723
933 3426 1000 3483 de
1020 3427 1209 3498 officio
1225 3427 1640 3499 praelatorum,
1701 3423 2121 3500 paedagogiam
2201 3423 2557 3492 referuntur,
2649 3422 2990 3498 germanice

354 3515 584 3589 Pragae
626 3522 810 3586 1662,
846 3533 963 3589 quo
993 3513 1111 3571 inl.
1135 3519 1337 3572 censet
1366 3511 1644 3571 Bohemis
1703 3513 1883 3570 habes
1936 3514 1999 3570 in
2052 3512 2199 3569 Bibl.
2252 3512 2357 3569 der
2407 3512 2463 3573 k.
2514 3511 2850 3588 Padagogik
2884 3511 2983 3578 XI,

357 3600 802 3662 concedendum
834 3621 962 3662 esse
994 3621 1170 3660 usum
1204 3603 1431 3671 calicis3
1466 3621 1644 3678 quae·
1706 3610 1940 3663 3-29,
1989 3601 2179 3676 Opera
2209 3601 2337 3676 ejus
2386 3600 2584 3659 omnia
2634 3601 2990 3675 prodierunt

1703 3691 1918 3748 Romae
1964 3700 2123 3751 1749
2148 3693 2188 3746 t.
2216 3698 2271 3758 3,
2293 3689 2514 3764 quibus
2535 3689 2801 3747 addenda
2823 3689 2990 3746 Petri

1705 3777 1904 3837 Lazeri
1937 3779 1989 3837 S.
2023 3778 2078 3836 J.
2113 3778 2184 3836 de
2215 3778 2340 3836 vita
2390 3782 2451 3836 et
2500 3778 2757 3854 scriptiis
2791 3779 2851 3835 P.
2886 3776 2984 3835 J0.

1705 3868 2076 3945 Perpiniani;
2110 3868 2185 3924 ib.
2233 3875 2411 3929 1749.

358 3773 658 3842 guntinuS,
719 3772 1071 3840 aliquamdiu
1113 3772 1285 3825 etiam
1325 3770 1646 3838 theologiae

362 3845 647 3912 professor
692 3843 749 3895 in
777 3843 1148 3897 universitate
1189 3841 1531 3910 moguntina
1556 3859 1647 3893 eu-

356 3917 454 3985 jus
481 3916 606 3969 erat
648 3916 707 3967 et
750 3918 928 3968 rector
955 3919 1132 3980 (1557)
1178 3918 1235 3966 et
1261 3912 1643 3976 cancellarius,

364 3987 463 4054 qui
492 3989 717 4039 strenue
746 3985 1134 4055 propugnavit
1158 4001 1383 4037 eausam
1413 3983 1647 4036 catholi-

362 4074 485 4110 cam
513 4067 560 4126 (1
587 4061 672 4112 16.
701 4057 864 4110 Mart.
895 4061 1069 4122 1572).
1100 4057 1179 4109 Cf.
1200 4056 1350 4108 Roth
1373 4055 1647 4108 Katholik

372 4133 506 4186 1895
539 4129 601 4191 ΙΙ,
627 4132 750 4183 455.

444 4205 481 4264 ¹)
508 4201 572 4252 In
602 4199 735 4252 bibl.
780 4199 923 4269 hisp.
967 4216 1115 4252 nova
1142 4199 1180 4260 Ι,
1208 4202 1307 4254 701
1340 4215 1400 4256 s„
1446 4196 1544 4250 ubi
1590 4201 1649 4251 et

367 4271 616 4337 ejusdem
631 4286 860 4351 operum
874 4270 1199 4339 catalogum
1210 4269 1476 4322 invenies
1487 4267 1647 4330 „Suis

368 4344 556 4395 tamen
587 4341 963 4408 opinionibus,
992 4341 1181 4407 inquit
1202 4340 1412 4393 contin.
1436 4339 1646 4393 Fleurii

368 4412 404 4464 l.
434 4416 534 4468 173
560 4423 587 4478 s*
622 4416 698 4476 11,
726 4429 837 4465 non
863 4412 1141 4466 immerito
1168 4412 1299 4480 plus
1326 4428 1506 4478 aequo
1528 4427 1647 4478 per·

368 4483 613 4536 tinacius
657 4482 991 4537 inhaerebat
1032 4486 1206 4549 atque
1250 4499 1284 4535 a
1326 4482 1648 4536 mitioribus

371 4555 662 4623 magisque
688 4555 989 4607 moderatis
1015 4553 1310 4607 sententiis
1336 4596 1347 4607 .
1379 4596 1390 4606 .
1420 4595 1431 4606 .
1475 4553 1648 4622 pluri·

371 4642 525 4677 mum
564 4625 839 4690 recessit‚“
882 4625 1037 4693 quod
1070 4627 1232 4693 patet
1269 4624 1330 4678 in
1356 4623 1554 4694 primis
1581 4641 1647 4678 ex
1780 4631 1819 4689 ²)
1849 4623 1928 4676 Cf.
1959 4622 2229 4676 Gaudeau
2255 4621 2307 4676 S.
2327 4620 2374 4673 J.
2403 4620 2463 4673 in
2483 4619 2609 4673 diss.
2633 4618 2701 4671 de
2723 4634 2805 4680 e0‚
2833 4616 2990 4670 Paris

371 4694 485 4748 suis
501 4713 625 4749 euin
641 4695 1072 4749 Bartholomaeo
1106 4696 1174 4750 de
1202 4695 1285 4748 las
1302 4698 1471 4750 Casas
1489 4695 1649 4749 Indo-
1705 4698 1876 4755 1891;
1911 4692 2325 4762 Sommervogel
2353 4692 2446 4754 Vl,
2473 4694 2734 4746 547·554;
2763 4687 2988 4741 Kaulen

374 4782 495 4819 rum
521 4784 746 4820 causam
774 4769 1174 4836 propugnante
1199 4765 1611 4822 controversiis.
1706 4766 1816 4819 KL.
1846 4764 1992 4817 vm.
2021 4769 2176 4821 1604.

1780 4200 1820 4259 ¹)
1848 4197 1928 4249 Cf.
1959 4194 2210 4258 Werner‚
2239 4194 2443 4247 Suarez
2471 4198 2519 4257 1,
2540 4197 2606 4248 31
2631 4214 2641 4244 :
2672 4191 2875 4250 ..Einer
2890 4191 2993 4245 der

1704 4271 1886 4320 ersten
1931 4266 2241 4337 (Jesuiteni,
2286 4264 2525 4318 welcher
2560 4263 2703 4317 nach
2748 4264 2856 4317 den
2885 4266 2988 4316 Ge·

1705 4342 1891 4392 setzen
1925 4336 2355 4391 scholastischer
2392 4334 2688 4388 Methodik
2715 4334 2987 4388 schrieb“.

1704 4410 1901 4464 Edidit
1925 4426 2149 4476 quoque
2174 4406 2447 4461 celebrem
2472 4409 2838 4460 catechismum
2865 4404 2991 4473 plu·

1703 4497 1789 4535 res
1814 4481 1875 4533 in
1899 4480 2127 4549 linguas
2153 4496 2405 4548 versum;
2453 4475 2866 4545 Sommervogel
2895 4474 2990 4539 IV,

1706 4556 2079 4609 1648—1651.
