<?xml version="1.0" encoding="UTF-8"?>
<!DOCTYPE html PUBLIC "-//W3C//DTD XHTML 1.0 Transitional//EN"
    "http://www.w3.org/TR/xhtml1/DTD/xhtml1-transitional.dtd">
<html xmlns="http://www.w3.org/1999/xhtml" xml:lang="en" lang="en">
 <head>
  <title>
</title>
<meta http-equiv="Content-Type" content="text/html;charset=utf-8" />
  <meta name='ocr-system' content='tesseract 3.04.00' />
  <meta name='ocr-capabilities' content='ocr_page ocr_carea ocr_par ocr_line ocrx_word'/>
</head>
<body>
  <div class='ocr_page' id='page_1' title='image "./nomenclatorlite11hurtgoog_0344.png"; bbox 0 0 3625 5193; ppageno 0'>
   <div class='ocr_carea' id='block_1_1' title="bbox 579 266 697 319">
    <p class='ocr_par' dir='ltr' id='par_1_1' title="bbox 579 266 697 319">
     <span class='ocr_line' id='line_1_1' title="bbox 579 266 697 319; baseline 0.017 -2"><span class='ocrx_word' id='word_1_1' title='bbox 579 266 697 319; x_wconf 85' lang='grc'><strong>671</strong></span> 
     </span>
    </p>
   </div>
   <div class='ocr_carea' id='block_1_2' title="bbox 913 251 3202 323">
    <p class='ocr_par' dir='ltr' id='par_1_2' title="bbox 913 251 3202 323">
     <span class='ocr_line' id='line_1_2' title="bbox 913 251 3202 323; baseline 0.002 -19"><span class='ocrx_word' id='word_1_2' title='bbox 913 252 1284 309; x_wconf 81' lang='grc'><strong>1621-1640.</strong></span> <span class='ocrx_word' id='word_1_3' title='bbox 1313 251 1625 322; x_wconf 85' lang='lat' dir='ltr'><strong>Theologia</strong></span> <span class='ocrx_word' id='word_1_4' title='bbox 1649 252 1825 309; x_wconf 82' lang='lat' dir='ltr'><strong>schol.</strong></span> <span class='ocrx_word' id='word_1_5' title='bbox 1850 253 1913 306; x_wconf 93' lang='lat' dir='ltr'><strong>in</strong></span> <span class='ocrx_word' id='word_1_6' title='bbox 1939 252 2097 321; x_wconf 88' lang='lat' dir='ltr'><strong>Hisp.</strong></span> <span class='ocrx_word' id='word_1_7' title='bbox 2122 252 2209 308; x_wconf 86' lang='lat' dir='ltr'><strong>J0.</strong></span> <span class='ocrx_word' id='word_1_8' title='bbox 2236 252 2307 305; x_wconf 89' lang='lat' dir='ltr'><strong>de</strong></span> <span class='ocrx_word' id='word_1_9' title='bbox 2334 252 2621 322; x_wconf 85' lang='lat' dir='ltr'><strong>Portngal‚</strong></span> <span class='ocrx_word' id='word_1_10' title='bbox 2650 253 2869 318; x_wconf 76' lang='lat' dir='ltr'><strong>Arx-iba,</strong></span> <span class='ocrx_word' id='word_1_11' title='bbox 3079 271 3202 323; x_wconf 58' lang='lat'><strong>(322</strong></span> 
     </span>
    </p>
   </div>
   <div class='ocr_carea' id='block_1_3' title="bbox 573 436 3207 1225">
    <p class='ocr_par' dir='ltr' id='par_1_3' title="bbox 573 436 3207 1225">
     <span class='ocr_line' id='line_1_3' title="bbox 668 436 3206 513; baseline 0 -16"><span class='ocrx_word' id='word_1_12' title='bbox 668 445 812 499; x_wconf 83' lang='lat'><strong>292.</strong></span> <span class='ocrx_word' id='word_1_13' title='bbox 845 437 1018 495; x_wconf 87' lang='lat' dir='ltr'><strong>Anno</strong></span> <span class='ocrx_word' id='word_1_14' title='bbox 1061 445 1222 499; x_wconf 79' lang='lat'>1629</span> <span class='ocrx_word' id='word_1_15' title='bbox 1258 436 1512 496; x_wconf 75' lang='lat' dir='ltr'><strong>decessit</strong></span> <span class='ocrx_word' id='word_1_16' title='bbox 1531 438 1750 497; x_wconf 87' lang='lat' dir='ltr'><strong>tertius</strong></span> <span class='ocrx_word' id='word_1_17' title='bbox 1766 456 1858 496; x_wconf 89' lang='lat' dir='ltr'><strong>so·</strong></span> <span class='ocrx_word' id='word_1_18' title='bbox 1917 437 2060 495; x_wconf 89' lang='lat' dir='ltr'><strong>Fere</strong></span> <span class='ocrx_word' id='word_1_19' title='bbox 2076 436 2229 495; x_wconf 87' lang='lat' dir='ltr'><strong>idem</strong></span> <span class='ocrx_word' id='word_1_20' title='bbox 2249 440 2341 494; x_wconf 87' lang='lat' dir='ltr'><strong>est</strong></span> <span class='ocrx_word' id='word_1_21' title='bbox 2360 440 2779 513; x_wconf 75' lang='lat' dir='ltr'><strong>argumentum</strong></span> <span class='ocrx_word' id='word_1_22' title='bbox 2809 438 3007 512; x_wconf 90' lang='lat' dir='ltr'><strong>operis</strong></span> <span class='ocrx_word' id='word_1_23' title='bbox 3028 438 3206 497; x_wconf 84' lang='lat' dir='ltr'><strong>Fran-</strong></span> 
     </span>
     <span class='ocr_line' id='line_1_4' title="bbox 577 525 3207 603; baseline 0.001 -19"><span class='ocrx_word' id='word_1_24' title='bbox 577 526 725 584; x_wconf 88' lang='lat' dir='ltr'><strong>dalis</strong></span> <span class='ocrx_word' id='word_1_25' title='bbox 757 525 1017 584; x_wconf 82' lang='lat' dir='ltr'><strong>Joannes</strong></span> <span class='ocrx_word' id='word_1_26' title='bbox 1047 526 1132 583; x_wconf 88' lang='lat' dir='ltr'><strong>de</strong></span> <span class='ocrx_word' id='word_1_27' title='bbox 1165 526 1568 602; x_wconf 82' lang='lat' dir='ltr'><strong>Portugal,</strong></span> <span class='ocrx_word' id='word_1_28' title='bbox 1602 528 1709 602; x_wconf 89' lang='lat' dir='ltr'><strong>qui</strong></span> <span class='ocrx_word' id='word_1_29' title='bbox 1739 545 1861 585; x_wconf 90' lang='lat' dir='ltr'><strong>non</strong></span> <span class='ocrx_word' id='word_1_30' title='bbox 1917 526 2057 583; x_wconf 89' lang='lat' dir='ltr'><strong>cisci</strong></span> <span class='ocrx_word' id='word_1_31' title='bbox 2107 525 2389 584; x_wconf 77' lang='lat' dir='ltr'><strong>Ari-iba</strong></span> <span class='ocrx_word' id='word_1_32' title='bbox 2441 525 2505 583; x_wconf 93' lang='lat' dir='ltr'><strong>O.</strong></span> <span class='ocrx_word' id='word_1_33' title='bbox 2557 527 2608 584; x_wconf 90' lang='lat' dir='ltr'><strong>S.</strong></span> <span class='ocrx_word' id='word_1_34' title='bbox 2660 525 2883 596; x_wconf 73' lang='lat' dir='ltr'><strong>Franc,</strong></span> <span class='ocrx_word' id='word_1_35' title='bbox 2946 527 3207 603; x_wconf 84' lang='lat' dir='ltr'><strong>episcopi</strong></span> 
     </span>
     <span class='ocr_line' id='line_1_5' title="bbox 575 614 3207 692; baseline 0.001 -20"><span class='ocrx_word' id='word_1_36' title='bbox 575 614 907 674; x_wconf 81' lang='lat' dir='ltr'><strong>eruditione</strong></span> <span class='ocrx_word' id='word_1_37' title='bbox 969 614 1165 672; x_wconf 89' lang='lat' dir='ltr'><strong>minus</strong></span> <span class='ocrx_word' id='word_1_38' title='bbox 1236 619 1300 673; x_wconf 86' lang='lat' dir='ltr'><strong>et</strong></span> <span class='ocrx_word' id='word_1_39' title='bbox 1359 616 1518 676; x_wconf 77' lang='lat' dir='ltr'><strong>vitae</strong></span> <span class='ocrx_word' id='word_1_40' title='bbox 1580 616 1859 692; x_wconf 84' lang='lat' dir='ltr'><strong>puritate,</strong></span> <span class='ocrx_word' id='word_1_41' title='bbox 1917 614 2297 689; x_wconf 79' lang='lat' dir='ltr'><strong>segoviensis,</strong></span> <span class='ocrx_word' id='word_1_42' title='bbox 2332 614 2465 672; x_wconf 89' lang='lat' dir='ltr'><strong>dein</strong></span> <span class='ocrx_word' id='word_1_43' title='bbox 2498 614 2886 685; x_wconf 80' lang='lat' dir='ltr'><strong>civitatensis,</strong></span> <span class='ocrx_word' id='word_1_44' title='bbox 2930 616 3027 674; x_wconf 89' lang='lat' dir='ltr'><strong>cui</strong></span> <span class='ocrx_word' id='word_1_45' title='bbox 3059 617 3207 674; x_wconf 92' lang='lat' dir='ltr'><strong>titu-</strong></span> 
     </span>
     <span class='ocr_line' id='line_1_6' title="bbox 574 702 3207 783; baseline 0 -21"><span class='ocrx_word' id='word_1_46' title='bbox 574 722 751 779; x_wconf 79' lang='lat' dir='ltr'><strong>quam</strong></span> <span class='ocrx_word' id='word_1_47' title='bbox 783 703 980 761; x_wconf 87' lang='lat' dir='ltr'><strong>titulis</strong></span> <span class='ocrx_word' id='word_1_48' title='bbox 1017 703 1250 779; x_wconf 88' lang='lat' dir='ltr'><strong>acregii</strong></span> <span class='ocrx_word' id='word_1_49' title='bbox 1268 705 1599 764; x_wconf 73' lang='lat' dir='ltr'><strong>stemmatis</strong></span> <span class='ocrx_word' id='word_1_50' title='bbox 1631 705 1862 780; x_wconf 90' lang='lat' dir='ltr'><strong>origine</strong></span> <span class='ocrx_word' id='word_1_51' title='bbox 1920 703 2042 761; x_wconf 93' lang='lat' dir='ltr'><strong>lum</strong></span> <span class='ocrx_word' id='word_1_52' title='bbox 2077 702 2246 763; x_wconf 87' lang='lat' dir='ltr'><strong>fecit:</strong></span> <span class='ocrx_word' id='word_1_53' title='bbox 2298 703 2459 776; x_wconf 81' lang='lat' dir='ltr'><strong>Opus</strong></span> <span class='ocrx_word' id='word_1_54' title='bbox 2488 705 2945 763; x_wconf 80' lang='lat' dir='ltr'><strong>conciliatorium</strong></span> <span class='ocrx_word' id='word_1_55' title='bbox 2970 707 3207 783; x_wconf 75' lang='lat' dir='ltr'><strong>qratiae</strong></span> 
     </span>
     <span class='ocr_line' id='line_1_7' title="bbox 576 792 3205 871; baseline -0 -19"><span class='ocrx_word' id='word_1_56' title='bbox 576 794 790 860; x_wconf 65' lang='lat' dir='ltr'><strong>clarm,</strong></span> <span class='ocrx_word' id='word_1_57' title='bbox 854 811 921 850; x_wconf 85' lang='lat' dir='ltr'><strong>ex</strong></span> <span class='ocrx_word' id='word_1_58' title='bbox 982 792 1146 868; x_wconf 88' lang='lat' dir='ltr'><strong>regia</strong></span> <span class='ocrx_word' id='word_1_59' title='bbox 1222 793 1342 851; x_wconf 85' lang='lat' dir='ltr'><strong>scil.</strong></span> <span class='ocrx_word' id='word_1_60' title='bbox 1406 794 1863 871; x_wconf 86' lang='lat' dir='ltr'><strong>Briganciorum</strong></span> <span class='ocrx_word' id='word_1_61' title='bbox 1918 799 1969 849; x_wconf 86' lang='lat' dir='ltr'><strong>et</strong></span> <span class='ocrx_word' id='word_1_62' title='bbox 1999 792 2165 850; x_wconf 79' lang='lat' dir='ltr'><strong>liberi</strong></span> <span class='ocrx_word' id='word_1_63' title='bbox 2183 792 2418 851; x_wconf 81' lang='lat' dir='ltr'><strong>arbitrii</strong></span> <span class='ocrx_word' id='word_1_64' title='bbox 2435 794 2615 851; x_wconf 85' lang='lat' dir='ltr'><strong>creati</strong></span> <span class='ocrx_word' id='word_1_65' title='bbox 2624 795 2938 868; x_wconf 76' lang='lat' dir='ltr'><strong>perfectam</strong></span> <span class='ocrx_word' id='word_1_66' title='bbox 2972 812 3205 853; x_wconf 86' lang='lat' dir='ltr'><strong>concor-</strong></span> 
     </span>
     <span class='ocr_line' id='line_1_8' title="bbox 574 881 3206 958; baseline 0 -18"><span class='ocrx_word' id='word_1_67' title='bbox 574 882 758 957; x_wconf 88' lang='lat' dir='ltr'><strong>stirpe</strong></span> <span class='ocrx_word' id='word_1_68' title='bbox 807 885 991 956; x_wconf 77' lang='lat' dir='ltr'><strong>satae,</strong></span> <span class='ocrx_word' id='word_1_69' title='bbox 1044 881 1204 940; x_wconf 84' lang='lat' dir='ltr'><strong>inter</strong></span> <span class='ocrx_word' id='word_1_70' title='bbox 1251 882 1590 942; x_wconf 86' lang='lat' dir='ltr'><strong>subtiliores</strong></span> <span class='ocrx_word' id='word_1_71' title='bbox 1641 883 1861 957; x_wconf 88' lang='lat' dir='ltr'><strong>Hispa·</strong></span> <span class='ocrx_word' id='word_1_72' title='bbox 1917 882 2079 939; x_wconf 83' lang='lat' dir='ltr'><strong>diam</strong></span> <span class='ocrx_word' id='word_1_73' title='bbox 2099 884 2492 956; x_wconf 75' lang='lat' dir='ltr'><strong>aeternaeque</strong></span> <span class='ocrx_word' id='word_1_74' title='bbox 2511 882 2934 956; x_wconf 76' lang='lat' dir='ltr'><strong>praescientiae</strong></span> <span class='ocrx_word' id='word_1_75' title='bbox 2954 886 3015 941; x_wconf 87' lang='lat' dir='ltr'><strong>et</strong></span> <span class='ocrx_word' id='word_1_76' title='bbox 3039 902 3206 958; x_wconf 87' lang='lat' dir='ltr'><strong>prae-</strong></span> 
     </span>
     <span class='ocr_line' id='line_1_9' title="bbox 575 969 3206 1046; baseline 0 -17"><span class='ocrx_word' id='word_1_77' title='bbox 575 972 707 1029; x_wconf 88' lang='lat' dir='ltr'><strong>niae</strong></span> <span class='ocrx_word' id='word_1_78' title='bbox 724 970 1100 1030; x_wconf 89' lang='lat' dir='ltr'><strong>scholasticos</strong></span> <span class='ocrx_word' id='word_1_79' title='bbox 1118 969 1232 1028; x_wconf 89' lang='lat' dir='ltr'><strong>sibi</strong></span> <span class='ocrx_word' id='word_1_80' title='bbox 1248 989 1464 1030; x_wconf 87' lang='lat' dir='ltr'><strong>nomen</strong></span> <span class='ocrx_word' id='word_1_81' title='bbox 1478 972 1635 1030; x_wconf 90' lang='lat' dir='ltr'><strong>fecit.</strong></span> <span class='ocrx_word' id='word_1_82' title='bbox 1671 972 1859 1030; x_wconf 88' lang='lat' dir='ltr'><strong>Theo·</strong></span> <span class='ocrx_word' id='word_1_83' title='bbox 1917 969 2334 1029; x_wconf 85' lang='lat' dir='ltr'><strong>destinationis</strong></span> <span class='ocrx_word' id='word_1_84' title='bbox 2365 969 2857 1030; x_wconf 85' lang='lat' dir='ltr'><strong>infallibilitatem</strong></span> <span class='ocrx_word' id='word_1_85' title='bbox 2894 976 3003 1030; x_wconf 85' lang='lat' dir='ltr'><strong>etc.</strong></span> <span class='ocrx_word' id='word_1_86' title='bbox 3024 974 3206 1046; x_wconf 69' lang='lat' dir='ltr'><strong>expli-</strong></span> 
     </span>
     <span class='ocr_line' id='line_1_10' title="bbox 573 1059 3205 1138; baseline 0 -20"><span class='ocrx_word' id='word_1_87' title='bbox 573 1060 789 1137; x_wconf 87' lang='lat' dir='ltr'><strong>logiam</strong></span> <span class='ocrx_word' id='word_1_88' title='bbox 821 1059 885 1117; x_wconf 92' lang='lat' dir='ltr'><strong>in</strong></span> <span class='ocrx_word' id='word_1_89' title='bbox 918 1059 1098 1117; x_wconf 85' lang='lat' dir='ltr'><strong>variis</strong></span> <span class='ocrx_word' id='word_1_90' title='bbox 1130 1059 1296 1118; x_wconf 87' lang='lat' dir='ltr'><strong>illius</strong></span> <span class='ocrx_word' id='word_1_91' title='bbox 1344 1062 1513 1138; x_wconf 88' lang='lat' dir='ltr'><strong>regni</strong></span> <span class='ocrx_word' id='word_1_92' title='bbox 1544 1060 1860 1119; x_wconf 80' lang='lat' dir='ltr'><strong>academiis</strong></span> <span class='ocrx_word' id='word_1_93' title='bbox 1917 1078 2057 1117; x_wconf 85' lang='lat' dir='ltr'><strong>cans</strong></span> <span class='ocrx_word' id='word_1_94' title='bbox 2086 1060 2148 1117; x_wconf 91' lang='lat' dir='ltr'><strong>ll.</strong></span> <span class='ocrx_word' id='word_1_95' title='bbox 2170 1068 2228 1128; x_wconf 85' lang='lat'><strong>4,</strong></span> <span class='ocrx_word' id='word_1_96' title='bbox 2262 1059 2505 1117; x_wconf 87' lang='lat' dir='ltr'><strong>Parisiis</strong></span> <span class='ocrx_word' id='word_1_97' title='bbox 2531 1068 2699 1123; x_wconf 82' lang='lat'><strong>1622</strong></span> <span class='ocrx_word' id='word_1_98' title='bbox 2734 1064 2776 1118; x_wconf 92' lang='lat' dir='ltr'><strong>t.</strong></span> <span class='ocrx_word' id='word_1_99' title='bbox 2802 1070 2859 1122; x_wconf 82' lang='grc'><strong>4.</strong></span> <span class='ocrx_word' id='word_1_100' title='bbox 2890 1061 3033 1137; x_wconf 83' lang='lat' dir='ltr'><strong>Agit</strong></span> <span class='ocrx_word' id='word_1_101' title='bbox 3049 1062 3205 1119; x_wconf 90' lang='lat' dir='ltr'><strong>enim</strong></span> 
     </span>
     <span class='ocr_line' id='line_1_11' title="bbox 573 1147 3206 1225; baseline 0 -18"><span class='ocrx_word' id='word_1_102' title='bbox 573 1152 704 1207; x_wconf 88' lang='lat' dir='ltr'><strong>tum</strong></span> <span class='ocrx_word' id='word_1_103' title='bbox 736 1148 799 1206; x_wconf 89' lang='lat' dir='ltr'><strong>in</strong></span> <span class='ocrx_word' id='word_1_104' title='bbox 830 1147 1107 1206; x_wconf 87' lang='lat' dir='ltr'><strong>lusitanis</strong></span> <span class='ocrx_word' id='word_1_105' title='bbox 1142 1148 1341 1207; x_wconf 87' lang='lat' dir='ltr'><strong>docuit</strong></span> <span class='ocrx_word' id='word_1_106' title='bbox 1371 1168 1508 1208; x_wconf 89' lang='lat' dir='ltr'><strong>cum</strong></span> <span class='ocrx_word' id='word_1_107' title='bbox 1527 1150 1718 1219; x_wconf 85' lang='lat' dir='ltr'><strong>laude,</strong></span> <span class='ocrx_word' id='word_1_108' title='bbox 1753 1167 1862 1207; x_wconf 90' lang='lat' dir='ltr'><strong>nec</strong></span> <span class='ocrx_word' id='word_1_109' title='bbox 1915 1147 1982 1206; x_wconf 91' lang='lat' dir='ltr'><strong>in</strong></span> <span class='ocrx_word' id='word_1_110' title='bbox 2013 1166 2080 1207; x_wconf 92' lang='lat' dir='ltr'><strong>eo</strong></span> <span class='ocrx_word' id='word_1_111' title='bbox 2113 1148 2183 1206; x_wconf 89' lang='lat' dir='ltr'><strong>de</strong></span> <span class='ocrx_word' id='word_1_112' title='bbox 2216 1147 2601 1223; x_wconf 85' lang='lat' dir='ltr'><strong>simplicitate</strong></span> <span class='ocrx_word' id='word_1_113' title='bbox 2634 1148 2826 1208; x_wconf 85' lang='lat' dir='ltr'><strong>divini</strong></span> <span class='ocrx_word' id='word_1_114' title='bbox 2846 1167 2973 1208; x_wconf 86' lang='lat' dir='ltr'><strong>esse</strong></span> <span class='ocrx_word' id='word_1_115' title='bbox 2993 1168 3060 1208; x_wconf 90' lang='lat' dir='ltr'><strong>ac</strong></span> <span class='ocrx_word' id='word_1_116' title='bbox 3075 1169 3206 1225; x_wconf 90' lang='lat' dir='ltr'><strong>per-</strong></span> 
     </span>
    </p>
   </div>
   <div class='ocr_carea' id='block_1_4' title="bbox 574 1237 1859 1312">
    <p class='ocr_par' dir='ltr' id='par_1_4' title="bbox 574 1237 1859 1312">
     <span class='ocr_line' id='line_1_12' title="bbox 574 1237 1859 1312; baseline 0.002 -16"><span class='ocrx_word' id='word_1_117' title='bbox 574 1238 773 1296; x_wconf 87' lang='lat' dir='ltr'><strong>minus</strong></span> <span class='ocrx_word' id='word_1_118' title='bbox 796 1256 826 1295; x_wconf 92' lang='lat' dir='ltr'><strong>e</strong></span> <span class='ocrx_word' id='word_1_119' title='bbox 847 1237 1028 1296; x_wconf 89' lang='lat' dir='ltr'><strong>sacris</strong></span> <span class='ocrx_word' id='word_1_120' title='bbox 1053 1237 1305 1312; x_wconf 88' lang='lat' dir='ltr'><strong>pulpitis</strong></span> <span class='ocrx_word' id='word_1_121' title='bbox 1338 1239 1620 1297; x_wconf 87' lang='lat' dir='ltr'><strong>inclaruit</strong></span> <span class='ocrx_word' id='word_1_122' title='bbox 1638 1257 1704 1297; x_wconf 87' lang='lat' dir='ltr'><strong>ac</strong></span> <span class='ocrx_word' id='word_1_123' title='bbox 1722 1242 1859 1298; x_wconf 85' lang='lat' dir='ltr'><strong>tan·</strong></span> 
     </span>
    </p>
   </div>
   <div class='ocr_carea' id='block_1_5' title="bbox 1918 1236 3207 1306">
    <p class='ocr_par' dir='ltr' id='par_1_5' title="bbox 1918 1236 3207 1306">
     <span class='ocr_line' id='line_1_13' title="bbox 1918 1236 3207 1306; baseline 0.001 -11"><span class='ocrx_word' id='word_1_124' title='bbox 1918 1254 2197 1295; x_wconf 87' lang='lat' dir='ltr'><strong>sonarum</strong></span> <span class='ocrx_word' id='word_1_125' title='bbox 2231 1236 2512 1306; x_wconf 89' lang='lat' dir='ltr'><strong>trinitate,</strong></span> <span class='ocrx_word' id='word_1_126' title='bbox 2546 1237 2619 1295; x_wconf 89' lang='lat' dir='ltr'><strong>de</strong></span> <span class='ocrx_word' id='word_1_127' title='bbox 2652 1238 3037 1297; x_wconf 81' lang='lat' dir='ltr'><strong>coexistentia</strong></span> <span class='ocrx_word' id='word_1_128' title='bbox 3066 1258 3207 1297; x_wconf 85' lang='lat' dir='ltr'><strong>vera</strong></span> 
     </span>
    </p>
   </div>
   <div class='ocr_carea' id='block_1_6' title="bbox 574 1324 3208 1401">
    <p class='ocr_par' dir='ltr' id='par_1_6' title="bbox 574 1324 3208 1401">
     <span class='ocr_line' id='line_1_14' title="bbox 574 1324 3208 1401; baseline 0.001 -17"><span class='ocrx_word' id='word_1_129' title='bbox 574 1327 709 1385; x_wconf 89' lang='lat' dir='ltr'><strong>dem</strong></span> <span class='ocrx_word' id='word_1_130' title='bbox 770 1324 844 1385; x_wconf 89' lang='lat' dir='ltr'><strong>ad</strong></span> <span class='ocrx_word' id='word_1_131' title='bbox 906 1325 1169 1401; x_wconf 88' lang='lat' dir='ltr'><strong>Philippi</strong></span> <span class='ocrx_word' id='word_1_132' title='bbox 1231 1326 1327 1384; x_wconf 91' lang='lat' dir='ltr'><strong>IV.</strong></span> <span class='ocrx_word' id='word_1_133' title='bbox 1392 1326 1859 1386; x_wconf 86' lang='lat' dir='ltr'><strong>nominationem</strong></span> <span class='ocrx_word' id='word_1_134' title='bbox 1916 1344 1981 1383; x_wconf 87' lang='lat' dir='ltr'><strong>ac</strong></span> <span class='ocrx_word' id='word_1_135' title='bbox 1996 1325 2142 1384; x_wconf 90' lang='lat' dir='ltr'><strong>reali</strong></span> <span class='ocrx_word' id='word_1_136' title='bbox 2159 1326 2425 1384; x_wconf 90' lang='lat' dir='ltr'><strong>omnium</strong></span> <span class='ocrx_word' id='word_1_137' title='bbox 2442 1330 2845 1385; x_wconf 88' lang='lat' dir='ltr'><strong>creaturarum</strong></span> <span class='ocrx_word' id='word_1_138' title='bbox 2873 1327 2945 1385; x_wconf 89' lang='lat' dir='ltr'><strong>ab</strong></span> <span class='ocrx_word' id='word_1_139' title='bbox 2970 1331 3208 1386; x_wconf 85' lang='lat' dir='ltr'><strong>aeterno</strong></span> 
     </span>
    </p>
   </div>
   <div class='ocr_carea' id='block_1_7' title="bbox 569 1412 1863 4244">
    <p class='ocr_par' dir='ltr' id='par_1_7' title="bbox 569 1412 1863 4244">
     <span class='ocr_line' id='line_1_15' title="bbox 574 1412 1859 1496; baseline -0.001 -22"><span class='ocrx_word' id='word_1_140' title='bbox 574 1416 887 1491; x_wconf 87' lang='lat' dir='ltr'><strong>episeopus</strong></span> <span class='ocrx_word' id='word_1_141' title='bbox 938 1413 1190 1473; x_wconf 83' lang='lat' dir='ltr'><strong>visensis</strong></span> <span class='ocrx_word' id='word_1_142' title='bbox 1242 1415 1435 1474; x_wconf 83' lang='lat' dir='ltr'><strong>factus</strong></span> <span class='ocrx_word' id='word_1_143' title='bbox 1487 1421 1582 1475; x_wconf 87' lang='lat' dir='ltr'><strong>est</strong></span> <span class='ocrx_word' id='word_1_144' title='bbox 1615 1412 1859 1496; x_wconf 78' lang='lat'><strong>(1625).</strong></span> 
     </span>
     <span class='ocr_line' id='line_1_16' title="bbox 575 1504 1861 1580; baseline 0.002 -19"><span class='ocrx_word' id='word_1_145' title='bbox 575 1504 710 1563; x_wconf 83' lang='lat' dir='ltr'><strong>Non</strong></span> <span class='ocrx_word' id='word_1_146' title='bbox 741 1505 981 1563; x_wconf 90' lang='lat' dir='ltr'><strong>omnino</strong></span> <span class='ocrx_word' id='word_1_147' title='bbox 1013 1505 1271 1577; x_wconf 73' lang='lat' dir='ltr'><strong>quatuor</strong></span> <span class='ocrx_word' id='word_1_148' title='bbox 1319 1524 1504 1565; x_wconf 89' lang='lat' dir='ltr'><strong>annos</strong></span> <span class='ocrx_word' id='word_1_149' title='bbox 1538 1506 1599 1563; x_wconf 91' lang='lat' dir='ltr'><strong>in</strong></span> <span class='ocrx_word' id='word_1_150' title='bbox 1632 1506 1861 1580; x_wconf 55' lang='lat' dir='ltr'><strong>episooa</strong></span> 
     </span>
     <span class='ocr_line' id='line_1_17' title="bbox 574 1592 1861 1670; baseline 0 -19"><span class='ocrx_word' id='word_1_151' title='bbox 574 1599 722 1667; x_wconf 82' lang='lat' dir='ltr'><strong>patu</strong></span> <span class='ocrx_word' id='word_1_152' title='bbox 753 1592 1048 1668; x_wconf 84' lang='lat' dir='ltr'><strong>transegit</strong></span> <span class='ocrx_word' id='word_1_153' title='bbox 1096 1610 1272 1650; x_wconf 79' lang='lat' dir='ltr'><strong>verus</strong></span> <span class='ocrx_word' id='word_1_154' title='bbox 1315 1598 1482 1667; x_wconf 88' lang='lat' dir='ltr'><strong>pater</strong></span> <span class='ocrx_word' id='word_1_155' title='bbox 1533 1613 1861 1670; x_wconf 88' lang='lat' dir='ltr'><strong>pauperum</strong></span> 
     </span>
     <span class='ocr_line' id='line_1_18' title="bbox 574 1682 1863 1758; baseline 0 -19"><span class='ocrx_word' id='word_1_156' title='bbox 574 1682 955 1755; x_wconf 89' lang='lat' dir='ltr'><strong>omniumque</strong></span> <span class='ocrx_word' id='word_1_157' title='bbox 969 1682 1266 1739; x_wconf 78' lang='lat' dir='ltr'><strong>virtutum</strong></span> <span class='ocrx_word' id='word_1_158' title='bbox 1283 1684 1593 1757; x_wconf 86' lang='lat' dir='ltr'><strong>exemplar.</strong></span> <span class='ocrx_word' id='word_1_159' title='bbox 1616 1683 1863 1758; x_wconf 87' lang='lat' dir='ltr'><strong>Scripsit</strong></span> 
     </span>
     <span class='ocr_line' id='line_1_19' title="bbox 574 1772 1862 1847; baseline 0.002 -20"><span class='ocrx_word' id='word_1_160' title='bbox 574 1772 643 1827; x_wconf 83' lang='lat' dir='ltr'><strong>de</strong></span> <span class='ocrx_word' id='word_1_161' title='bbox 668 1772 862 1847; x_wconf 68' lang='lat' dir='ltr'><strong>qratia</strong></span> <span class='ocrx_word' id='word_1_162' title='bbox 896 1772 1154 1828; x_wconf 80' lang='lat' dir='ltr'><strong>increata</strong></span> <span class='ocrx_word' id='word_1_163' title='bbox 1185 1777 1448 1829; x_wconf 80' lang='lat' dir='ltr'><strong>etcreata</strong></span> <span class='ocrx_word' id='word_1_164' title='bbox 1467 1775 1509 1830; x_wconf 89' lang='lat' dir='ltr'><strong>t.</strong></span> <span class='ocrx_word' id='word_1_165' title='bbox 1541 1783 1608 1840; x_wconf 94' lang='grc'><strong>1.,</strong></span> <span class='ocrx_word' id='word_1_166' title='bbox 1643 1772 1748 1845; x_wconf 92' lang='lat' dir='ltr'><strong>qui</strong></span> <span class='ocrx_word' id='word_1_167' title='bbox 1767 1775 1862 1829; x_wconf 88' lang='lat' dir='ltr'><strong>est</strong></span> 
     </span>
     <span class='ocr_line' id='line_1_20' title="bbox 574 1858 1858 1934; baseline 0 -18"><span class='ocrx_word' id='word_1_168' title='bbox 574 1859 646 1918; x_wconf 91' lang='lat' dir='ltr'><strong>de</strong></span> <span class='ocrx_word' id='word_1_169' title='bbox 679 1858 909 1934; x_wconf 87' lang='lat' dir='ltr'><strong>Spiritu</strong></span> <span class='ocrx_word' id='word_1_170' title='bbox 940 1877 1002 1928; x_wconf 90' lang='lat' dir='ltr'><strong>s.,</strong></span> <span class='ocrx_word' id='word_1_171' title='bbox 1037 1859 1457 1919; x_wconf 87' lang='lat' dir='ltr'><strong>Conimbriciae</strong></span> <span class='ocrx_word' id='word_1_172' title='bbox 1500 1869 1656 1925; x_wconf 82' lang='lat'><strong>1627</strong></span> <span class='ocrx_word' id='word_1_173' title='bbox 1705 1861 1767 1919; x_wconf 90' lang='lat' dir='ltr'><strong>in</strong></span> <span class='ocrx_word' id='word_1_174' title='bbox 1800 1860 1858 1928; x_wconf 84' lang='lat' dir='ltr'><strong>f.‚</strong></span> 
     </span>
     <span class='ocr_line' id='line_1_21' title="bbox 574 1948 1858 2024; baseline 0 -18"><span class='ocrx_word' id='word_1_175' title='bbox 574 1967 692 2022; x_wconf 88' lang='lat' dir='ltr'><strong>quo</strong></span> <span class='ocrx_word' id='word_1_176' title='bbox 725 1949 788 2005; x_wconf 90' lang='lat' dir='ltr'><strong>in</strong></span> <span class='ocrx_word' id='word_1_177' title='bbox 820 1966 1010 2024; x_wconf 91' lang='lat' dir='ltr'><strong>opere,</strong></span> <span class='ocrx_word' id='word_1_178' title='bbox 1058 1948 1170 2005; x_wconf 90' lang='lat' dir='ltr'><strong>etsi</strong></span> <span class='ocrx_word' id='word_1_179' title='bbox 1221 1948 1291 2006; x_wconf 90' lang='lat' dir='ltr'><strong>de</strong></span> <span class='ocrx_word' id='word_1_180' title='bbox 1325 1949 1555 2023; x_wconf 87' lang='lat' dir='ltr'><strong>Spiritu</strong></span> <span class='ocrx_word' id='word_1_181' title='bbox 1590 1968 1632 2007; x_wconf 80' lang='lat' dir='ltr'><strong>s,</strong></span> <span class='ocrx_word' id='word_1_182' title='bbox 1667 1950 1858 2007; x_wconf 88' lang='lat' dir='ltr'><strong>solum</strong></span> 
     </span>
     <span class='ocr_line' id='line_1_22' title="bbox 575 2037 1858 2111; baseline 0.001 -16"><span class='ocrx_word' id='word_1_183' title='bbox 575 2041 848 2096; x_wconf 85' lang='lat' dir='ltr'><strong>acturum</strong></span> <span class='ocrx_word' id='word_1_184' title='bbox 881 2055 942 2095; x_wconf 89' lang='lat' dir='ltr'><strong>se</strong></span> <span class='ocrx_word' id='word_1_185' title='bbox 974 2037 1321 2111; x_wconf 88' lang='lat' dir='ltr'><strong>promittere</strong></span> <span class='ocrx_word' id='word_1_186' title='bbox 1341 2038 1629 2107; x_wconf 83' lang='lat' dir='ltr'><strong>videatur,</strong></span> <span class='ocrx_word' id='word_1_187' title='bbox 1665 2041 1858 2096; x_wconf 89' lang='lat' dir='ltr'><strong>totum</strong></span> 
     </span>
     <span class='ocr_line' id='line_1_23' title="bbox 574 2125 1860 2186; baseline 0 -3"><span class='ocrx_word' id='word_1_188' title='bbox 574 2126 963 2185; x_wconf 87' lang='lat' dir='ltr'><strong>nihilominus</strong></span> <span class='ocrx_word' id='word_1_189' title='bbox 992 2125 1115 2183; x_wconf 89' lang='lat' dir='ltr'><strong>fere</strong></span> <span class='ocrx_word' id='word_1_190' title='bbox 1135 2144 1176 2183; x_wconf 88' lang='lat' dir='ltr'><strong>s.</strong></span> <span class='ocrx_word' id='word_1_191' title='bbox 1197 2125 1509 2185; x_wconf 84' lang='lat' dir='ltr'><strong>Trinitatis</strong></span> <span class='ocrx_word' id='word_1_192' title='bbox 1540 2131 1860 2186; x_wconf 83' lang='lat' dir='ltr'><strong>tractatum</strong></span> 
     </span>
     <span class='ocr_line' id='line_1_24' title="bbox 572 2215 1858 2292; baseline 0.002 -20"><span class='ocrx_word' id='word_1_193' title='bbox 572 2234 680 2290; x_wconf 87' lang='lat' dir='ltr'><strong>pro</strong></span> <span class='ocrx_word' id='word_1_194' title='bbox 689 2215 815 2273; x_wconf 87' lang='lat' dir='ltr'><strong>fert.</strong></span> <span class='ocrx_word' id='word_1_195' title='bbox 848 2215 1065 2273; x_wconf 85' lang='lat' dir='ltr'><strong>Tomus</strong></span> <span class='ocrx_word' id='word_1_196' title='bbox 1102 2223 1154 2275; x_wconf 83' lang='lat'><strong>2.</strong></span> <span class='ocrx_word' id='word_1_197' title='bbox 1177 2215 1249 2273; x_wconf 80' lang='lat' dir='ltr'><strong>de</strong></span> <span class='ocrx_word' id='word_1_198' title='bbox 1268 2217 1460 2292; x_wconf 85' lang='lat' dir='ltr'><strong>gratia</strong></span> <span class='ocrx_word' id='word_1_199' title='bbox 1478 2219 1675 2274; x_wconf 78' lang='lat' dir='ltr'><strong>creata</strong></span> <span class='ocrx_word' id='word_1_200' title='bbox 1694 2234 1858 2273; x_wconf 89' lang='lat' dir='ltr'><strong>man-</strong></span> 
     </span>
     <span class='ocr_line' id='line_1_25' title="bbox 575 2301 1861 2384; baseline -0.001 -22"><span class='ocrx_word' id='word_1_201' title='bbox 575 2305 654 2362; x_wconf 87' lang='lat' dir='ltr'><strong>sit</strong></span> <span class='ocrx_word' id='word_1_202' title='bbox 685 2304 948 2363; x_wconf 88' lang='lat' dir='ltr'><strong>ineditus</strong></span> <span class='ocrx_word' id='word_1_203' title='bbox 981 2301 1163 2384; x_wconf 88' lang='lat' dir='ltr'><strong>(sicut</strong></span> <span class='ocrx_word' id='word_1_204' title='bbox 1192 2307 1286 2363; x_wconf 90' lang='lat' dir='ltr'><strong>tot</strong></span> <span class='ocrx_word' id='word_1_205' title='bbox 1304 2305 1420 2362; x_wconf 84' lang='lat' dir='ltr'><strong>alia</strong></span> <span class='ocrx_word' id='word_1_206' title='bbox 1441 2323 1617 2380; x_wconf 88' lang='lat' dir='ltr'><strong>opera</strong></span> <span class='ocrx_word' id='word_1_207' title='bbox 1648 2304 1720 2362; x_wconf 92' lang='lat' dir='ltr'><strong>de</strong></span> <span class='ocrx_word' id='word_1_208' title='bbox 1753 2305 1861 2362; x_wconf 91' lang='lat' dir='ltr'><strong>hac</strong></span> 
     </span>
     <span class='ocr_line' id='line_1_26' title="bbox 573 2390 1859 2474; baseline -0.001 -24"><span class='ocrx_word' id='word_1_209' title='bbox 573 2394 818 2452; x_wconf 87' lang='lat' dir='ltr'><strong>materia</strong></span> <span class='ocrx_word' id='word_1_210' title='bbox 850 2393 912 2451; x_wconf 92' lang='lat' dir='ltr'><strong>in</strong></span> <span class='ocrx_word' id='word_1_211' title='bbox 944 2393 1064 2451; x_wconf 89' lang='lat' dir='ltr'><strong>ista</strong></span> <span class='ocrx_word' id='word_1_212' title='bbox 1092 2390 1356 2474; x_wconf 85' lang='lat' dir='ltr'><strong>periodo)</strong></span> <span class='ocrx_word' id='word_1_213' title='bbox 1407 2398 1652 2469; x_wconf 87' lang='lat' dir='ltr'><strong>propter</strong></span> <span class='ocrx_word' id='word_1_214' title='bbox 1701 2393 1859 2451; x_wconf 87' lang='lat' dir='ltr'><strong>sedis</strong></span> 
     </span>
     <span class='ocr_line' id='line_1_27' title="bbox 571 2481 1856 2557; baseline 0.002 -18"><span class='ocrx_word' id='word_1_215' title='bbox 571 2482 926 2557; x_wconf 84' lang='lat' dir='ltr'><strong>apostolicae</strong></span> <span class='ocrx_word' id='word_1_216' title='bbox 989 2481 1450 2556; x_wconf 86' lang='lat' dir='ltr'><strong>prohibitionem</strong></span> <span class='ocrx_word' id='word_1_217' title='bbox 1512 2482 1587 2540; x_wconf 88' lang='lat' dir='ltr'><strong>ad</strong></span> <span class='ocrx_word' id='word_1_218' title='bbox 1649 2500 1856 2542; x_wconf 90' lang='lat' dir='ltr'><strong>conso-</strong></span> 
     </span>
     <span class='ocr_line' id='line_1_28' title="bbox 573 2570 1860 2647; baseline 0 -17"><span class='ocrx_word' id='word_1_219' title='bbox 573 2572 819 2647; x_wconf 85' lang='lat' dir='ltr'><strong>piendas</strong></span> <span class='ocrx_word' id='word_1_220' title='bbox 871 2589 1033 2631; x_wconf 88' lang='lat' dir='ltr'><strong>acres</strong></span> <span class='ocrx_word' id='word_1_221' title='bbox 1084 2570 1156 2629; x_wconf 91' lang='lat' dir='ltr'><strong>de</strong></span> <span class='ocrx_word' id='word_1_222' title='bbox 1202 2570 1360 2630; x_wconf 86' lang='lat' dir='ltr'><strong>hisce</strong></span> <span class='ocrx_word' id='word_1_223' title='bbox 1407 2571 1860 2645; x_wconf 83' lang='lat' dir='ltr'><strong>quaestionibus</strong></span> 
     </span>
     <span class='ocr_line' id='line_1_29' title="bbox 574 2660 1857 2735; baseline -0.002 -15"><span class='ocrx_word' id='word_1_224' title='bbox 574 2661 1003 2720; x_wconf 83' lang='lat' dir='ltr'><strong>controversias</strong></span> <span class='ocrx_word' id='word_1_225' title='bbox 1034 2660 1488 2735; x_wconf 84' lang='lat' dir='ltr'><strong>promulgatam.</strong></span> <span class='ocrx_word' id='word_1_226' title='bbox 1538 2694 1612 2703; x_wconf 90' lang='lat'>—</span> <span class='ocrx_word' id='word_1_227' title='bbox 1644 2662 1730 2719; x_wconf 88' lang='lat' dir='ltr'><strong>De</strong></span> <span class='ocrx_word' id='word_1_228' title='bbox 1750 2678 1857 2718; x_wconf 84' lang='lat' dir='ltr'><strong>au-</strong></span> 
     </span>
     <span class='ocr_line' id='line_1_30' title="bbox 569 2748 1858 2827; baseline -0.002 -19"><span class='ocrx_word' id='word_1_229' title='bbox 569 2752 895 2827; x_wconf 73' lang='lat' dir='ltr'><strong>qustissimo</strong></span> <span class='ocrx_word' id='word_1_230' title='bbox 925 2769 1000 2806; x_wconf 85' lang='lat' dir='ltr'><strong>ss.</strong></span> <span class='ocrx_word' id='word_1_231' title='bbox 1045 2748 1348 2805; x_wconf 74' lang='lat' dir='ltr'><strong>Trinitatis</strong></span> <span class='ocrx_word' id='word_1_232' title='bbox 1398 2751 1667 2824; x_wconf 79' lang='lat' dir='ltr'><strong>mysterio</strong></span> <span class='ocrx_word' id='word_1_233' title='bbox 1701 2750 1858 2825; x_wconf 89' lang='lat' dir='ltr'><strong>Lug-</strong></span> 
     </span>
     <span class='ocr_line' id='line_1_31' title="bbox 573 2836 1860 2911; baseline -0.001 -15"><span class='ocrx_word' id='word_1_234' title='bbox 573 2839 721 2896; x_wconf 89' lang='lat' dir='ltr'><strong>duni</strong></span> <span class='ocrx_word' id='word_1_235' title='bbox 774 2845 937 2900; x_wconf 86' lang='lat'>1617</span> <span class='ocrx_word' id='word_1_236' title='bbox 993 2837 1056 2893; x_wconf 93' lang='lat' dir='ltr'><strong>in</strong></span> <span class='ocrx_word' id='word_1_237' title='bbox 1110 2844 1164 2897; x_wconf 87' lang='grc'><strong>8.</strong></span> <span class='ocrx_word' id='word_1_238' title='bbox 1216 2836 1582 2911; x_wconf 88' lang='lat' dir='ltr'><strong>scripserunt</strong></span> <span class='ocrx_word' id='word_1_239' title='bbox 1613 2838 1860 2896; x_wconf 87' lang='lat' dir='ltr'><strong>Michael</strong></span> 
     </span>
     <span class='ocr_line' id='line_1_32' title="bbox 576 2921 1856 3002; baseline 0.001 -19"><span class='ocrx_word' id='word_1_240' title='bbox 576 2921 907 2999; x_wconf 71' lang='lat' dir='ltr'><strong>Viisquez</strong></span> <span class='ocrx_word' id='word_1_241' title='bbox 955 2927 1044 2982; x_wconf 85' lang='lat' dir='ltr'><strong>de</strong></span> <span class='ocrx_word' id='word_1_242' title='bbox 1095 2924 1399 2982; x_wconf 88' lang='lat' dir='ltr'><strong>Padilla</strong></span> <span class='ocrx_word' id='word_1_243' title='bbox 1450 2929 1502 2986; x_wconf 91' lang='lat' dir='ltr'><strong>S.</strong></span> <span class='ocrx_word' id='word_1_244' title='bbox 1535 2925 1590 2984; x_wconf 90' lang='lat' dir='ltr'><strong>J.</strong></span> <span class='ocrx_word' id='word_1_245' title='bbox 1642 2926 1856 3002; x_wconf 89' lang='lat' dir='ltr'><strong>Hispa·</strong></span> 
     </span>
     <span class='ocr_line' id='line_1_33' title="bbox 572 3013 1857 3089; baseline 0.001 -17"><span class='ocrx_word' id='word_1_246' title='bbox 572 3015 788 3083; x_wconf 82' lang='lat' dir='ltr'><strong>lensiS,</strong></span> <span class='ocrx_word' id='word_1_247' title='bbox 853 3013 957 3089; x_wconf 77' lang='lat' dir='ltr'><strong>qui</strong></span> <span class='ocrx_word' id='word_1_248' title='bbox 1005 3013 1269 3072; x_wconf 89' lang='lat' dir='ltr'><strong>nondum</strong></span> <span class='ocrx_word' id='word_1_249' title='bbox 1315 3015 1582 3073; x_wconf 89' lang='lat' dir='ltr'><strong>sacerdos</strong></span> <span class='ocrx_word' id='word_1_250' title='bbox 1629 3016 1857 3074; x_wconf 88' lang='lat' dir='ltr'><strong>theolo-</strong></span> 
     </span>
     <span class='ocr_line' id='line_1_34' title="bbox 573 3102 1854 3179; baseline 0.001 -18"><span class='ocrx_word' id='word_1_251' title='bbox 573 3104 723 3179; x_wconf 86' lang='lat' dir='ltr'><strong>giam</strong></span> <span class='ocrx_word' id='word_1_252' title='bbox 751 3102 1156 3162; x_wconf 88' lang='lat' dir='ltr'><strong>scholasticam</strong></span> <span class='ocrx_word' id='word_1_253' title='bbox 1182 3122 1315 3161; x_wconf 90' lang='lat' dir='ltr'><strong>cum</strong></span> <span class='ocrx_word' id='word_1_254' title='bbox 1336 3103 1510 3163; x_wconf 90' lang='lat' dir='ltr'><strong>laude</strong></span> <span class='ocrx_word' id='word_1_255' title='bbox 1532 3104 1854 3173; x_wconf 84' lang='lat' dir='ltr'><strong>Cordubae,</strong></span> 
     </span>
     <span class='ocr_line' id='line_1_35' title="bbox 572 3192 1859 3262; baseline 0.001 -12"><span class='ocrx_word' id='word_1_256' title='bbox 572 3193 784 3251; x_wconf 88' lang='lat' dir='ltr'><strong>deinde</strong></span> <span class='ocrx_word' id='word_1_257' title='bbox 815 3193 1044 3262; x_wconf 88' lang='lat' dir='ltr'><strong>Romae,</strong></span> <span class='ocrx_word' id='word_1_258' title='bbox 1067 3192 1454 3251; x_wconf 85' lang='lat' dir='ltr'><strong>Salmanticae</strong></span> <span class='ocrx_word' id='word_1_259' title='bbox 1486 3198 1546 3251; x_wconf 91' lang='lat' dir='ltr'><strong>et</strong></span> <span class='ocrx_word' id='word_1_260' title='bbox 1566 3193 1859 3251; x_wconf 84' lang='lat' dir='ltr'><strong>Granatae</strong></span> 
     </span>
     <span class='ocr_line' id='line_1_36' title="bbox 572 3279 1854 3363; baseline -0.001 -23"><span class='ocrx_word' id='word_1_261' title='bbox 572 3282 870 3357; x_wconf 89' lang='lat' dir='ltr'><strong>professus</strong></span> <span class='ocrx_word' id='word_1_262' title='bbox 903 3286 993 3341; x_wconf 89' lang='lat' dir='ltr'><strong>est</strong></span> <span class='ocrx_word' id='word_1_263' title='bbox 1013 3279 1073 3363; x_wconf 86' lang='lat'><strong>(†</strong></span> <span class='ocrx_word' id='word_1_264' title='bbox 1096 3282 1522 3345; x_wconf 72' lang='lat' dir='ltr'><strong>25.Jul.1624</strong></span> <span class='ocrx_word' id='word_1_265' title='bbox 1560 3302 1607 3338; x_wconf 87' lang='lat' dir='ltr'><strong>a.</strong></span> <span class='ocrx_word' id='word_1_266' title='bbox 1641 3282 1854 3340; x_wconf 88' lang='lat' dir='ltr'><strong>aetatis</strong></span> 
     </span>
     <span class='ocr_line' id='line_1_37' title="bbox 576 3368 1857 3452; baseline -0.006 -17"><span class='ocrx_word' id='word_1_267' title='bbox 576 3368 703 3452; x_wconf 88' lang='lat'>65),</span> <span class='ocrx_word' id='word_1_268' title='bbox 737 3372 821 3434; x_wconf 88' lang='lat' dir='ltr'><strong>ed.</strong></span> <span class='ocrx_word' id='word_1_269' title='bbox 855 3390 1125 3430; x_wconf 88' lang='lat' dir='ltr'><strong>sermone</strong></span> <span class='ocrx_word' id='word_1_270' title='bbox 1155 3390 1257 3429; x_wconf 90' lang='lat' dir='ltr'><strong>seu</strong></span> <span class='ocrx_word' id='word_1_271' title='bbox 1292 3374 1555 3429; x_wconf 83' lang='lat' dir='ltr'><strong>tractatu</strong></span> <span class='ocrx_word' id='word_1_272' title='bbox 1576 3369 1857 3447; x_wconf 84' lang='lat' dir='ltr'><strong>Lugduni</strong></span> 
     </span>
     <span class='ocr_line' id='line_1_38' title="bbox 580 3455 1854 3542; baseline -0.004 -20"><span class='ocrx_word' id='word_1_273' title='bbox 580 3462 833 3524; x_wconf 66' lang='grc'><strong>1617111</strong></span> <span class='ocrx_word' id='word_1_274' title='bbox 853 3472 927 3531; x_wconf 82' lang='grc'><strong>8.,</strong></span> <span class='ocrx_word' id='word_1_275' title='bbox 950 3461 1319 3519; x_wconf 85' lang='lat' dir='ltr'><strong>etMartinus</strong></span> <span class='ocrx_word' id='word_1_276' title='bbox 1339 3459 1411 3517; x_wconf 92' lang='lat' dir='ltr'><strong>de</strong></span> <span class='ocrx_word' id='word_1_277' title='bbox 1433 3455 1710 3542; x_wconf 76' lang='lat' dir='ltr'><strong>Alviz1)</strong></span> <span class='ocrx_word' id='word_1_278' title='bbox 1734 3460 1854 3535; x_wconf 90' lang='lat' dir='ltr'><strong>pri·</strong></span> 
     </span>
     <span class='ocr_line' id='line_1_39' title="bbox 570 3549 1856 3625; baseline -0.002 -16"><span class='ocrx_word' id='word_1_279' title='bbox 570 3551 792 3609; x_wconf 90' lang='lat' dir='ltr'><strong>mumS.</strong></span> <span class='ocrx_word' id='word_1_280' title='bbox 813 3549 887 3620; x_wconf 87' lang='lat' dir='ltr'><strong>J.,</strong></span> <span class='ocrx_word' id='word_1_281' title='bbox 925 3550 1061 3608; x_wconf 89' lang='lat' dir='ltr'><strong>dein</strong></span> <span class='ocrx_word' id='word_1_282' title='bbox 1077 3549 1141 3607; x_wconf 90' lang='lat' dir='ltr'><strong>O.</strong></span> <span class='ocrx_word' id='word_1_283' title='bbox 1164 3550 1601 3625; x_wconf 79' lang='lat' dir='ltr'><strong>Erem.s.Aug.‚</strong></span> <span class='ocrx_word' id='word_1_284' title='bbox 1635 3550 1856 3624; x_wconf 86' lang='lat' dir='ltr'><strong>prima-</strong></span> 
     </span>
     <span class='ocr_line' id='line_1_40' title="bbox 571 3638 1855 3714; baseline -0.002 -16"><span class='ocrx_word' id='word_1_285' title='bbox 571 3640 688 3698; x_wconf 87' lang='lat' dir='ltr'><strong>riae</strong></span> <span class='ocrx_word' id='word_1_286' title='bbox 706 3640 1012 3698; x_wconf 84' lang='lat' dir='ltr'><strong>cathedrae</strong></span> <span class='ocrx_word' id='word_1_287' title='bbox 1029 3638 1390 3714; x_wconf 85' lang='lat' dir='ltr'><strong>theologicae</strong></span> <span class='ocrx_word' id='word_1_288' title='bbox 1412 3638 1710 3713; x_wconf 88' lang='lat' dir='ltr'><strong>Compluti</strong></span> <span class='ocrx_word' id='word_1_289' title='bbox 1732 3656 1855 3695; x_wconf 87' lang='lat' dir='ltr'><strong>rec-</strong></span> 
     </span>
     <span class='ocr_line' id='line_1_41' title="bbox 570 3726 1854 3801; baseline -0.001 -15"><span class='ocrx_word' id='word_1_290' title='bbox 570 3734 678 3799; x_wconf 89' lang='lat' dir='ltr'><strong>tor,</strong></span> <span class='ocrx_word' id='word_1_291' title='bbox 703 3729 794 3787; x_wconf 84' lang='lat' dir='ltr'><strong>vir</strong></span> <span class='ocrx_word' id='word_1_292' title='bbox 809 3728 1074 3786; x_wconf 89' lang='lat' dir='ltr'><strong>omnium</strong></span> <span class='ocrx_word' id='word_1_293' title='bbox 1090 3727 1428 3801; x_wconf 84' lang='lat' dir='ltr'><strong>aequalium</strong></span> <span class='ocrx_word' id='word_1_294' title='bbox 1438 3726 1663 3801; x_wconf 86' lang='lat' dir='ltr'><strong>judicio</strong></span> <span class='ocrx_word' id='word_1_295' title='bbox 1679 3727 1742 3785; x_wconf 93' lang='lat' dir='ltr'><strong>in</strong></span> <span class='ocrx_word' id='word_1_296' title='bbox 1764 3745 1854 3785; x_wconf 88' lang='lat' dir='ltr'><strong>re-</strong></span> 
     </span>
     <span class='ocr_line' id='line_1_42' title="bbox 573 3814 1859 3892; baseline -0.001 -18"><span class='ocrx_word' id='word_1_297' title='bbox 573 3819 682 3876; x_wconf 91' lang='lat' dir='ltr'><strong>bus</strong></span> <span class='ocrx_word' id='word_1_298' title='bbox 715 3816 1062 3892; x_wconf 86' lang='lat' dir='ltr'><strong>theologicis</strong></span> <span class='ocrx_word' id='word_1_299' title='bbox 1092 3816 1247 3873; x_wconf 82' lang='lat' dir='ltr'><strong>sama</strong></span> <span class='ocrx_word' id='word_1_300' title='bbox 1278 3814 1597 3872; x_wconf 88' lang='lat' dir='ltr'><strong>admodum</strong></span> <span class='ocrx_word' id='word_1_301' title='bbox 1630 3816 1859 3874; x_wconf 88' lang='lat' dir='ltr'><strong>celeber</strong></span> 
     </span>
     <span class='ocr_line' id='line_1_43' title="bbox 572 3900 1855 3986; baseline -0.005 -19"><span class='ocrx_word' id='word_1_302' title='bbox 572 3902 632 3986; x_wconf 88' lang='lat'><strong>(†</strong></span> <span class='ocrx_word' id='word_1_303' title='bbox 672 3900 884 3985; x_wconf 84' lang='grc'><strong>1633),</strong></span> <span class='ocrx_word' id='word_1_304' title='bbox 918 3905 1088 3977; x_wconf 80' lang='lat' dir='ltr'><strong>cujus</strong></span> <span class='ocrx_word' id='word_1_305' title='bbox 1122 3906 1353 3961; x_wconf 78' lang='lat' dir='ltr'><strong>exstant</strong></span> <span class='ocrx_word' id='word_1_306' title='bbox 1390 3906 1682 3961; x_wconf 86' lang='lat' dir='ltr'><strong>tractatus</strong></span> <span class='ocrx_word' id='word_1_307' title='bbox 1716 3909 1855 3973; x_wconf 84' lang='lat' dir='ltr'><strong>treS,</strong></span> 
     </span>
     <span class='ocr_line' id='line_1_44' title="bbox 570 3988 1856 4059; baseline 0 -9"><span class='ocrx_word' id='word_1_308' title='bbox 570 3995 638 4050; x_wconf 86' lang='lat' dir='ltr'><strong>de</strong></span> <span class='ocrx_word' id='word_1_309' title='bbox 671 3994 947 4050; x_wconf 68' lang='lat' dir='ltr'><strong>altissima</strong></span> <span class='ocrx_word' id='word_1_310' title='bbox 980 3993 1234 4059; x_wconf 57' lang='lat' dir='ltr'><strong>scientia,</strong></span> <span class='ocrx_word' id='word_1_311' title='bbox 1269 3988 1630 4049; x_wconf 75' lang='lat' dir='ltr'><strong>inscrutabili</strong></span> <span class='ocrx_word' id='word_1_312' title='bbox 1663 3994 1856 4050; x_wconf 80' lang='lat' dir='ltr'><strong>volun-</strong></span> 
     </span>
     <span class='ocr_line' id='line_1_45' title="bbox 571 4080 1859 4155; baseline 0.001 -17"><span class='ocrx_word' id='word_1_313' title='bbox 571 4090 702 4155; x_wconf 83' lang='lat' dir='ltr'><strong>tate,</strong></span> <span class='ocrx_word' id='word_1_314' title='bbox 769 4080 1144 4155; x_wconf 76' lang='lat' dir='ltr'><strong>incestiyabili</strong></span> <span class='ocrx_word' id='word_1_315' title='bbox 1211 4081 1729 4153; x_wconf 76' lang='lat' dir='ltr'><strong>praedestinatione</strong></span> <span class='ocrx_word' id='word_1_316' title='bbox 1790 4101 1859 4139; x_wconf 87' lang='lat' dir='ltr'><strong>ac</strong></span> 
     </span>
     <span class='ocr_line' id='line_1_46' title="bbox 573 4169 1849 4244; baseline 0 -18"><span class='ocrx_word' id='word_1_317' title='bbox 573 4169 856 4241; x_wconf 76' lang='lat' dir='ltr'><strong>ineffabili</strong></span> <span class='ocrx_word' id='word_1_318' title='bbox 895 4170 1193 4242; x_wconf 83' lang='lat' dir='ltr'><strong>Trinitate,</strong></span> <span class='ocrx_word' id='word_1_319' title='bbox 1228 4169 1524 4244; x_wconf 84' lang='lat' dir='ltr'><strong>Compluti</strong></span> <span class='ocrx_word' id='word_1_320' title='bbox 1567 4179 1747 4232; x_wconf 74' lang='lat'><strong>1632.</strong></span> <span class='ocrx_word' id='word_1_321' title='bbox 1780 4205 1849 4216; x_wconf 23' lang='lat' dir='ltr'><strong>-q-</strong></span> 
     </span>
    </p>
   </div>
   <div class='ocr_carea' id='block_1_8' title="bbox 575 4311 890 4321">
    <p class='ocr_par' dir='ltr' id='par_1_8' title="bbox 575 4311 890 4321">
     <span class='ocr_line' id='line_1_47' title="bbox 575 4311 890 4321; baseline 0 0"><span class='ocrx_word' id='word_1_322' title='bbox 575 4311 890 4321; x_wconf 95' lang='lat' dir='ltr'><strong> </strong></span> 
     </span>
    </p>
   </div>
   <div class='ocr_carea' id='block_1_9' title="bbox 570 4378 1857 4587">
    <p class='ocr_par' dir='ltr' id='par_1_9' title="bbox 570 4378 1857 4587">
     <span class='ocr_line' id='line_1_48' title="bbox 570 4378 1855 4448; baseline 0.001 -20"><span class='ocrx_word' id='word_1_323' title='bbox 570 4393 859 4431; x_wconf 72' lang='lat' dir='ltr'><strong>causarum</strong></span> <span class='ocrx_word' id='word_1_324' title='bbox 887 4378 1146 4432; x_wconf 66' lang='lat' dir='ltr'><strong>defensor</strong></span> <span class='ocrx_word' id='word_1_325' title='bbox 1172 4381 1219 4448; x_wconf 86' lang='lat'><strong>(†</strong></span> <span class='ocrx_word' id='word_1_326' title='bbox 1245 4382 1329 4434; x_wconf 69' lang='lat'><strong>31).</strong></span> <span class='ocrx_word' id='word_1_327' title='bbox 1354 4378 1473 4431; x_wconf 73' lang='lat' dir='ltr'><strong>Oct.</strong></span> <span class='ocrx_word' id='word_1_328' title='bbox 1503 4382 1659 4434; x_wconf 56' lang='lat'>1609]</span> <span class='ocrx_word' id='word_1_329' title='bbox 1688 4378 1855 4448; x_wconf 84' lang='lat' dir='ltr'><strong>scrip·</strong></span> 
     </span>
     <span class='ocr_line' id='line_1_49' title="bbox 571 4448 1855 4517; baseline -0.001 -15"><span class='ocrx_word' id='word_1_330' title='bbox 571 4450 647 4502; x_wconf 86' lang='lat' dir='ltr'><strong>sit</strong></span> <span class='ocrx_word' id='word_1_331' title='bbox 689 4450 846 4503; x_wconf 81' lang='lat' dir='ltr'><strong>docte</strong></span> <span class='ocrx_word' id='word_1_332' title='bbox 874 4450 1160 4504; x_wconf 77' lang='lat' dir='ltr'><strong>Glossema</strong></span> <span class='ocrx_word' id='word_1_333' title='bbox 1202 4466 1300 4501; x_wconf 72' lang='lat' dir='ltr'><strong>seu</strong></span> <span class='ocrx_word' id='word_1_334' title='bbox 1326 4448 1855 4517; x_wconf 78' lang='lat' dir='ltr'><strong>interpretationem</strong></span> 
     </span>
     <span class='ocr_line' id='line_1_50' title="bbox 572 4520 1857 4587; baseline -0.002 -14"><span class='ocrx_word' id='word_1_335' title='bbox 572 4521 643 4573; x_wconf 82' lang='lat' dir='ltr'><strong>ad</strong></span> <span class='ocrx_word' id='word_1_336' title='bbox 683 4537 796 4587; x_wconf 83' lang='lat' dir='ltr'><strong>reg.</strong></span> <span class='ocrx_word' id='word_1_337' title='bbox 840 4522 956 4573; x_wconf 87' lang='lat' dir='ltr'><strong>Vll.</strong></span> <span class='ocrx_word' id='word_1_338' title='bbox 1000 4520 1367 4573; x_wconf 73' lang='lat' dir='ltr'><strong>cancellariae</strong></span> <span class='ocrx_word' id='word_1_339' title='bbox 1408 4523 1469 4573; x_wconf 85' lang='lat' dir='ltr'><strong>de</strong></span> <span class='ocrx_word' id='word_1_340' title='bbox 1508 4526 1857 4574; x_wconf 72' lang='lat' dir='ltr'><strong>reservatione</strong></span> 
     </span>
    </p>
   </div>
   <div class='ocr_carea' id='block_1_10' title="bbox 573 4591 1856 4721">
    <p class='ocr_par' dir='ltr' id='par_1_10' title="bbox 573 4591 1856 4721">
     <span class='ocr_line' id='line_1_51' title="bbox 573 4591 1856 4659; baseline 0.001 -16"><span class='ocrx_word' id='word_1_341' title='bbox 573 4596 824 4645; x_wconf 83' lang='lat' dir='ltr'><strong>mensium</strong></span> <span class='ocrx_word' id='word_1_342' title='bbox 841 4601 888 4645; x_wconf 87' lang='lat' dir='ltr'><strong>et</strong></span> <span class='ocrx_word' id='word_1_343' title='bbox 903 4596 1220 4645; x_wconf 74' lang='lat' dir='ltr'><strong>alternatim</strong></span> <span class='ocrx_word' id='word_1_344' title='bbox 1246 4596 1626 4659; x_wconf 70' lang='lat' dir='ltr'><strong>episeolmrmn‚</strong></span> <span class='ocrx_word' id='word_1_345' title='bbox 1647 4591 1856 4645; x_wconf 83' lang='lat' dir='ltr'><strong>Romae</strong></span> 
     </span>
     <span class='ocr_line' id='line_1_52' title="bbox 577 4661 1551 4721; baseline -0.002 -4"><span class='ocrx_word' id='word_1_346' title='bbox 577 4666 741 4721; x_wconf 78' lang='lat'>1604:</span> <span class='ocrx_word' id='word_1_347' title='bbox 772 4667 939 4719; x_wconf 78' lang='lat'>1611:</span> <span class='ocrx_word' id='word_1_348' title='bbox 969 4663 1232 4716; x_wconf 67' lang='lat' dir='ltr'><strong>Coloniae</strong></span> <span class='ocrx_word' id='word_1_349' title='bbox 1261 4668 1398 4719; x_wconf 85' lang='grc'><strong>1615</strong></span> <span class='ocrx_word' id='word_1_350' title='bbox 1426 4661 1486 4714; x_wconf 89' lang='lat' dir='ltr'><strong>in</strong></span> <span class='ocrx_word' id='word_1_351' title='bbox 1516 4663 1551 4715; x_wconf 87' lang='lat' dir='ltr'><strong>f.</strong></span> 
     </span>
    </p>
   </div>
   <div class='ocr_carea' id='block_1_11' title="bbox 1916 1414 3208 2557">
    <p class='ocr_par' dir='ltr' id='par_1_11' title="bbox 1916 1414 3208 2557">
     <span class='ocr_line' id='line_1_53' title="bbox 1917 1414 3206 1490; baseline 0.002 -18"><span class='ocrx_word' id='word_1_352' title='bbox 1917 1414 1978 1472; x_wconf 92' lang='lat' dir='ltr'><strong>in</strong></span> <span class='ocrx_word' id='word_1_353' title='bbox 2010 1414 2359 1473; x_wconf 86' lang='lat' dir='ltr'><strong>aeternitate</strong></span> <span class='ocrx_word' id='word_1_354' title='bbox 2391 1414 2611 1484; x_wconf 85' lang='lat' dir='ltr'><strong>divina,</strong></span> <span class='ocrx_word' id='word_1_355' title='bbox 2646 1415 2718 1474; x_wconf 90' lang='lat' dir='ltr'><strong>de</strong></span> <span class='ocrx_word' id='word_1_356' title='bbox 2738 1415 2963 1490; x_wconf 87' lang='lat' dir='ltr'><strong>duplici</strong></span> <span class='ocrx_word' id='word_1_357' title='bbox 2983 1416 3206 1486; x_wconf 88' lang='lat' dir='ltr'><strong>ordine,</strong></span> 
     </span>
     <span class='ocr_line' id='line_1_54' title="bbox 1918 1503 3202 1578; baseline 0.001 -17"><span class='ocrx_word' id='word_1_358' title='bbox 1918 1503 2029 1561; x_wconf 87' lang='lat' dir='ltr'><strong>sub</strong></span> <span class='ocrx_word' id='word_1_359' title='bbox 2049 1522 2167 1578; x_wconf 91' lang='lat' dir='ltr'><strong>quo</strong></span> <span class='ocrx_word' id='word_1_360' title='bbox 2190 1503 2346 1562; x_wconf 90' lang='lat' dir='ltr'><strong>Deus</strong></span> <span class='ocrx_word' id='word_1_361' title='bbox 2362 1508 2644 1578; x_wconf 87' lang='lat' dir='ltr'><strong>operatur</strong></span> <span class='ocrx_word' id='word_1_362' title='bbox 2673 1503 2746 1562; x_wconf 90' lang='lat' dir='ltr'><strong>ad</strong></span> <span class='ocrx_word' id='word_1_363' title='bbox 2767 1508 2950 1574; x_wconf 84' lang='lat' dir='ltr'><strong>extra,</strong></span> <span class='ocrx_word' id='word_1_364' title='bbox 2972 1509 3033 1563; x_wconf 90' lang='lat' dir='ltr'><strong>et</strong></span> <span class='ocrx_word' id='word_1_365' title='bbox 3052 1505 3202 1563; x_wconf 86' lang='lat' dir='ltr'><strong>aliis.</strong></span> 
     </span>
     <span class='ocr_line' id='line_1_55' title="bbox 1918 1591 3205 1669; baseline 0.002 -19"><span class='ocrx_word' id='word_1_366' title='bbox 1918 1625 2006 1635; x_wconf 92' lang='lat'><strong>—</strong></span> <span class='ocrx_word' id='word_1_367' title='bbox 2038 1591 2297 1650; x_wconf 86' lang='lat' dir='ltr'><strong>Didacus</strong></span> <span class='ocrx_word' id='word_1_368' title='bbox 2332 1592 2403 1651; x_wconf 88' lang='lat' dir='ltr'><strong>de</strong></span> <span class='ocrx_word' id='word_1_369' title='bbox 2434 1594 2773 1652; x_wconf 90' lang='lat' dir='ltr'><strong>Alarcon</strong></span> <span class='ocrx_word' id='word_1_370' title='bbox 2806 1593 2860 1655; x_wconf 90' lang='lat' dir='ltr'><strong>S.</strong></span> <span class='ocrx_word' id='word_1_371' title='bbox 2893 1593 2950 1656; x_wconf 87' lang='lat' dir='ltr'><strong>J.</strong></span> <span class='ocrx_word' id='word_1_372' title='bbox 3000 1612 3069 1652; x_wconf 86' lang='lat' dir='ltr'><strong>ex</strong></span> <span class='ocrx_word' id='word_1_373' title='bbox 3100 1613 3205 1669; x_wconf 90' lang='lat' dir='ltr'><strong>op-</strong></span> 
     </span>
     <span class='ocr_line' id='line_1_56' title="bbox 1917 1680 3203 1758; baseline 0.002 -20"><span class='ocrx_word' id='word_1_374' title='bbox 1917 1681 2056 1756; x_wconf 83' lang='lat' dir='ltr'><strong>pido</strong></span> <span class='ocrx_word' id='word_1_375' title='bbox 2088 1681 2367 1740; x_wconf 86' lang='lat' dir='ltr'><strong>Albacete</strong></span> <span class='ocrx_word' id='word_1_376' title='bbox 2398 1680 2682 1740; x_wconf 89' lang='lat' dir='ltr'><strong>dioecesis</strong></span> <span class='ocrx_word' id='word_1_377' title='bbox 2715 1683 3203 1758; x_wconf 88' lang='lat' dir='ltr'><strong>carthaginensis,</strong></span> 
     </span>
     <span class='ocr_line' id='line_1_57' title="bbox 1917 1769 3206 1847; baseline 0.001 -19"><span class='ocrx_word' id='word_1_378' title='bbox 1917 1769 2341 1846; x_wconf 88' lang='lat' dir='ltr'><strong>philosophiae,</strong></span> <span class='ocrx_word' id='word_1_379' title='bbox 2378 1770 2511 1827; x_wconf 87' lang='lat' dir='ltr'><strong>dein</strong></span> <span class='ocrx_word' id='word_1_380' title='bbox 2545 1770 2841 1846; x_wconf 89' lang='lat' dir='ltr'><strong>Compluti</strong></span> <span class='ocrx_word' id='word_1_381' title='bbox 2872 1771 3206 1847; x_wconf 87' lang='lat' dir='ltr'><strong>theologiae</strong></span> 
     </span>
     <span class='ocr_line' id='line_1_58' title="bbox 1917 1855 3208 1940; baseline 0.001 -23"><span class='ocrx_word' id='word_1_382' title='bbox 1917 1857 2210 1934; x_wconf 82' lang='lat' dir='ltr'><strong>p‘rofessor</strong></span> <span class='ocrx_word' id='word_1_383' title='bbox 2267 1855 2326 1939; x_wconf 90' lang='lat'><strong>(†</strong></span> <span class='ocrx_word' id='word_1_384' title='bbox 2370 1867 2467 1922; x_wconf 85' lang='lat'><strong>28.</strong></span> <span class='ocrx_word' id='word_1_385' title='bbox 2516 1859 2640 1921; x_wconf 89' lang='lat' dir='ltr'><strong>Oct.</strong></span> <span class='ocrx_word' id='word_1_386' title='bbox 2695 1855 2908 1940; x_wconf 84' lang='lat'><strong>1634),</strong></span> <span class='ocrx_word' id='word_1_387' title='bbox 2959 1860 3208 1934; x_wconf 81' lang='lat' dir='ltr'><strong>reliquit</strong></span> 
     </span>
     <span class='ocr_line' id='line_1_59' title="bbox 1916 1948 3201 2026; baseline 0.002 -21"><span class='ocrx_word' id='word_1_388' title='bbox 1916 1949 2219 2024; x_wconf 74' lang='lat' dir='ltr'><strong>theoloyiae</strong></span> <span class='ocrx_word' id='word_1_389' title='bbox 2278 1948 2646 2006; x_wconf 77' lang='lat' dir='ltr'><strong>scholasticae</strong></span> <span class='ocrx_word' id='word_1_390' title='bbox 2686 1968 2747 2024; x_wconf 82' lang='lat' dir='ltr'><strong>p.</strong></span> <span class='ocrx_word' id='word_1_391' title='bbox 2798 1952 2858 2019; x_wconf 88' lang='lat'><strong>1,</strong></span> <span class='ocrx_word' id='word_1_392' title='bbox 2921 1948 3201 2026; x_wconf 89' lang='lat' dir='ltr'><strong>Lugduni</strong></span> 
     </span>
     <span class='ocr_line' id='line_1_60' title="bbox 1928 2036 3204 2111; baseline -0.003 -12"><span class='ocrx_word' id='word_1_393' title='bbox 1928 2046 2088 2099; x_wconf 85' lang='lat'><strong>1633</strong></span> <span class='ocrx_word' id='word_1_394' title='bbox 2122 2037 2186 2095; x_wconf 90' lang='lat' dir='ltr'><strong>in</strong></span> <span class='ocrx_word' id='word_1_395' title='bbox 2216 2036 2253 2094; x_wconf 87' lang='lat' dir='ltr'><strong>f.</strong></span> <span class='ocrx_word' id='word_1_396' title='bbox 2285 2070 2374 2079; x_wconf 92' lang='lat'>—</span> <span class='ocrx_word' id='word_1_397' title='bbox 2406 2037 2638 2095; x_wconf 86' lang='lat' dir='ltr'><strong>Pariter</strong></span> <span class='ocrx_word' id='word_1_398' title='bbox 2682 2037 2930 2111; x_wconf 89' lang='lat' dir='ltr'><strong>primam</strong></span> <span class='ocrx_word' id='word_1_399' title='bbox 2963 2040 3204 2096; x_wconf 90' lang='lat' dir='ltr'><strong>tantum</strong></span> 
     </span>
     <span class='ocr_line' id='line_1_61' title="bbox 1916 2125 3200 2203; baseline 0.001 -21"><span class='ocrx_word' id='word_1_400' title='bbox 1916 2131 2143 2200; x_wconf 86' lang='lat' dir='ltr'><strong>partem</strong></span> <span class='ocrx_word' id='word_1_401' title='bbox 2165 2125 2436 2183; x_wconf 82' lang='lat' dir='ltr'><strong>Summae</strong></span> <span class='ocrx_word' id='word_1_402' title='bbox 2465 2127 2771 2203; x_wconf 73' lang='lat' dir='ltr'><strong>theoloqiae</strong></span> <span class='ocrx_word' id='word_1_403' title='bbox 2800 2126 2991 2184; x_wconf 88' lang='lat' dir='ltr'><strong>edidit</strong></span> <span class='ocrx_word' id='word_1_404' title='bbox 3022 2125 3200 2184; x_wconf 88' lang='lat' dir='ltr'><strong>Dida·</strong></span> 
     </span>
     <span class='ocr_line' id='line_1_62' title="bbox 1917 2214 3204 2291; baseline 0.001 -19"><span class='ocrx_word' id='word_1_405' title='bbox 1917 2233 2021 2273; x_wconf 87' lang='lat' dir='ltr'><strong>cus</strong></span> <span class='ocrx_word' id='word_1_406' title='bbox 2072 2214 2144 2272; x_wconf 90' lang='lat' dir='ltr'><strong>de</strong></span> <span class='ocrx_word' id='word_1_407' title='bbox 2196 2215 2534 2284; x_wconf 78' lang='lat' dir='ltr'><strong>CacereS,</strong></span> <span class='ocrx_word' id='word_1_408' title='bbox 2605 2215 2727 2276; x_wconf 89' lang='lat' dir='ltr'><strong>ord.</strong></span> <span class='ocrx_word' id='word_1_409' title='bbox 2791 2215 3204 2291; x_wconf 83' lang='lat' dir='ltr'><strong>Hieronymia-</strong></span> 
     </span>
     <span class='ocr_line' id='line_1_63' title="bbox 1917 2299 3204 2381; baseline 0.001 -20"><span class='ocrx_word' id='word_1_410' title='bbox 1917 2322 2131 2362; x_wconf 91' lang='lat' dir='ltr'><strong>norum</strong></span> <span class='ocrx_word' id='word_1_411' title='bbox 2193 2304 2489 2378; x_wconf 83' lang='lat' dir='ltr'><strong>quondam</strong></span> <span class='ocrx_word' id='word_1_412' title='bbox 2552 2304 2931 2378; x_wconf 87' lang='lat' dir='ltr'><strong>praepositus</strong></span> <span class='ocrx_word' id='word_1_413' title='bbox 2949 2299 3014 2381; x_wconf 89' lang='lat'><strong>¹),</strong></span> <span class='ocrx_word' id='word_1_414' title='bbox 3080 2305 3204 2363; x_wconf 87' lang='lat' dir='ltr'><strong>Sal-</strong></span> 
     </span>
     <span class='ocr_line' id='line_1_64' title="bbox 1917 2392 3207 2457; baseline 0 -6"><span class='ocrx_word' id='word_1_415' title='bbox 1917 2392 2203 2451; x_wconf 87' lang='lat' dir='ltr'><strong>manticae</strong></span> <span class='ocrx_word' id='word_1_416' title='bbox 2236 2401 2396 2456; x_wconf 87' lang='grc'><strong>1638</strong></span> <span class='ocrx_word' id='word_1_417' title='bbox 2421 2393 2483 2450; x_wconf 90' lang='lat' dir='ltr'><strong>in</strong></span> <span class='ocrx_word' id='word_1_418' title='bbox 2506 2402 2561 2457; x_wconf 85' lang='lat'><strong>8.</strong></span> <span class='ocrx_word' id='word_1_419' title='bbox 2579 2393 3030 2452; x_wconf 84' lang='lat' dir='ltr'><strong>—Emmanuel</strong></span> <span class='ocrx_word' id='word_1_420' title='bbox 3056 2392 3207 2451; x_wconf 87' lang='lat' dir='ltr'><strong>dela</strong></span> 
     </span>
     <span class='ocr_line' id='line_1_65' title="bbox 1918 2479 3201 2557; baseline 0 -17"><span class='ocrx_word' id='word_1_421' title='bbox 1918 2480 2153 2540; x_wconf 87' lang='lat' dir='ltr'><strong>Cerda</strong></span> <span class='ocrx_word' id='word_1_422' title='bbox 2198 2479 2262 2538; x_wconf 93' lang='grc' dir='ltr'><strong>Ο.</strong></span> <span class='ocrx_word' id='word_1_423' title='bbox 2296 2480 2350 2538; x_wconf 91' lang='lat' dir='ltr'><strong>S.</strong></span> <span class='ocrx_word' id='word_1_424' title='bbox 2384 2482 2535 2557; x_wconf 87' lang='lat' dir='ltr'><strong>Aug.</strong></span> <span class='ocrx_word' id='word_1_425' title='bbox 2583 2481 3032 2556; x_wconf 90' lang='lat' dir='ltr'><strong>Olisiponensis,</strong></span> <span class='ocrx_word' id='word_1_426' title='bbox 3069 2501 3201 2556; x_wconf 89' lang='lat' dir='ltr'><strong>pro·</strong></span> 
     </span>
    </p>
   </div>
   <div class='ocr_carea' id='block_1_12' title="bbox 1916 2569 3297 2647">
    <p class='ocr_par' dir='ltr' id='par_1_12' title="bbox 1916 2569 3297 2647">
     <span class='ocr_line' id='line_1_66' title="bbox 1916 2569 3297 2647; baseline 0 -18"><span class='ocrx_word' id='word_1_427' title='bbox 1916 2569 2143 2629; x_wconf 83' lang='lat' dir='ltr'><strong>vinciae</strong></span> <span class='ocrx_word' id='word_1_428' title='bbox 2175 2571 2565 2646; x_wconf 77' lang='lat' dir='ltr'><strong>praepositae,</strong></span> <span class='ocrx_word' id='word_1_429' title='bbox 2598 2571 2836 2645; x_wconf 84' lang='lat' dir='ltr'><strong>scripsit</strong></span> <span class='ocrx_word' id='word_1_430' title='bbox 2854 2573 3209 2647; x_wconf 73' lang='lat' dir='ltr'><strong>quaestiones</strong></span> <span class='ocrx_word' id='word_1_431' title='bbox 3292 2590 3297 2596; x_wconf 93' lang='lat'><em>·</em></span> 
     </span>
    </p>
   </div>
   <div class='ocr_carea' id='block_1_13' title="bbox 1916 2656 3206 2912">
    <p class='ocr_par' dir='ltr' id='par_1_13' title="bbox 1916 2656 3206 2912">
     <span class='ocr_line' id='line_1_67' title="bbox 1916 2656 3198 2741; baseline 0.003 -24"><span class='ocrx_word' id='word_1_432' title='bbox 1916 2659 2315 2736; x_wconf 81' lang='lat' dir='ltr'><strong>quodlibeticas</strong></span> <span class='ocrx_word' id='word_1_433' title='bbox 2365 2656 2519 2741; x_wconf 91' lang='lat'><strong>(10),</strong></span> <span class='ocrx_word' id='word_1_434' title='bbox 2572 2659 2973 2719; x_wconf 79' lang='lat' dir='ltr'><strong>Conimbrioae</strong></span> <span class='ocrx_word' id='word_1_435' title='bbox 3032 2670 3198 2723; x_wconf 87' lang='grc'><strong>1619</strong></span> 
     </span>
     <span class='ocr_line' id='line_1_68' title="bbox 1917 2748 3206 2818; baseline 0 -12"><span class='ocrx_word' id='word_1_436' title='bbox 1917 2750 1978 2806; x_wconf 94' lang='lat' dir='ltr'><strong>in</strong></span> <span class='ocrx_word' id='word_1_437' title='bbox 2028 2748 2084 2818; x_wconf 89' lang='lat' dir='ltr'><strong>f.‚</strong></span> <span class='ocrx_word' id='word_1_438' title='bbox 2136 2750 2196 2805; x_wconf 87' lang='lat' dir='ltr'><strong>et</strong></span> <span class='ocrx_word' id='word_1_439' title='bbox 2246 2750 2732 2807; x_wconf 83' lang='lat' dir='ltr'><strong>commentarium</strong></span> <span class='ocrx_word' id='word_1_440' title='bbox 2781 2751 2841 2806; x_wconf 81' lang='lat' dir='ltr'><strong>in</strong></span> <span class='ocrx_word' id='word_1_441' title='bbox 2887 2750 3206 2807; x_wconf 80' lang='lat' dir='ltr'><strong>orationem</strong></span> 
     </span>
     <span class='ocr_line' id='line_1_69' title="bbox 1916 2838 2562 2912; baseline 0 -18"><span class='ocrx_word' id='word_1_442' title='bbox 1916 2838 2219 2912; x_wconf 77' lang='lat' dir='ltr'><strong>Jeremiae,</strong></span> <span class='ocrx_word' id='word_1_443' title='bbox 2255 2838 2332 2900; x_wconf 88' lang='lat' dir='ltr'><strong>ib.</strong></span> <span class='ocrx_word' id='word_1_444' title='bbox 2378 2847 2562 2900; x_wconf 85' lang='lat'><strong>1625.</strong></span> 
     </span>
    </p>
   </div>
   <div class='ocr_carea' id='block_1_14' title="bbox 1914 3068 3205 3677">
    <p class='ocr_par' dir='ltr' id='par_1_14' title="bbox 1914 3068 3205 3677">
     <span class='ocr_line' id='line_1_70' title="bbox 2008 3068 3205 3145; baseline -0.001 -18"><span class='ocrx_word' id='word_1_445' title='bbox 2008 3077 2151 3130; x_wconf 77' lang='lat'><strong>293.</strong></span> <span class='ocrx_word' id='word_1_446' title='bbox 2185 3069 2416 3143; x_wconf 84' lang='lat' dir='ltr'><strong>Reliqui</strong></span> <span class='ocrx_word' id='word_1_447' title='bbox 2466 3072 2608 3127; x_wconf 89' lang='lat' dir='ltr'><strong>sunt</strong></span> <span class='ocrx_word' id='word_1_448' title='bbox 2657 3068 2932 3128; x_wconf 83' lang='lat' dir='ltr'><strong>nonnulli</strong></span> <span class='ocrx_word' id='word_1_449' title='bbox 2962 3069 3205 3145; x_wconf 85' lang='lat' dir='ltr'><strong>privile-</strong></span> 
     </span>
     <span class='ocr_line' id='line_1_71' title="bbox 1915 3155 3204 3234; baseline 0.002 -22"><span class='ocrx_word' id='word_1_450' title='bbox 1915 3156 2146 3232; x_wconf 87' lang='lat' dir='ltr'><strong>giorum</strong></span> <span class='ocrx_word' id='word_1_451' title='bbox 2183 3158 2234 3215; x_wconf 91' lang='lat' dir='ltr'><strong>b.</strong></span> <span class='ocrx_word' id='word_1_452' title='bbox 2272 3158 2489 3215; x_wconf 83' lang='lat' dir='ltr'><strong>Mariae</strong></span> <span class='ocrx_word' id='word_1_453' title='bbox 2521 3157 2586 3216; x_wconf 88' lang='lat' dir='ltr'><strong>V.</strong></span> <span class='ocrx_word' id='word_1_454' title='bbox 2622 3155 2962 3234; x_wconf 54' lang='lat' dir='ltr'><strong>vindicesss),</strong></span> <span class='ocrx_word' id='word_1_455' title='bbox 2996 3162 3067 3215; x_wconf 90' lang='lat' dir='ltr'><strong>ut</strong></span> <span class='ocrx_word' id='word_1_456' title='bbox 3098 3158 3204 3215; x_wconf 77' lang='lat' dir='ltr'><strong>Al-</strong></span> 
     </span>
     <span class='ocr_line' id='line_1_72' title="bbox 1915 3245 3199 3320; baseline 0.002 -18"><span class='ocrx_word' id='word_1_457' title='bbox 1915 3246 2175 3320; x_wconf 87' lang='lat' dir='ltr'><strong>phonsus</strong></span> <span class='ocrx_word' id='word_1_458' title='bbox 2208 3245 2293 3304; x_wconf 85' lang='lat' dir='ltr'><strong>de</strong></span> <span class='ocrx_word' id='word_1_459' title='bbox 2327 3246 2665 3304; x_wconf 90' lang='lat' dir='ltr'><strong>Sanchez</strong></span> <span class='ocrx_word' id='word_1_460' title='bbox 2700 3247 3032 3305; x_wconf 87' lang='lat' dir='ltr'><strong>Zarzosa</strong></span> <span class='ocrx_word' id='word_1_461' title='bbox 3063 3265 3199 3304; x_wconf 83' lang='lat' dir='ltr'><strong>ron-</strong></span> 
     </span>
     <span class='ocr_line' id='line_1_73' title="bbox 1915 3335 3203 3410; baseline 0.002 -19"><span class='ocrx_word' id='word_1_462' title='bbox 1915 3335 2112 3392; x_wconf 89' lang='lat' dir='ltr'><strong>densis</strong></span> <span class='ocrx_word' id='word_1_463' title='bbox 2163 3336 2441 3393; x_wconf 88' lang='lat' dir='ltr'><strong>ecclesiae</strong></span> <span class='ocrx_word' id='word_1_464' title='bbox 2493 3335 2837 3410; x_wconf 83' lang='lat' dir='ltr'><strong>collegiatae</strong></span> <span class='ocrx_word' id='word_1_465' title='bbox 2888 3336 3203 3394; x_wconf 89' lang='lat' dir='ltr'><strong>canonicus</strong></span> 
     </span>
     <span class='ocr_line' id='line_1_74' title="bbox 1915 3423 3203 3497; baseline 0.003 -18"><span class='ocrx_word' id='word_1_466' title='bbox 1915 3423 1976 3480; x_wconf 91' lang='lat' dir='ltr'><strong>in</strong></span> <span class='ocrx_word' id='word_1_467' title='bbox 2012 3425 2081 3481; x_wconf 89' lang='lat'><strong>1.:</strong></span> <span class='ocrx_word' id='word_1_468' title='bbox 2115 3424 2419 3482; x_wconf 80' lang='lat' dir='ltr'><strong>thesaurus</strong></span> <span class='ocrx_word' id='word_1_469' title='bbox 2459 3427 2834 3497; x_wconf 81' lang='lat' dir='ltr'><strong>conceptionis</strong></span> <span class='ocrx_word' id='word_1_470' title='bbox 2865 3426 3203 3483; x_wconf 81' lang='lat' dir='ltr'><strong>immacula—</strong></span> 
     </span>
     <span class='ocr_line' id='line_1_75' title="bbox 1914 3512 3199 3590; baseline 0.001 -21"><span class='ocrx_word' id='word_1_471' title='bbox 1914 3519 2002 3569; x_wconf 86' lang='lat' dir='ltr'><strong>tae</strong></span> <span class='ocrx_word' id='word_1_472' title='bbox 2049 3512 2115 3569; x_wconf 77' lang='lat' dir='ltr'><strong>V.</strong></span> <span class='ocrx_word' id='word_1_473' title='bbox 2148 3512 2380 3571; x_wconf 85' lang='lat' dir='ltr'><strong>Mariae</strong></span> <span class='ocrx_word' id='word_1_474' title='bbox 2398 3514 2511 3570; x_wconf 83' lang='lat' dir='ltr'><strong>Dei</strong></span> <span class='ocrx_word' id='word_1_475' title='bbox 2523 3515 2825 3590; x_wconf 76' lang='lat' dir='ltr'><strong>qenitricis</strong></span> <span class='ocrx_word' id='word_1_476' title='bbox 2857 3532 2923 3571; x_wconf 85' lang='lat' dir='ltr'><strong>ex</strong></span> <span class='ocrx_word' id='word_1_477' title='bbox 2957 3514 3199 3588; x_wconf 90' lang='lat' dir='ltr'><strong>conspi-</strong></span> 
     </span>
     <span class='ocr_line' id='line_1_76' title="bbox 1914 3600 3204 3677; baseline 0.002 -20"><span class='ocrx_word' id='word_1_478' title='bbox 1914 3600 2143 3659; x_wconf 84' lang='lat' dir='ltr'><strong>ratione</strong></span> <span class='ocrx_word' id='word_1_479' title='bbox 2194 3603 2378 3661; x_wconf 88' lang='lat' dir='ltr'><strong>totius</strong></span> <span class='ocrx_word' id='word_1_480' title='bbox 2428 3603 2550 3660; x_wconf 88' lang='lat' dir='ltr'><strong>fere</strong></span> <span class='ocrx_word' id='word_1_481' title='bbox 2598 3621 2639 3662; x_wconf 79' lang='lat' dir='ltr'><strong>s„</strong></span> <span class='ocrx_word' id='word_1_482' title='bbox 2674 3602 3023 3677; x_wconf 87' lang='lat' dir='ltr'><strong>Scripturae</strong></span> <span class='ocrx_word' id='word_1_483' title='bbox 3066 3618 3204 3659; x_wconf 89' lang='lat' dir='ltr'><strong>cum</strong></span> 
     </span>
    </p>
   </div>
   <div class='ocr_carea' id='block_1_15' title="bbox 1922 3779 2241 3785">
    <p class='ocr_par' dir='ltr' id='par_1_15' title="bbox 1922 3779 2241 3785">
     <span class='ocr_line' id='line_1_77' title="bbox 1922 3779 2241 3785; baseline 0 0"><span class='ocrx_word' id='word_1_484' title='bbox 1922 3779 2241 3785; x_wconf 95' lang='lat' dir='ltr'><strong> </strong></span> 
     </span>
    </p>
   </div>
   <div class='ocr_carea' id='block_1_16' title="bbox 1911 3878 3206 4729">
    <p class='ocr_par' dir='ltr' id='par_1_16' title="bbox 1913 3878 3206 4220">
     <span class='ocr_line' id='line_1_78' title="bbox 1995 3878 3206 3949; baseline 0.002 -19"><span class='ocrx_word' id='word_1_485' title='bbox 1995 3884 2029 3949; x_wconf 81' lang='lat'><strong>¹)</strong></span> <span class='ocrx_word' id='word_1_486' title='bbox 2058 3878 2255 3931; x_wconf 76' lang='lat' dir='ltr'><strong>Exstat</strong></span> <span class='ocrx_word' id='word_1_487' title='bbox 2300 3894 2521 3946; x_wconf 89' lang='lat' dir='ltr'><strong>quoque</strong></span> <span class='ocrx_word' id='word_1_488' title='bbox 2562 3878 2686 3947; x_wconf 79' lang='lat' dir='ltr'><strong>ejus</strong></span> <span class='ocrx_word' id='word_1_489' title='bbox 2730 3881 2792 3932; x_wconf 82' lang='lat' dir='ltr'><strong>de</strong></span> <span class='ocrx_word' id='word_1_490' title='bbox 2832 3881 2941 3933; x_wconf 78' lang='lat' dir='ltr'><strong>Noe</strong></span> <span class='ocrx_word' id='word_1_491' title='bbox 2984 3888 3031 3931; x_wconf 83' lang='lat' dir='ltr'><strong>et</strong></span> <span class='ocrx_word' id='word_1_492' title='bbox 3073 3898 3206 3933; x_wconf 82' lang='lat' dir='ltr'><strong>arca</strong></span> 
     </span>
     <span class='ocr_line' id='line_1_79' title="bbox 1913 3949 3205 4019; baseline -0.002 -15"><span class='ocrx_word' id='word_1_493' title='bbox 1913 3970 2072 4004; x_wconf 81' lang='lat' dir='ltr'><strong>sacra</strong></span> <span class='ocrx_word' id='word_1_494' title='bbox 2089 3954 2313 4019; x_wconf 76' lang='lat' dir='ltr'><strong>relectio,</strong></span> <span class='ocrx_word' id='word_1_495' title='bbox 2333 3949 2711 4004; x_wconf 76' lang='lat' dir='ltr'><strong>Salmanticae</strong></span> <span class='ocrx_word' id='word_1_496' title='bbox 2739 3953 2879 4005; x_wconf 82' lang='lat'>1635</span> <span class='ocrx_word' id='word_1_497' title='bbox 2895 3949 2955 4001; x_wconf 88' lang='lat' dir='ltr'><strong>in</strong></span> <span class='ocrx_word' id='word_1_498' title='bbox 2977 3951 3010 4005; x_wconf 86' lang='lat'>8</span> <span class='ocrx_word' id='word_1_499' title='bbox 3030 3969 3040 4008; x_wconf 84' lang='lat'><strong>;</strong></span> <span class='ocrx_word' id='word_1_500' title='bbox 3069 3954 3127 4002; x_wconf 86' lang='lat' dir='ltr'><strong>et</strong></span> <span class='ocrx_word' id='word_1_501' title='bbox 3144 3950 3205 4002; x_wconf 90' lang='lat' dir='ltr'><strong>in</strong></span> 
     </span>
     <span class='ocr_line' id='line_1_80' title="bbox 1917 4019 3204 4089; baseline -0.001 -15"><span class='ocrx_word' id='word_1_502' title='bbox 1917 4021 2389 4089; x_wconf 78' lang='lat' dir='ltr'><strong>Quadragesimae</strong></span> <span class='ocrx_word' id='word_1_503' title='bbox 2452 4024 2509 4074; x_wconf 89' lang='lat' dir='ltr'><strong>et</strong></span> <span class='ocrx_word' id='word_1_504' title='bbox 2551 4021 2845 4072; x_wconf 85' lang='lat' dir='ltr'><strong>Adventus</strong></span> <span class='ocrx_word' id='word_1_505' title='bbox 2893 4019 3204 4088; x_wconf 83' lang='lat' dir='ltr'><strong>Evangelia</strong></span> 
     </span>
     <span class='ocr_line' id='line_1_81' title="bbox 1915 4090 3197 4153; baseline -0.002 -6"><span class='ocrx_word' id='word_1_506' title='bbox 1915 4102 2097 4147; x_wconf 76' lang='lat' dir='ltr'><strong>catena</strong></span> <span class='ocrx_word' id='word_1_507' title='bbox 2135 4112 2293 4146; x_wconf 85' lang='lat' dir='ltr'><strong>sacra</strong></span> <span class='ocrx_word' id='word_1_508' title='bbox 2345 4096 2585 4153; x_wconf 74' lang='lat' dir='ltr'><strong>moralis,</strong></span> <span class='ocrx_word' id='word_1_509' title='bbox 2632 4090 3011 4144; x_wconf 81' lang='lat' dir='ltr'><strong>Salmanticae</strong></span> <span class='ocrx_word' id='word_1_510' title='bbox 3058 4094 3197 4146; x_wconf 80' lang='lat'>1635</span> 
     </span>
     <span class='ocr_line' id='line_1_82' title="bbox 1913 4165 2049 4220; baseline 0.022 -3"><span class='ocrx_word' id='word_1_511' title='bbox 1913 4165 1972 4217; x_wconf 87' lang='lat' dir='ltr'><strong>in</strong></span> <span class='ocrx_word' id='word_1_512' title='bbox 1998 4168 2049 4220; x_wconf 89' lang='grc'><strong>8.</strong></span> 
     </span>
    </p>

    <p class='ocr_par' dir='ltr' id='par_1_17' title="bbox 1911 4231 3204 4729">
     <span class='ocr_line' id='line_1_83' title="bbox 1990 4231 3203 4303; baseline -0.002 -16"><span class='ocrx_word' id='word_1_513' title='bbox 1990 4240 2028 4303; x_wconf 72' lang='lat'><strong>2)</strong></span> <span class='ocrx_word' id='word_1_514' title='bbox 2058 4234 2158 4287; x_wconf 87' lang='lat' dir='ltr'><strong>His</strong></span> <span class='ocrx_word' id='word_1_515' title='bbox 2184 4234 2330 4286; x_wconf 85' lang='lat' dir='ltr'><strong>adde</strong></span> <span class='ocrx_word' id='word_1_516' title='bbox 2358 4234 2495 4287; x_wconf 91' lang='lat' dir='ltr'><strong>duos</strong></span> <span class='ocrx_word' id='word_1_517' title='bbox 2523 4251 2659 4302; x_wconf 86' lang='lat' dir='ltr'><strong>quos</strong></span> <span class='ocrx_word' id='word_1_518' title='bbox 2680 4251 2806 4286; x_wconf 82' lang='lat' dir='ltr'><strong>mox</strong></span> <span class='ocrx_word' id='word_1_519' title='bbox 2824 4231 3203 4297; x_wconf 59' lang='lat' dir='ltr'><strong>laudavimus),</strong></span> 
     </span>
     <span class='ocr_line' id='line_1_84' title="bbox 1911 4304 3204 4373; baseline -0.002 -14"><span class='ocrx_word' id='word_1_520' title='bbox 1911 4308 1942 4359; x_wconf 86' lang='lat' dir='ltr'>J</span> <span class='ocrx_word' id='word_1_521' title='bbox 1947 4323 2026 4360; x_wconf 88' lang='lat' dir='ltr'><strong>ac.</strong></span> <span class='ocrx_word' id='word_1_522' title='bbox 2056 4304 2385 4359; x_wconf 80' lang='lat' dir='ltr'><strong>Granadum</strong></span> <span class='ocrx_word' id='word_1_523' title='bbox 2403 4307 2461 4358; x_wconf 89' lang='lat' dir='ltr'><strong>et</strong></span> <span class='ocrx_word' id='word_1_524' title='bbox 2475 4308 2609 4373; x_wconf 84' lang='lat' dir='ltr'><strong>Aeg.</strong></span> <span class='ocrx_word' id='word_1_525' title='bbox 2629 4304 2697 4357; x_wconf 87' lang='lat' dir='ltr'><strong>de</strong></span> <span class='ocrx_word' id='word_1_526' title='bbox 2712 4304 2976 4367; x_wconf 73' lang='lat' dir='ltr'><strong>Fomeca,</strong></span> <span class='ocrx_word' id='word_1_527' title='bbox 2993 4308 3204 4358; x_wconf 89' lang='lat' dir='ltr'><strong>utrum-</strong></span> 
     </span>
     <span class='ocr_line' id='line_1_85' title="bbox 1914 4375 3203 4445; baseline -0.001 -15"><span class='ocrx_word' id='word_1_528' title='bbox 1914 4393 2025 4445; x_wconf 89' lang='lat' dir='ltr'><strong>que</strong></span> <span class='ocrx_word' id='word_1_529' title='bbox 2077 4378 2129 4430; x_wconf 86' lang='lat' dir='ltr'><strong>S.</strong></span> <span class='ocrx_word' id='word_1_530' title='bbox 2182 4376 2250 4441; x_wconf 64' lang='lat' dir='ltr'><strong>J„</strong></span> <span class='ocrx_word' id='word_1_531' title='bbox 2315 4378 2373 4429; x_wconf 83' lang='lat' dir='ltr'><strong>et</strong></span> <span class='ocrx_word' id='word_1_532' title='bbox 2421 4376 2777 4430; x_wconf 85' lang='lat' dir='ltr'><strong>Theodorum</strong></span> <span class='ocrx_word' id='word_1_533' title='bbox 2829 4375 2870 4428; x_wconf 92' lang='lat' dir='ltr'>P</span> <span class='ocrx_word' id='word_1_534' title='bbox 2889 4393 2925 4443; x_wconf 80' lang='lat' dir='ltr'>y</span> <span class='ocrx_word' id='word_1_535' title='bbox 2943 4375 2976 4427; x_wconf 89' lang='lat' dir='ltr'><strong>b</strong></span> <span class='ocrx_word' id='word_1_536' title='bbox 2994 4392 3023 4428; x_wconf 92' lang='lat' dir='ltr'><strong>e</strong></span> <span class='ocrx_word' id='word_1_537' title='bbox 3042 4392 3065 4427; x_wconf 84' lang='lat' dir='ltr'><strong>s</strong></span> <span class='ocrx_word' id='word_1_538' title='bbox 3133 4375 3203 4429; x_wconf 89' lang='lat' dir='ltr'><strong>de</strong></span> 
     </span>
     <span class='ocr_line' id='line_1_86' title="bbox 1915 4446 3201 4517; baseline -0.002 -16"><span class='ocrx_word' id='word_1_539' title='bbox 1915 4452 1962 4501; x_wconf 86' lang='lat' dir='ltr'>A</span> <span class='ocrx_word' id='word_1_540' title='bbox 1981 4450 2016 4501; x_wconf 87' lang='lat' dir='ltr'><strong>d</strong></span> <span class='ocrx_word' id='word_1_541' title='bbox 2034 4466 2139 4501; x_wconf 87' lang='lat' dir='ltr'><strong>am</strong></span> <span class='ocrx_word' id='word_1_542' title='bbox 2157 4464 2189 4501; x_wconf 95' lang='lat' dir='ltr'><strong>o</strong></span> <span class='ocrx_word' id='word_1_543' title='bbox 2231 4449 2293 4503; x_wconf 90' lang='lat' dir='ltr'><strong>O.</strong></span> <span class='ocrx_word' id='word_1_544' title='bbox 2321 4447 2454 4501; x_wconf 86' lang='lat' dir='ltr'><strong>Cist.</strong></span> <span class='ocrx_word' id='word_1_545' title='bbox 2481 4465 2526 4503; x_wconf 80' lang='lat' dir='ltr'><strong>s,</strong></span> <span class='ocrx_word' id='word_1_546' title='bbox 2566 4446 2886 4517; x_wconf 83' lang='lat' dir='ltr'><strong>theologiae</strong></span> <span class='ocrx_word' id='word_1_547' title='bbox 2914 4446 3201 4500; x_wconf 89' lang='lat' dir='ltr'><strong>doctorem</strong></span> 
     </span>
     <span class='ocr_line' id='line_1_87' title="bbox 1914 4517 3201 4588; baseline -0.003 -16"><span class='ocrx_word' id='word_1_548' title='bbox 1914 4520 2251 4583; x_wconf 82' lang='lat' dir='ltr'><strong>Romanum,</strong></span> <span class='ocrx_word' id='word_1_549' title='bbox 2279 4519 2380 4586; x_wconf 88' lang='lat' dir='ltr'><strong>qui</strong></span> <span class='ocrx_word' id='word_1_550' title='bbox 2398 4522 2620 4588; x_wconf 81' lang='lat' dir='ltr'><strong>praeter</strong></span> <span class='ocrx_word' id='word_1_551' title='bbox 2635 4517 2777 4571; x_wconf 86' lang='lat' dir='ltr'><strong>alias</strong></span> <span class='ocrx_word' id='word_1_552' title='bbox 2795 4517 3032 4571; x_wconf 83' lang='lat' dir='ltr'><strong>eximias</strong></span> <span class='ocrx_word' id='word_1_553' title='bbox 3048 4517 3201 4585; x_wconf 84' lang='lat' dir='ltr'><strong>lucu-</strong></span> 
     </span>
     <span class='ocr_line' id='line_1_88' title="bbox 1914 4589 3201 4658; baseline -0.003 -15"><span class='ocrx_word' id='word_1_554' title='bbox 1914 4591 2198 4644; x_wconf 81' lang='lat' dir='ltr'><strong>brationes</strong></span> <span class='ocrx_word' id='word_1_555' title='bbox 2244 4593 2551 4643; x_wconf 77' lang='lat' dir='ltr'><strong>tractatum</strong></span> <span class='ocrx_word' id='word_1_556' title='bbox 2598 4589 2769 4643; x_wconf 86' lang='lat' dir='ltr'><strong>etiam</strong></span> <span class='ocrx_word' id='word_1_557' title='bbox 2816 4589 3091 4658; x_wconf 86' lang='lat' dir='ltr'><strong>insignem</strong></span> <span class='ocrx_word' id='word_1_558' title='bbox 3137 4591 3201 4640; x_wconf 78' lang='lat' dir='ltr'><strong>dc</strong></span> 
     </span>
     <span class='ocr_line' id='line_1_89' title="bbox 1916 4665 3200 4729; baseline -0.002 -14"><span class='ocrx_word' id='word_1_559' title='bbox 1916 4667 2260 4716; x_wconf 77' lang='lat' dir='ltr'><strong>immaculata</strong></span> <span class='ocrx_word' id='word_1_560' title='bbox 2302 4667 2631 4729; x_wconf 75' lang='lat' dir='ltr'><strong>conceptione</strong></span> <span class='ocrx_word' id='word_1_561' title='bbox 2668 4665 2881 4715; x_wconf 78' lang='lat' dir='ltr'><strong>divinae</strong></span> <span class='ocrx_word' id='word_1_562' title='bbox 2899 4677 3200 4729; x_wconf 78' lang='lat' dir='ltr'><strong>puerperae</strong></span> 
     </span>
    </p>
   </div>
   <div class='ocr_carea' id='block_1_17' title="bbox 649 4729 3201 4802">
    <p class='ocr_par' dir='ltr' id='par_1_18' title="bbox 649 4729 3201 4802">
     <span class='ocr_line' id='line_1_90' title="bbox 649 4729 3201 4802; baseline -0.001 -17"><span class='ocrx_word' id='word_1_563' title='bbox 649 4739 685 4791; x_wconf 82' lang='lat'><strong>¹)</strong></span> <span class='ocrx_word' id='word_1_564' title='bbox 715 4733 763 4785; x_wconf 91' lang='lat' dir='ltr'>N</span> <span class='ocrx_word' id='word_1_565' title='bbox 770 4733 891 4788; x_wconf 85' lang='lat' dir='ltr'><strong>icol.</strong></span> <span class='ocrx_word' id='word_1_566' title='bbox 909 4734 1191 4787; x_wconf 86' lang='lat' dir='ltr'><strong>Antonius</strong></span> <span class='ocrx_word' id='word_1_567' title='bbox 1209 4733 1348 4799; x_wconf 69' lang='lat' dir='ltr'><strong>ll‚÷›1</strong></span> <span class='ocrx_word' id='word_1_568' title='bbox 1373 4754 1385 4799; x_wconf 87' lang='grc'>;</span> <span class='ocrx_word' id='word_1_569' title='bbox 1415 4733 1676 4796; x_wconf 71' lang='lat' dir='ltr'><strong>Ossinger</strong></span> <span class='ocrx_word' id='word_1_570' title='bbox 1692 4731 1857 4787; x_wconf 88' lang='lat' dir='ltr'><strong>Bibl.·</strong></span> <span class='ocrx_word' id='word_1_571' title='bbox 1913 4733 2200 4799; x_wconf 78' lang='lat' dir='ltr'><strong>ingeniose</strong></span> <span class='ocrx_word' id='word_1_572' title='bbox 2228 4732 2484 4802; x_wconf 77' lang='lat' dir='ltr'><strong>concepit</strong></span> <span class='ocrx_word' id='word_1_573' title='bbox 2504 4729 3201 4801; x_wconf 82' lang='lat' dir='ltr'><strong>ediditqueinpublicum,</strong></span> 
     </span>
    </p>
   </div>
   <div class='ocr_carea' id='block_1_18' title="bbox 573 4807 807 4873">
    <p class='ocr_par' dir='ltr' id='par_1_19' title="bbox 573 4807 807 4873">
     <span class='ocr_line' id='line_1_91' title="bbox 573 4807 807 4873; baseline 0.004 -17"><span class='ocrx_word' id='word_1_574' title='bbox 573 4807 807 4873; x_wconf 77' lang='lat' dir='ltr'><strong>August.</strong></span> 
     </span>
    </p>
   </div>
   <div class='ocr_carea' id='block_1_19' title="bbox 1918 4804 2749 4858">
    <p class='ocr_par' dir='ltr' id='par_1_20' title="bbox 1918 4804 2749 4858">
     <span class='ocr_line' id='line_1_92' title="bbox 1918 4804 2749 4858; baseline -0.004 0"><span class='ocrx_word' id='word_1_575' title='bbox 1918 4807 2003 4858; x_wconf 79' lang='lat' dir='ltr'><strong>[ta</strong></span> <span class='ocrx_word' id='word_1_576' title='bbox 2032 4804 2359 4858; x_wconf 82' lang='lat' dir='ltr'><strong>Cistercium</strong></span> <span class='ocrx_word' id='word_1_577' title='bbox 2390 4804 2475 4858; x_wconf 87' lang='lat' dir='ltr'><strong>bis</strong></span> <span class='ocrx_word' id='word_1_578' title='bbox 2494 4804 2749 4857; x_wconf 75' lang='lat' dir='ltr'><strong>tertium.</strong></span> 
     </span>
    </p>
   </div>
  </div>
 </body>
</html>
