3625 5193
413 288 495 341 60
519 290 539 340 1
1321 257 1326 262 ⁸
1411 269 1718 339 Gregorius
1743 267 1951 336 Sayrus
1978 271 2083 323 etc.
2912 286 3035 340 602

411 456 609 514 trinae
643 475 711 513 ac
743 454 988 514 virtutis
1010 456 1431 529 praestantiam
1454 454 1697 531 plurimi
1752 452 1935 512 clavis
1985 452 2180 529 regiae
2226 454 2620 528 compendium
2670 454 2859 512 edidit
2890 455 3040 513 Con-

411 544 568 614 fecit‚
602 544 955 619 abbatisque
985 544 1185 614 titulo,
1237 562 1373 602 cum
1405 544 1480 602 ob
1513 543 1698 601 studii
1753 542 2019 602 stantius
2064 542 2138 598 de
2171 542 2223 599 N
2240 542 2530 600 otariis
2580 542 2644 600 in
2676 562 2775 617 pp.
2813 552 2869 612 2,
2923 544 3036 603 Ve-

411 652 668 692 amorem
700 632 963 708 regimen
1005 636 1346 692 constanter
1375 637 1694 701 recusaret,
1751 631 1933 690 netiis
1960 641 2147 694 1613.
2182 630 2386 689 Hares
2403 632 2751 689 decisionum
2784 633 2907 689 sive
2938 649 3037 691 ca-

410 726 578 780 motu
609 723 849 797 proprio
865 722 1221 780 honestavit.
1252 721 1359 780 Vir
1373 722 1531 779 enim
1552 722 1696 791 erat,
1753 739 1930 779 suum
1963 719 2356 778 conscientiae
2388 739 2455 778 ex
2472 719 2743 779 doctrina
2757 720 3035 779 consilio·

412 811 516 885 qui
546 829 748 868 rerum
781 811 1048 869 omnium
1068 810 1418 869 caducarum
1449 810 1698 885 abjectis
1752 830 1887 868 rum
1949 809 2190 866 Martini
2254 809 2328 868 ab
2380 809 2727 885 Azpilcueta
2777 810 3039 868 doctoris

412 900 575 958 curis
609 899 761 957 nihil
793 899 1105 974 antiquius
1125 900 1355 968 habuit,
1391 919 1570 974 quam
1604 917 1696 956 sa-
1751 897 2005 957 Navarri
2035 897 2267 956 collecti
2297 900 2358 956 et
2382 899 2556 972 juxta
2586 899 2648 958 ll.
2674 898 2831 973 juris
2862 915 3035 957 cano·

409 1007 540 1046 crae
571 988 876 1047 doctrinae
908 988 1125 1046 studiis
1140 1007 1435 1063 veraeque
1455 987 1697 1063 pietatis
1752 987 1871 1047 nici
1921 986 2371 1061 dispositionem
2419 987 2485 1044 in
2529 1004 2669 1045 suos
2700 987 2911 1045 titulos
2943 987 3035 1045 di-

411 1077 621 1147 cultui,
635 1076 1103 1152 quamdiuvixit‚
1118 1095 1326 1135 vacare
1344 1072 1405 1158 ¹).
1437 1078 1514 1140 In
1527 1076 1696 1135 theo·
1752 1076 2015 1144 stributi‚
2069 1095 2204 1135 cum
2250 1075 2753 1144 adnotationibuS‚
2814 1076 3038 1150 quibus

411 1166 568 1242 logia
617 1166 779 1225 inter
826 1169 1096 1224 auctores
1143 1183 1346 1241 qraves
1393 1165 1696 1224 numerari
1751 1166 1827 1224 ob
1858 1165 2216 1224 recentiores
2248 1164 2535 1239 quasdam
2568 1183 2643 1222 88.
2687 1165 3037 1240 pontificum

411 1259 623 1330 potest.
1751 1254 1946 1313 bullas
1977 1254 2214 1329 quando
2246 1253 2503 1311 auctoris
2549 1253 2750 1329 opinio
2781 1253 2845 1311 in
2876 1254 3034 1311 mul-

1750 1343 1832 1401 tis
1894 1343 1990 1402 vel
2048 1342 2387 1401 confirmata
2445 1343 2541 1400 vel
2601 1342 2861 1400 refutata
2923 1346 3031 1411 est,

502 1441 646 1494 261.
680 1433 849 1491 Alter
879 1433 1139 1507 ejusdem
1175 1432 1417 1501 ordinis,
1455 1432 1553 1490 sed
1588 1451 1691 1489 na·
1751 1451 1980 1491 summo
2014 1431 2212 1489 studio
2243 1434 2305 1489 et
2337 1430 2652 1505 diligentia
2681 1431 3035 1507 explicatur,

413 1521 568 1580 tione
584 1522 826 1598 Aanms,
860 1520 1181 1597 Gregorius
1215 1521 1421 1598 Saye,
1455 1522 1692 1596 SayruS,
1750 1521 2015 1579 Venetiis
2091 1531 2245 1584 1601
2273 1541 2286 1588 ;
2357 1530 2556 1591 1607;
2630 1530 2738 1582 161
2767 1531 2787 1581 1
2845 1520 2906 1578 in
2961 1531 3033 1590 43

413 1610 619 1669 Sarius
653 1609 878 1684 pariter
895 1611 1071 1685 plura
1091 1629 1270 1685 opera
1287 1610 1402 1668 huc
1422 1613 1692 1686 spectan·
1758 1620 1918 1672 1627
1946 1611 2009 1668 in
2025 1610 2095 1679 f.;
2129 1609 2315 1666 Duaci
2341 1619 2524 1671 1627.
2558 1609 2801 1667 Summa
2831 1627 3033 1667 sacra-

411 1700 495 1757 tia
528 1698 878 1774 composuit,
914 1701 985 1757 ut
1017 1700 1267 1757 Casuum
1299 1699 1693 1757 conscientiae
1749 1702 1921 1756 menti
1947 1699 2327 1774 poenitentiae
2346 1717 2414 1755 ex
2432 1697 2851 1756 eruditissimis
2874 1717 3033 1756 com-

414 1789 533 1846 sive
594 1788 900 1864 theoloyiae
949 1789 1185 1845 moralis
1239 1789 1571 1845 thesaurum
1622 1787 1693 1845 de
1747 1788 2060 1846 mentariis
2093 1786 2352 1845 doctoris
2386 1786 3032 1849 Navarriin7distinc·

414 1877 674 1935 censuris
726 1876 1137 1934 ecclesiasticis
1190 1876 1441 1951 aliisque
1487 1877 1692 1952 poenis
1746 1877 2042 1951 tionesde
2074 1875 2444 1951 poenitentia
2473 1874 2733 1944 collecta,
2768 1875 3034 1934 Venetiis

411 1969 469 2024 et
501 1965 793 2023 canonicis
839 1964 1280 2040 impedimentis
1323 1965 1387 2022 in
1436 1976 1465 2028 7
1504 1966 1566 2023 11.
1600 1965 1689 2022 di·
1755 1977 1956 2035 16013
2013 1975 2175 2026 1615
2211 1964 2274 2022 in
2306 1964 2375 2034 f.;
2426 1965 2494 2021 de
2543 1967 2920 2022 sacramentis
2969 1967 3034 2023 in

413 2054 754 2123 stributum‚
794 2053 1055 2112 Venetiis
1097 2064 1258 2116 1606
1293 2053 1359 2111 in
1392 2054 1461 2122 f.;
1513 2062 1690 2124 1627,
1745 2056 2031 2112 communi
2062 2071 2210 2127 opus
2241 2052 2625 2127 tripartitum,
2660 2053 2724 2110 in
2755 2072 2873 2129 quo
2906 2073 3031 2111 om-

412 2143 642 2217 saepius
666 2142 829 2212 alibi,
867 2161 951 2200 ex.
971 2161 1058 2218 gr.
1093 2142 1250 2217 apud
1268 2143 1465 2200 Sessas
1493 2153 1690 2211 16143
1747 2144 1866 2214 nia,
1900 2160 2050 2218 quae
2103 2141 2196 2224 vel
2246 2141 2318 2198 ad
2350 2140 2733 2199 difficillimas
2766 2161 3035 2216 quasque

411 2231 588 2289 Duaci
629 2240 786 2293 1621
826 2253 837 2292 :
890 2230 1083 2289 Clanis
1131 2233 1290 2308 reyia
1333 2233 1692 2289 sacerdotum
1747 2231 2120 2306 quaestiones
2152 2229 2513 2304 theologicas
2533 2229 2912 2298 definienda8‚
2936 2231 3032 2289 vel

410 2339 646 2378 casuum
662 2322 1033 2378 conscientiae
1068 2320 1190 2377 sive
1219 2321 1553 2396 theologiae
1568 2339 1691 2377 mo·
1747 2321 1822 2378 ad
1853 2338 2024 2378 casus
2057 2337 2258 2376 omnes
2275 2317 2668 2376 conscientiae
2701 2317 3029 2377 dissolven-

413 2409 549 2466 ralis
611 2409 883 2467 thesauri
932 2409 1089 2466 locos
1155 2429 1357 2467 omnes
1422 2408 1691 2484 aperiens
1746 2410 1851 2468 dos
1884 2410 1979 2468 vel
2028 2407 2101 2465 ad
2151 2407 2415 2482 singulos
2462 2406 2894 2465 haereticorum
2940 2425 3029 2465 er-

409 2517 501 2573 pp.
538 2506 594 2566 2,
626 2498 693 2555 in
723 2496 945 2571 quibus
978 2499 1327 2572 praecipuae
1359 2498 1689 2556 canonista.-
1747 2517 1910 2557 rores
1943 2496 2295 2555 refellendos
2345 2495 2623 2564 attinent,
2674 2497 2805 2553 tum
2850 2515 2918 2554 ex
2952 2515 3030 2554 88.

409 2606 538 2645 rum
588 2593 649 2644 et
695 2585 1143 2644 summistarum
1194 2586 1574 2647 difficultates
1619 2586 1692 2644 ad
1749 2588 2040 2646 Ecclesiae
2072 2585 2344 2661 patribus
2392 2589 2452 2643 et
2484 2584 2825 2643 doctoribus
2860 2585 3027 2643 scho-

408 2694 770 2735 communem
805 2676 1030 2751 praxim
1057 2676 1438 2749 pertinentes
1473 2677 1692 2734 doctis·
1748 2678 1976 2735 lasticis
2008 2681 2140 2734 tum
2180 2694 2250 2733 ex
2297 2675 2621 2733 canonistis
2654 2680 2762 2733 etc.
2795 2674 3033 2732 abunde

407 2766 548 2822 sime
577 2765 937 2822 deciduntur
985 2768 1096 2822 etc.
1145 2764 1210 2822 in
1267 2774 1340 2827 12
1378 2766 1458 2835 11.,
1507 2765 1692 2822 Vene·
1748 2769 1807 2823 et
1823 2764 2499 2838 accurateexplicantur‚
2536 2764 3029 2832 Venetiis1599;

407 2852 508 2911 tiis
550 2863 745 2924 16053
804 2863 1004 2921 16073
1066 2863 1227 2915 1615
1285 2853 1349 2912 in
1381 2854 1418 2911 f.
1451 2857 1578 2923 etc.;
1628 2853 1692 2910 in
1747 2856 1930 2912 Duaci
1974 2864 2130 2916 1621
2172 2853 2302 2910 inf.
2340 2852 2539 2920 ,Haec
2571 2852 2711 2928 Say
2732 2853 2798 2910 ri
2831 2872 3029 2928 opera,

407 2945 623 3017 quarta
653 2942 911 3000 editione
956 2945 1330 3001 accesserunt
1378 2942 1555 3000 utilia
1587 2941 1688 2999 ad·
1746 2941 2430 3018 scribitZiegelbaue
2447 2960 2492 3012 r,
2516 2942 2778 3017 ingentis
2798 2960 3031 3016 semper

406 3030 730 3089 ditamenta
778 3049 886 3088 nec
934 3049 1056 3088 non
1086 3032 1348 3088 catenula
1395 3049 1578 3088 aurea
1622 3031 1691 3087 de
1746 3032 2119 3089 auctoritatis
2169 3030 2327 3105 apud
2376 3048 2579 3088 omnes
2631 3031 2936 3107 theologos
2969 3034 3034 3088 et

409 3122 836 3196 comparatione
857 3126 1227 3191 peccatorum
1262 3120 1323 3177 R.
1357 3119 1417 3175 P.
1452 3119 1512 3176 F.
1537 3119 1687 3176 Pau·
1744 3138 2031 3179 canonum
2067 3120 2423 3196 professores
2444 3119 2645 3189 fuisse,
2667 3120 2887 3178 mirum
2907 3138 3029 3177 non

405 3208 512 3266 lini
547 3204 864 3289 Bertii2)
914 3208 977 3266 Ο.
1011 3226 1184 3265 erem.
1219 3208 1273 3265 S.
1309 3212 1458 3284 Aug.
1494 3207 1688 3283 Hujus
1744 3212 1854 3278 est,
1920 3229 2053 3267 cum
2116 3209 2447 3267 doctrinam
2498 3208 2917 3266 solidissimam
2968 3212 3029 3267 et

1744 3297 2097 3357 firmissimis
2142 3296 2524 3354 conciliorum
2571 3300 2631 3354 et
2674 3314 2751 3353 ss.
2786 3301 3026 3371 patrum

1745 3386 2132 3445 firmamentis
2162 3385 2427 3443 innixam
2470 3384 2841 3442 contineant:
2875 3383 3029 3441 illud

481 3469 517 3535 ¹)
543 3466 625 3519 Cf.
643 3466 680 3518 Z
698 3466 716 3519 i
734 3482 764 3518 Θ
779 3484 817 3534 g
831 3482 860 3518 Θ
878 3467 899 3519 l
914 3466 949 3518 b
963 3482 996 3519 a
1013 3484 1050 3519 u
1066 3482 1094 3519 e
1111 3484 1154 3529 Γ,
1176 3465 1320 3519 Hlssi'».
1339 3464 1416 3519 rei
1437 3465 1520 3517 lit.
1540 3463 1686 3518 OSB.
1743 3476 1985 3549 quidem
2048 3474 2256 3547 majori
2318 3472 2702 3530 admiratione
2750 3472 3023 3548 dignum⁹

404 3543 535 3662 {eet
557 3556 608 3664 Ξ
639 3543 686 3593 1‘
714 3543 845 3591 θεώ
873 3541 923 3593 ὂ“
952 3554 1006 3605 p‘
1037 3542 1139 3593 136
1166 3554 1226 3600 δ”
1267 3536 1368 3604 qni
1393 3553 1457 3641 ,p'
1487 3541 1537 3592 2‘
1564 3552 1606 3588 ⁰·
1638 3542 1687 3591 1·
1744 3565 1993 3638 Sayrum
2006 3561 2708 3637 admodumjuvenemtot
2724 3562 3029 3619 volumina.

597 3650 609 3662 .
638 3626 693 3677 p.
720 3612 842 3673 183,
871 3610 1174 3677 postquam
1199 3607 1396 3659 laudat
1412 3610 1532 3659 erat
1558 3606 1686 3660 Gre-

403 3678 628 3747 gorium
658 3680 693 3732 S
712 3696 795 3747 ay
814 3696 893 3731 ru
911 3697 983 3744 m,
1012 3679 1080 3731 de
1109 3696 1221 3745 quo
1249 3695 1395 3743 mox,
1425 3677 1685 3747 subjicit:
1742 3672 1925 3727 eaque
1987 3650 2338 3727 graViSSimfl
2395 3649 3026 3725 PraeStantiSSimaque

407 3750 692 3813 „Palmam
738 3752 931 3803 tamen
970 3751 1141 3817 Sayro
1182 3749 1414 3801 dubiam
1447 3748 1685 3802 subinde
1741 3742 2047 3800 absolvere
2080 3739 2359 3815 potuisse.
2395 3738 2557 3797 Obiit
2587 3739 2745 3796 enim
2776 3738 2898 3796 fato
2930 3739 3023 3796 ni-

402 3821 537 3874 fessit
561 3823 611 3877 J·
640 3822 987 3876 GraffiUS
1026 3820 1094 3873 de
1121 3836 1231 3887 quo
1261 3820 1484 3873 ffiemn·
1528 3818 1686 3873 Ghi·
1741 3829 1855 3888 mis
1889 3829 2204 3886 immaturo
2241 3828 2501 3885 Venetiis
2533 3846 2581 3885 a.
2614 3836 2774 3889 1602
2810 3828 3028 3886 aetatis

401 3892 602 3945 linus
644 3893 705 3946 in
748 3892 968 3945 theatro
1012 3892 1262 3972 virorum
1307 3891 1510 3943 illustr.
1537 3890 1686 3944 inter
1741 3939 1787 3976 a·
1829 3928 1904 3979 30
1942 3919 2206 3976 nondum
2239 3936 2304 3975 ex
2353 3918 2502 3975 leto:
2577 3917 2923 3975 uamobrem
2955 3936 3022 3974 eo

401 3979 590 4018 omnes
639 3980 870 4016 casuum
921 3965 1294 4016 conscientiae
1347 3962 1686 4031 professores
1828 3962 1843 3980 ¹
1875 3964 1904 3980 '¹'
2311 3937 2347 3992 p
2537 3935 2575 3991 q

402 4033 684 4088 neminem
709 4038 827 4087 tam
849 4034 1216 4088 recentiorum
1238 4049 1407 4100 quam
1422 4032 1684 4100 antiquo·
1740 4008 1951 4081 Utique
1983 4006 2168 4083 magis
2201 4008 2330 4081 ejus
2351 4005 2659 4081 ingenium
2675 4010 2736 4063 et
2756 4006 3024 4064 doctrina

401 4123 524 4159 rum
550 4105 758 4161 clarius
784 4105 1059 4173 acpurius
1081 4104 1292 4158 Grat'fio
1315 4105 1683 4157 necessariam
1741 4096 2116 4171 suspicienda
2177 4098 2338 4164 sunt,
2403 4114 2521 4170 quo
2563 4096 2819 4170 juvenili
2880 4095 3025 4152 adeo

399 4176 555 4230 illam
591 4193 654 4229 ac
695 4177 980 4230 salubrem
1022 4175 1336 4229 doctrinam
1364 4175 1683 4242 exposuisse
1739 4188 1935 4244 aetate
1967 4185 2027 4242 jd
2061 4184 2294 4243 abunde
2316 4184 2698 4258 praestiterit,
2734 4183 2892 4258 quod
2927 4184 3021 4241 vix

399 4248 662 4328 affirmat,
709 4247 990 4327 neminem
1038 4246 1262 4300 facilius
1302 4249 1359 4298 et
1384 4246 1682 4326 ‘efficacius
1737 4274 1800 4331 in
1861 4274 2173 4332 maturiori
2276 4272 2489 4330 effecte
2574 4273 2841 4330 ffaestari
2960 4292 3021 4327 0-

397 4335 663 4391 gravlora
688 4318 863 4371 dubia
909 4318 994 4370 his
1035 4318 1103 4371 de
1148 4317 1312 4370 rebus
1339 4315 1680 4381 dissolvisse,
2234 4292 2273 4347 p
2553 4294 2570 4346 Ῑ
2918 4293 2954 4346 p

398 4392 519 4459 ejus
546 4406 577 4441 ο
621 4407 716 4443 era
755 4388 1162 4458 pulcherrimos
1206 4386 1422 4456 ingenii
1468 4387 1683 4439 fructus

396 4461 564 4531 appel
592 4463 671 4527 at,
722 4459 1079 4513 confessariis
1141 4476 1204 4511 ac
1255 4457 1681 4527 poenitentibus

395 4531 736 4599 moralisque
789 4531 1107 4599 theologiae
1160 4529 1426 4583 studiosis
1467 4545 1681 4582 summe
1729 4531 1829 4599 jus
1873 4533 2096 4583 exstant
2135 4533 2403 4596 Sam-isicii
2447 4535 2635 4582 messae
2682 4532 3021 4582 resolutiones

397 4603 566 4657 utilia
591 4619 654 4656 ac
684 4602 928 4671 plurima
948 4602 1116 4655 laude
1138 4599 1521 4669 dignissima-⁶
1554 4599 1680 4651 Mit-
1738 4605 1979 4671 mov-alea,
2026 4600 2087 4654 in
2133 4602 2339 4668 quibus
2379 4604 2485 4655 250
2523 4599 2696 4652 dubia,
2735 4599 2802 4652 de
2843 4615 3020 4651 sacro-

395 4675 667 4729 terminer
689 4673 802 4725 KL.
831 4672 895 4736 V,
922 4675 1044 4729 986.
1736 4676 1961 4725 sanctae
2002 4672 2368 4724 eucharistiae
2415 4674 2778 4735 sacrament0‚
2826 4675 3021 4738 quate-

470 4754 510 4811 2)
536 4744 699 4797 Alius
727 4761 760 4797 a
785 4743 963 4796 Paulo
1008 4743 1214 4796 Berti
1257 4742 1346 4801 (de
1375 4758 1484 4809 quo
1513 4758 1682 4810 supra
1738 4760 1842 4795 nus
1883 4743 2215 4796 sacrificium
2257 4746 2356 4801 est,
2396 4742 2767 4805 resolvuntur,
2810 4741 3020 4793 Romae

395 4837 449 4887 Ρ.
478 4820 604 4886 581)
632 4819 690 4869 et
713 4831 746 4867 a
771 4816 988 4868 Joanue
1017 4815 1181 4883 Bapt.
1225 4804 1313 4867 de’
1332 4813 1551 4877 Berti,
1592 4831 1680 4865 cu-
1739 4818 1876 4870 1612
1902 4813 1963 4866 in
1989 4818 2053 4883 4;
2088 4813 2333 4866 venetiis
2363 4816 2516 4869 1615.
