3625 5193
625 264 648 313 1
673 261 788 315 127
954 247 1324 303 1641—1663.
1351 243 1495 297 Hist.
1522 244 1652 298 eccl.
1680 246 1828 313 part.
1860 243 2185 309 Caraccioli,
2211 242 2461 306 Amicus,
2486 241 2557 296 de
2583 242 2783 296 Cunha,
2807 243 2909 296 etc.
3071 262 3096 314 1
3119 260 3247 314 123

617 434 828 491 strium
876 431 1427 490 controversiarum:
1471 428 1545 488 de
1596 449 1638 488 s,
1685 431 1724 488 J
1730 430 1897 489 acobi
1963 424 2155 510 1646)
2188 429 2472 488 disseruit
2502 428 2575 488 de
2607 430 2830 506 oriqine
2861 431 3122 488 ecclesiae
3152 449 3243 488 ce-

615 539 852 580 accessu
893 519 965 579 ad
999 518 1343 593 Hispaniam
1387 521 1450 576 et
1492 518 1566 576 de
1598 518 1806 578 funere
1852 538 1896 578 s.
1943 519 2356 592 phaleditanae
2399 517 2747 592 addiditque
2792 518 2922 593 ejus
2969 518 3139 577 urbis
3182 523 3257 578 et

615 604 859 668 Martini
889 630 922 667 a
954 627 1000 667 s.
1029 606 1341 666 Ambrosio
1371 610 1708 683 procurato,
1741 607 1897 667 Nea·
1952 607 2235 667 dioecesis
2289 607 2531 666 brevem
2579 606 3040 682 descriptionem
3059 651 3074 678 ,
3123 607 3242 667 Ve-

613 698 740 776 poli
779 706 944 761 1618
978 697 1043 755 in
1079 706 1149 766 83
1190 698 1453 772 synopsis
1481 704 1729 755 veterum
1757 699 1897 757 reli·
1951 696 2131 755 netiis
2174 706 2359 759 1645.
2391 696 2458 754 in
2492 705 2548 757 4.

610 790 904 865 yiosorum
948 788 1171 844 rituwn
1216 792 1385 861 atque
1427 786 1630 861 layum,
1678 786 1896 845 Romae

622 885 808 945 1612,
855 875 919 933 in
963 893 1083 951 qua
1125 874 1252 950 agit
1282 872 1355 930 de
1388 873 1617 950 origine
1650 874 1894 933 clerico·
2044 883 2187 938 488.
2234 872 2560 932 Rodericus
2591 873 2664 932 de
2696 874 2955 933 Gunha
2987 874 3247 951 Olisipo-

612 984 745 1024 rum
777 968 904 1022 tam
927 963 1294 1040 regularium
1316 981 1494 1037 quam
1514 963 1892 1034 secularium,
1950 962 2151 1022 nensis
2183 982 2242 1022 n.
2280 970 2467 1032 1577,
2511 962 2977 1039 portalegrensis
3010 964 3249 1039 episco-

611 1054 907 1129 psallendi
957 1051 1150 1128 prisco
1197 1069 1313 1109 usu
1358 1055 1419 1110 et
1467 1051 1609 1120 ritu,
1663 1052 1895 1129 origine
1950 1070 2064 1127 pus
2099 1048 2346 1133 (1615),
2379 1054 2517 1127 post
2546 1050 2876 1111 triennium
2897 1052 3249 1127 portuensis

612 1142 790 1201 officii
823 1142 895 1200 de
914 1142 969 1199 b.
991 1141 1255 1217 Virgine,
1290 1140 1516 1217 origine
1542 1159 1739 1200 sacrae
1758 1161 1892 1200 mu·
1953 1135 2200 1221 (1618),
2233 1139 2371 1199 dein
2398 1140 2806 1199 bracharensis
2827 1136 3073 1221 (1627),
3107 1160 3240 1200 mox

613 1231 760 1290 sices
813 1231 877 1289 in
926 1229 1217 1301 ecclesiiS,
1268 1229 1629 1305 templorum
1679 1230 1890 1301 nitore,
1949 1228 2370 1304 olisiponensis
2413 1225 2474 1310 (†
2508 1239 2564 1291 4.
2595 1228 2729 1287 Jan.
2782 1225 3000 1309 1643),
3050 1230 3245 1289 disse-

614 1323 829 1380 ornatu
861 1322 922 1378 et
951 1319 1138 1388 cultu,
1173 1336 1248 1377 ss.
1283 1318 1558 1378 ordinum
1578 1319 1894 1379 collatione
1948 1316 2076 1376 ruit
2117 1318 2186 1376 de
2205 1319 2477 1391 primatu
2509 1318 2910 1377 bracharensis
2953 1320 3234 1390 ecclesiae,

613 1428 680 1467 ac
708 1408 1059 1477 ministeriO,
1091 1406 1303 1484 priscis
1327 1425 1404 1465 ss,
1425 1406 1785 1484 virginibus,
1822 1410 1894 1466 de
1948 1406 2278 1465 Bracharae
2333 1415 2518 1478 1632,
2572 1407 2843 1483 Cataloyo
2893 1426 2921 1464 e
2966 1407 3240 1466 Historia

613 1497 1140 1565 concionatoribus,
1167 1495 1414 1554 mentali
1434 1494 1719 1567 oratione,
1753 1516 1892 1556 con-
1947 1496 2051 1553 dos
2110 1496 2326 1569 Bispos
2384 1497 2456 1554 do
2520 1497 2727 1571 Porto,
2800 1495 2865 1554 in
2927 1499 3243 1572 portuensi

611 1585 890 1644 scientiae
939 1584 1224 1655 examine,
1276 1583 1468 1643 officio
1517 1585 1891 1644 sacerdotum
1947 1584 2097 1642 urbe
2149 1593 2349 1653 16233
2399 1584 2667 1643 Historia
2716 1585 3125 1644 Ecclesiastico
3169 1587 3241 1644 de

611 1694 644 1733 e
674 1678 943 1734 veterum
975 1673 1260 1748 exemplo,
1293 1674 1417 1731 ritu
1450 1674 1729 1733 audiendi
1751 1692 1891 1733 con·
1948 1673 2153 1749 Braya
2185 1692 2303 1732 com
2326 1692 2397 1732 as
2428 1673 2610 1732 Vidas
2640 1675 2709 1731 de
2740 1692 2873 1732 scus
2891 1674 3245 1749 Arcebispos

609 1764 912 1832 fessione8‚
957 1761 1328 1821 moribundis
1375 1762 1470 1837 pie
1513 1762 1888 1838 adjuvandiS,
1947 1780 1976 1819 e
2019 1761 2275 1821 Varoens
2304 1762 2514 1821 Santos
2544 1781 2573 1820 e
2602 1765 2907 1821 minentes
2950 1765 3024 1821 do
3053 1764 3242 1821 Auce-

611 1851 818 1910 funere
865 1850 1338 1923 christianorum,
1389 1850 1701 1911 iteratione
1755 1870 1891 1927 pro·
1946 1850 2185 1924 bispado
2207 1868 2314 1925 pp.
2339 1860 2373 1913 2
2394 1895 2408 1920 ,
2442 1851 2767 1910 Bracharae
2803 1862 2990 1922 1634,
3034 1862 3198 1915 1635
3224 1874 3247 1920 ;.

611 1940 884 1999 fessionis
929 1939 1263 2016 religiosae,
1309 1939 1504 1999 tribus
1552 1941 1708 2000 votis
1751 1941 1890 1999 reli·
1948 1939 2209 1997 Historia
2259 1940 2671 1999 Ecclesiastica
2733 1942 2838 1998 dos
2884 1941 3243 2014 Arcebispos

609 2029 812 2105 giosis,
844 2029 1037 2087 literis
1070 2028 1363 2105 gratiosis,
1413 2030 1740 2105 priscorum
1773 2029 1890 2088 cle-
1945 2028 2015 2085 de
2046 2028 2277 2105 Lisboa,
2316 2028 2616 2105 Olisipone
2643 2040 2669 2090 1
2685 2038 2830 2099 642,
2865 2048 3016 2105 quae
3036 2033 3243 2088 tamen

608 2119 870 2177 ricorum
917 2118 1160 2188 vestitu,
1202 2117 1449 2192 jejunio,
1497 2137 1699 2195 agape,
1747 2137 1891 2177 cura
1946 2116 2195 2175 alterius
2226 2136 2353 2177 esse
2384 2117 2606 2176 dicitur
2636 2138 2671 2175 a
2701 2118 2828 2175 Nic.
2861 2119 3124 2178 Antonio
3157 2118 3241 2187 Π,

608 2208 983 2284 aegrotorum
1001 2250 1014 2276 ,
1095 2206 1462 2265 novitiorum
1522 2207 1887 2281 educatione,
1950 2213 2108 2274 264,
2174 2207 2270 2265 cui
2332 2206 2434 2265 ille
2496 2206 2605 2265 hoc
2653 2225 2804 2281 opus
2861 2207 3242 2283 imposuerit.

609 2296 809 2355 studio
841 2296 1149 2355 literarum
1180 2289 1354 2377 etc.¹)
1375 2329 1464 2340 —
1482 2295 1698 2370 Napoli
1715 2314 1892 2354 sacra
1947 2293 2137 2369 Super
2182 2299 2242 2352 1.
2266 2314 2328 2370 p.
2374 2297 2584 2354 decreti
2631 2296 2909 2355 Gratiani
2953 2314 3233 2355 commen-

610 2385 796 2443 edidit
847 2385 1052 2442 Caesar
1099 2384 1405 2461 Eugenius
1456 2385 1891 2444 caraccioli
1945 2385 2182 2460 tarium,
2229 2384 2559 2443 Bracharae
2600 2392 2763 2447 1629
2811 2385 2876 2443 in
2921 2384 2980 2453 f.,
3028 2385 3239 2447 edidit.

615 2482 960 2536 1623—54
1008 2473 1071 2531 in
1106 2482 1180 2542 4.,
1226 2493 1404 2547 quam
1447 2474 1617 2531 auxit
1648 2474 1889 2532 Carolus
1948 2471 2196 2548 Scripsit
2225 2475 2561 2548 praeterea:
2595 2473 2708 2532 Pro
2742 2491 2819 2531 ss.
2850 2492 3039 2549 papae
3058 2473 3235 2532 Pauli

607 2562 772 2621 Lell
788 2563 810 2621 i
827 2580 873 2635 s,
898 2579 1046 2637 opus
1067 2562 1239 2620 valde
1258 2581 1478 2634 rarum,
1500 2562 1563 2621 in
1584 2581 1703 2639 quo
1724 2562 1890 2641 origo
1947 2560 2013 2621 V.
2047 2563 2280 2621 statuto
2312 2581 2505 2638 nuper
2532 2562 2748 2622 emisso
2768 2564 2833 2621 in
2850 2564 3241 2636 confessarios

609 2654 670 2709 et
698 2651 975 2710 fundatio
1019 2651 1287 2708 omnium
1332 2652 1728 2722 ecclesiarum,
1763 2670 1889 2711 mo·
1940 2652 2191 2723 feminas
2220 2652 2587 2710 sollicitantes
2630 2654 2692 2710 in
2721 2654 3073 2726 confessione
3101 2671 3231 2710 mo·

610 2740 1006 2799 nasteriorum
1036 2742 1144 2796 etc.
1191 2739 1568 2798 describitur.
1614 2773 1699 2785 —-
1746 2742 1891 2799 Bar·
1945 2743 2045 2798 tae
2108 2740 2458 2815 solutasque
2521 2741 2900 2816 quaestiones
2917 2739 2980 2820 ¹),
3042 2743 3235 2800 Bene-

611 2829 981 2886 tholomaeus
1039 2826 1556 2886 Chioccarelli
1616 2830 1889 2888 eruditus
1945 2829 2112 2886 venti
2151 2839 2309 2891 1611
2351 2831 2414 2887 in
2448 2839 2517 2899 4;
2564 2830 2659 2888 cui
2698 2829 2864 2905 operi
2895 2829 3230 2889 additiones

603 2917 760 2991 juris
794 2914 1101 2974 consultus
1133 2909 1216 2997 (n.
1258 2925 1451 2986 15803
1484 2914 1520 2984 †
1560 2914 1754 3000 1646)
1801 2922 1890 2976 te-
1945 2917 2086 2975 fecit
2118 2918 2357 2993 Seraph.
2393 2918 2480 2976 de
2511 2918 2825 2977 Freitas
2859 2917 2922 2978 0.
2956 2919 3012 2976 b.
3048 2920 3123 2977 M.
3156 2920 3227 2977 de

609 3004 743 3063 xuit
790 3005 1113 3062 antistitum
1174 2998 1435 3062 ecclesiae
1493 3007 1892 3082 neapolitanae
1946 3006 2121 3064 Mero.
2151 3006 2476 3065 Vallisoleti
2516 3017 2542 3068 1
2558 3016 2717 3085 6203
2742 3007 3233 3084 locupletioribus

609 3091 930 3171 cataloqmn
977 3092 1051 3151 ab
1083 3092 1490 3167 apostolorum
1519 3097 1785 3170 tempore
1817 3097 1888 3154 ad
1946 3094 2349 3154 additionibus
2379 3095 2748 3155 illustratum
2776 3097 2855 3159 ib.
2884 3105 3050 3159 1632
3085 3097 3151 3155 in
3175 3108 3232 3159 4.

609 3205 659 3246 a.
699 3192 864 3246 1643
903 3178 1233 3264 (Neapoli);
1280 3183 1347 3240 de
1377 3183 1702 3243 illustribus
1745 3188 1889 3242 scri-
1945 3216 2032 3226 —
2063 3184 2373 3243 Francisco
2406 3185 2819 3243 Bermudez
2863 3184 2936 3242 de
2974 3185 3232 3244 Pedraza

603 3274 886 3348 ptoribus,
923 3271 1028 3348 qui
1059 3271 1123 3330 in
1156 3271 1398 3329 civitate
1431 3273 1491 3331 et
1521 3290 1704 3349 regno
1736 3273 1890 3331 Nea·
1945 3273 2225 3331 ecclesiae
2256 3274 2629 3349 granatensis
2661 3274 2939 3333 canonico
2976 3269 3001 3356 (
3034 3270 3233 3352 1655)

606 3363 760 3437 polis
807 3362 881 3420 ab
921 3381 972 3424 0.
1005 3379 1052 3419 c.
1098 3361 1171 3418 ad
1218 3380 1269 3423 a.
1328 3370 1487 3423 1646
1535 3361 1886 3432 floruerunt,
1946 3361 2225 3420 debemus
2256 3362 2521 3420 Historia
2569 3364 2961 3438 ecclesiastica,
3008 3363 3234 3438 princi·

607 3452 765 3526 quod
801 3469 951 3527 opus
985 3468 1053 3508 ex
1086 3450 1215 3524 ejus
1249 3467 1388 3507 msc.
1422 3449 1612 3508 edidit
1631 3451 1720 3510 Jo.
1744 3450 1888 3509 Vin·
1944 3450 2074 3524 pios
2105 3471 2146 3525 y
2179 3469 2492 3527 progresos
2514 3451 2659 3510 dela
2680 3451 2895 3511 ciudad
2915 3472 2955 3528 y
2976 3452 3233 3528 religion
3284 3481 3303 3510 e

607 3541 838 3598 centius
869 3540 1134 3607 Mecla‚
1182 3539 1263 3602 ib.
1301 3547 1488 3601 1780.
1542 3548 1700 3601 1781
1756 3543 1798 3602 t.
1850 3549 1884 3601 2
1944 3538 2201 3598 Catolica
2249 3540 2320 3599 de
2366 3541 2662 3612 Granada,
2713 3541 3004 3599 Granatae
3057 3550 3225 3604 1638

606 3628 669 3685 in
719 3639 774 3690 4.
809 3663 888 3673 —
926 3628 1250 3687 Historiam
1293 3631 1676 3687 messanensis
1719 3631 1886 3687 ecclc-
1943 3627 2008 3684 in
2057 3629 2111 3696 f.,
2166 3631 2227 3688 et
2276 3630 2580 3687 historiam
2628 3630 3097 3702 eucharisticam,
3148 3629 3227 3686 ib.

604 3719 724 3775 siae
755 3721 816 3775 et
847 3719 1255 3793 episcoporum
1288 3717 1460 3787 vitaS,
1509 3721 1570 3776 et
1614 3719 1651 3775 1.
1685 3719 1753 3776 de
1782 3737 1886 3775 ur·
1952 3725 2115 3779 1643
2162 3717 2228 3774 in
2262 3727 2318 3779 4.
2351 3752 2439 3761 —
2469 3718 2815 3777 Franciscus
2846 3719 2994 3777 Rus
3026 3718 3111 3776 de
3158 3718 3228 3775 la

607 3807 693 3862 bis
743 3807 1175 3881 Syracusarum
1225 3807 1461 3882 antiquo
1507 3808 1885 3881 archiepisco·
1944 3806 2230 3864 Puerta
2260 3806 2596 3864 Beaciensis
2642 3803 2703 3887 (†
2740 3803 2935 3886 1649)
2980 3804 3229 3881 reliquit

602 3900 764 3966 patu,
801 3912 867 3951 ac
897 3895 969 3950 de
1002 3894 1265 3968 ejusdem
1296 3895 1359 3952 in
1390 3895 1666 3953 universa
1686 3895 1888 3953 Sicilia
1944 3893 2037 3951 La
2084 3892 2351 3953 Historia
2398 3896 2798 3954 Ecclesiastica
2843 3896 2934 3953 del
2973 3913 3147 3969 reyno
3192 3915 3230 3970 y

605 3981 1041 4054 metropolitico
1066 3984 1221 4054 jure,
1256 3982 1503 4058 Neapoli
1544 3994 1728 4051 1640,
1763 3984 1885 4041 edi·
1942 3983 2216 4056 obispado
2246 3985 2316 4041 de
2348 3985 2534 4042 Jaen:
2575 3985 2833 4059 primera
2874 3988 3061 4059 parte,
3111 4002 3231 4058 que

606 4068 693 4125 dit
753 4071 991 4143 praeter
1053 4069 1169 4126 alia
1227 4071 1525 4130 Antonius
1577 4072 1886 4131 Amicus
1943 4073 2212 4131 contiene
2244 4091 2343 4131 sus
2373 4073 2699 4148 principios
2737 4093 2776 4149 y
2809 4090 3121 4149 progresos
3152 4090 3230 4130 en

605 4158 1020 4226 MessanensiS,
1056 4159 1372 4216 eanonicus
1410 4162 1883 4234 panormitanus,
1942 4161 1998 4217 la
2028 4161 2302 4237 Religion
2322 4162 2671 4230 Christiana,
2707 4162 2942 4220 Giennii
2971 4169 3138 4223 1634
3161 4160 3226 4219 in

605 4247 696 4304 vir
740 4247 987 4305 eximiae
1033 4247 1381 4306 eruditionis
1429 4249 1760 4320 historicae,
1826 4253 1888 4308 et

604 4336 1114 4412 historiographus
1146 4336 1346 4435 regius
1378 4337 1639 4412 Philippi
1671 4338 1769 4398 IV·
1825 4335 1885 4420 (†
2015 4373 2054 4430 ¹)
2084 4367 2509 4435 Expositionem
2534 4368 2706 4420 const.
2731 4364 2778 4418 G
2796 4382 2866 4419 re
2883 4384 2921 4436 g
2937 4383 2969 4420 o
2986 4365 3083 4418 rii
3105 4364 3228 4419 XV.

612 4420 822 4505 164l)·
856 4459 943 4467 -
974 4425 1332 4482 ΒΘΠθᾶΙΟῩιΠΒ
1378 4425 1448 4481 de
1495 4426 1540 4481 Ρ
1555 4427 1883 4484 aSSaflu·
1940 4446 2127 4491 contra
2154 4443 2505 4506 confessarios
2541 4441 2881 4493 sollicitantes
2913 4437 2975 4490 in
3015 4437 3230 4490 confes-

601 4514 797 4571 mine
841 4513 903 4571 0.
938 4514 992 4575 S.
1038 4514 1242 4574 Franc.
1289 4512 1782 4588 Cephaleditanus
1828 4514 1885 4592 (†
1942 4509 2095 4630 {gone
2138 4508 2294 4562 dedit
2332 4508 2616 4591 -16611116
2635 4529 2658 4562 s
2699 4527 2743 4590 a·
2772 4507 3051 4589 'I‘rinitate
3079 4506 3145 4561 O.
3172 4507 3230 4561 S.

1941 4580 2704 4707 dgtsskfflhfflffihafflss}
2724 4578 3232 4719 }¹.¹0{·1.5³¹a{¹.¹23512¹22

667 4719 720 4782 ·¹)
748 4712 829 4795 Cf:
869 4715 1057 4784 Biogr.
1100 4735 1196 4769 un.
1237 4716 1338 4770 Vll
1358 4759 1370 4782 ,
1409 4722 1542 4777 401:
1586 4717 1647 4768 in
1687 4718 1885 4786 primis
1941 4722 2183 4774 Menores
2210 4722 2277 4775 de
2306 4723 2362 4775 la
2388 4723 2679 4792 provincia
2702 4721 2771 4776 de
2799 4723 2851 4779 S.
2874 4720 3120 4786 Gabriel,
3148 4719 3235 4778 ib.

604 4781 832 4835 Vezzosi
859 4785 901 4846 I,
926 4789 1034 4840 184
1052 4803 1120 4838 ss.
1943 4795 2081 4847 1652
2108 4792 2165 4843 in
2194 4792 2232 4847 f.
