3625 5193
597 289 716 341 767

589 462 807 527 tamen,
838 457 888 515 si
918 473 1106 532 pauca
1136 456 1410 531 excipias,
1446 457 1726 532 pleraque
1748 474 1874 515 me-

589 567 688 607 rae
719 549 866 606 sunt
894 545 1266 618 conjecturae
1299 546 1392 603 sat
1420 545 1695 605 incertae.

683 733 828 788 321.
860 724 1178 797 Plerosque
1210 722 1275 781 V.
1310 723 1371 781 T.
1405 723 1591 782 libros
1624 723 1876 798 prolixis

590 811 1029 874 commentariis
1060 812 1386 871 illustravit
1405 813 1510 872 Cas
1517 831 1621 888 par
1640 813 1677 870 S
1695 830 1784 871 an
1801 830 1833 870 c
1848 844 1875 857 -

591 905 709 962 tiu
724 922 752 962 s
785 898 1090 984 (Sanchez)
1112 900 1168 962 S.
1187 900 1244 962 J.
1265 901 1876 977 Centumputeolanus

592 1012 728 1052 vere
771 991 995 1068 politus
1041 991 1352 1066 interpres.
1396 991 1624 1049 Literas
1666 990 1876 1048 huma·

591 1083 788 1142 niores
821 1079 1026 1139 docuit
1055 1098 1161 1155 per
1195 1088 1274 1142 30
1313 1097 1517 1149 annos,
1549 1081 1682 1137 tum
1714 1098 1758 1138 s.
1802 1079 1875 1137 li·

591 1175 747 1231 teras
777 1170 840 1227 in
873 1168 1268 1244 complutensi
1299 1168 1545 1244 collegio
1576 1172 1670 1226 est
1687 1168 1875 1227 inter·

590 1262 878 1336 pretatus.
910 1257 1233 1332 Nunquam
1264 1252 1537 1337 estgvisus
1569 1257 1741 1315 irasci
1772 1259 1880 1316 aut

592 1349 790 1408 animo
822 1345 1196 1415 commoveri,
1228 1364 1539 1420 nunquam
1563 1363 1762 1404 vocem
1783 1363 1875 1404 so-

594 1438 703 1497 lito
748 1435 1002 1512 amplius
1033 1435 1331 1493 extollere.
1379 1435 1758 1494 innocentem
1788 1435 1877 1494 vi-

593 1532 717 1585 tam
732 1520 779 1606 ¹)
800 1525 967 1584 nulla
987 1542 1252 1598 unquam
1270 1524 1530 1600 graviori
1558 1523 1736 1599 culpa
1754 1544 1877 1581 ma-

594 1615 848 1674 culatam
898 1616 1101 1671 sancto
1153 1611 1269 1670 fine
1317 1612 1537 1670 clausit
1587 1623 1682 1674 16.
1731 1612 1877 1671 Nov.

604 1711 767 1767 1628
802 1722 852 1764 a.
885 1702 1099 1760 aetatis
1136 1710 1234 1762 75.
1281 1700 1486 1759 Edidit
1516 1705 1878 1760 commenta-

594 1793 713 1851 rios
747 1794 808 1849 ἰη
837 1798 1087 1868 quatuor
1114 1790 1171 1850 u.
1194 1790 1415 1867 Reyum
1445 1798 1495 1848 et
1524 1792 1669 1848 duos
1689 1789 1879 1848 Para-

595 1883 930 1956 lipomenon,
979 1879 1260 1956 Lugduni
1299 1888 1463 1942 1623
1511 1879 1574 1937 in
1619 1879 1686 1948 f.;
1729 1880 1880 1938 Ant-

596 1970 847 2044 werpiae
890 1977 1072 2040 1624,
1118 1967 1222 2043 qui
1267 1987 1405 2043 prae
1449 1969 1660 2026 ceteris
1703 1968 1881 2028 aesti-

595 2053 931 2136 mantur²);
979 2059 1042 2115 in
1085 2058 1142 2115 n.
1193 2057 1368 2132 Ruth,
1405 2056 1649 2125 Esdrae‚
1698 2058 1879 2115 Nehe-

597 2149 762 2218 miae,
817 2147 1040 2222 Tobiae,
1091 2147 1315 2221 Judith,
1367 2145 1592 2216 Esther,
1639 2147 1881 2204 Macha-

599 2238 884 2306 baeorum,
919 2235 1199 2312 Lugduni
1227 2243 1390 2298 1628
1422 2235 1487 2294 in
1507 2234 1576 2305 f.;
1609 2236 1726 2294 inl.
1746 2235 1878 2310 Job,

597 2326 678 2389 ib.
731 2334 891 2388 1625
943 2326 1008 2383 in
1053 2324 1123 2392 f.;
1175 2326 1238 2381 in
1269 2326 1494 2383 cantica
1525 2326 1884 2382 canticorum

598 2433 735 2474 cum
771 2414 1135 2490 expositione
1167 2413 1261 2471 Ps.
1299 2421 1399 2481 68,
1436 2432 1611 2487 quem
1644 2414 1711 2472 in
1741 2432 1881 2471 can-

598 2504 734 2563 ticis
796 2502 1123 2577 respexisse
1172 2501 1409 2560 videtur
1457 2502 1748 2572 Salomon,
1802 2502 1882 2559 ib.

607 2603 772 2656 1616
819 2592 885 2651 in
918 2602 987 2661 4;
1033 2592 1096 2649 in
1128 2591 1350 2649 Isaiam
1371 2592 1717 2666 prophetam
1749 2610 1885 2650 cum

600 2681 958 2759 paraphrasi,
994 2680 1072 2738 ib.
1103 2690 1263 2741 1615
1301 2680 1360 2737 in
1401 2690 1470 2749 5;
1504 2681 1884 2755 Antwerpiae

610 2781 808 2840 16163
841 2768 1183 2846 Moguntiae
1227 2778 1388 2831 1616
1426 2769 1488 2826 in
1520 2769 1589 2838 f.;
1623 2771 1686 2825 in
1716 2769 1881 2827 Jere·

603 2862 781 2917 miam
801 2859 1015 2932 proph.
1044 2874 1180 2915 cum
1210 2857 1571 2932 paraphrasi,
1602 2857 1884 2934 Lugduni

611 2956 775 3011 1618
810 2947 873 3004 in
905 2946 973 3017 f.;
1022 2946 1086 3003 in
1115 2945 1460 3004 Ezechielem
1504 2954 1554 3005 et
1586 2947 1886 3005 Danielem

593 3036 803 3110 proph.
837 3054 971 3093 cum
1003 3033 1365 3110 paraphrasi,
1397 3036 1477 3098 ib.
1514 3046 1681 3099 1619
1717 3036 1780 3094 in
1811 3036 1883 3105 f.;

601 3128 663 3182 in
701 3128 781 3184 12
804 3124 1119 3200 prophetas
1149 3125 1397 3182 minores
1428 3132 1478 3182 et
1510 3119 1769 3194 Baruch,
1803 3124 1884 3185 ib.

610 3222 806 3283 1618;
847 3222 1006 3276 1621
1046 3210 1134 3291 (in
1168 3212 1521 3271 Zachariam
1544 3215 1757 3293 proph.
1790 3232 1885 3272 se-

602 3303 779 3363 orsim
816 3303 894 3366 ib.
921 3312 1086 3365 1616
1121 3302 1186 3360 in
1209 3296 1310 3383 4.),
1344 3302 1448 3377 qui
1478 3303 1886 3362 commentarii

601 3393 665 3451 in
696 3393 1016 3469 prophetas
1047 3392 1295 3465 majores
1327 3398 1387 3449 et
1417 3392 1675 3450 minores
1707 3392 1886 3450 aesti-

602 3485 867 3550 mantur;
901 3484 962 3539 in
993 3487 1152 3539 actus
1178 3482 1566 3554 apostolorum
1584 3501 1607 3539 .·
1639 3481 1890 3539 accessit

602 3571 929 3647 disputatio
975 3570 1046 3628 de
1093 3588 1137 3627 s.
1178 3568 1385 3628 Jacobi
1430 3570 1691 3644 itemque
1725 3569 1885 3629 Petri

602 3664 663 3718 et
692 3660 863 3719 Pauli
897 3679 988 3735 ap.
1019 3660 1082 3717 in
1113 3654 1460 3733 Hispaniam
1494 3658 1773 3730 adventu,
1807 3659 1885 3718 ib.

612 3759 773 3812 1616
809 3749 873 3807 in
901 3759 971 3817 4;
1004 3747 1279 3806 Coloniae
1309 3758 1491 3809 1617.
1528 3748 1608 3805 De
1640 3766 1707 3807 eo
1741 3749 1882 3807 scri-

601 3837 695 3894 bit
714 3837 936 3894 Calmet
967 3836 1029 3893 in
1064 3853 1106 3893 s.
1128 3835 1515 3894 bibliotheca:
1550 3837 1885 3906 ,Eruditus

603 3928 694 3983 est
739 3920 1079 4004 (Sanctius),
1115 3923 1362 3998 sapienS,
1398 3925 1640 3993 solidus,
1676 3927 1887 3984 literae

603 4013 916 4071 inhaerens
976 4015 1038 4071 et
1098 4012 1360 4073 omnium
1424 4033 1572 4089 quos
1622 4015 1884 4073 noverim

884 274 1256 328 1621—1640.
1283 269 1602 339 Scripturas
1631 272 1966 340 interpretes
1991 271 2054 325 in
2080 269 2239 338 Hisp.
2266 269 2545 335 Sanctius,
2575 269 2916 337 Fernandez,

3088 288 3218 343 768

1930 456 2327 532 interpretum
2373 456 2922 532 praestantissimus
2938 452 3002 537 ¹).
3068 457 3219 530 Ejus

1930 545 2415 604 commentarium
2458 544 2521 603 in
2553 545 2741 622 Reges
2785 546 2981 604 omnia
3026 545 3218 621 ipsius

1931 653 2110 710 opera
2153 645 2432 710 superare
2475 633 2647 693 facile
2692 630 3080 715 ereditur2).‹
3141 635 3221 694 Et

1931 723 2256 800 Cornely
2323 722 2540 782 introd.
2601 742 2658 798 p.
2721 730 2882 789 682:
2959 724 3216 790 ,Mirum

1931 814 2023 871 est
2051 813 2269 888 quanta
2299 830 2436 870 cum
2462 812 2790 889 sagacitate
2811 811 3220 880 difficultates,

1931 920 2083 976 quas
2146 904 2350 961 nostro
2401 901 2509 959 hoc
2557 903 2756 961 seculo
2805 901 3225 961 rationalist-ae

1932 995 2137 1049 contra
2170 991 2234 1052 V.
2267 990 2330 1050 T.
2363 989 2546 1049 libros
2591 990 2908 1050 historicos
2953 993 3220 1064 movent,

1933 1079 2187 1155 quodam
2246 1079 2419 1138 modo
2480 1080 2841 1156 praeviderit
2888 1083 2950 1139 et
2997 1084 3225 1156 quanta

1934 1187 2067 1227 eum
2100 1168 2430 1227 eruditione
2464 1169 2777 1244 plerasque
2800 1170 2926 1243 jam
2958 1169 3021 1228 in
3052 1172 3219 1226 ante-

1934 1276 2161 1316 cessum
2194 1257 2453 1316 solverit.
2469 1266 2495 1294 ‘
2939 1257 2945 1264 ’

2027 1444 2170 1498 322.
2201 1435 2272 1493 In
2298 1435 2561 1494 Genesim
2581 1436 3137 1494 commentariorum
3160 1440 3225 1496 et

1934 1523 2415 1583 observationum
2435 1524 2751 1584 moralium
2769 1529 2813 1584 t.
2837 1531 2872 1586 3
2896 1525 2962 1583 in
2980 1525 3038 1594 f„
3058 1525 3221 1601 Lug-

1935 1612 3223 1680 duni1618.1621.1627etiterum1633‚

1935 1701 2124 1760 edidit
2168 1702 2525 1760 Benedictus
2572 1702 3015 1761 Fernandez
3062 1702 3117 1761 S.
3164 1702 3226 1765 J.

1934 1790 2277 1858 Lusitanus,
2328 1791 2662 1863 Borbensis,
2722 1791 2843 1850 zelo
2892 1792 3225 1850 animarum

1935 1879 2190 1956 insignis
2224 1880 2720 1954 celebrandasque
2739 1881 2794 1938 b.
2808 1880 3075 1956 Virginis
3094 1883 3226 1956 glo-

1938 1967 2083 2040 riae,
2116 1972 2187 2026 ut
2227 1970 2355 2042 ejus
2389 1969 2610 2045 scripta
2640 1972 2959 2042 testantur,
2993 1969 3225 2028 studio-

1938 2075 2039 2116 sus
2070 2053 2132 2139 (†
2167 2067 2220 2120 8.
2258 2059 2387 2116 Dec.
2431 2067 2592 2121 1630
2636 2077 2686 2120 a.
2721 2059 2935 2117 aetatis
2970 2056 3096 2139 67).
3131 2057 3222 2115 di-

1938 2146 2336 2222 stinguendus
2383 2165 2419 2205 a
2462 2142 2709 2228 sodali⁸)
2742 2147 3003 2205 Antonio
3044 2147 3223 2204 Fer·

1939 2236 2225 2293 nandez
2258 2232 2320 2316 (†
2350 2246 2442 2297 14.
2464 2235 2603 2311 Maji
2633 2231 2847 2316 1628),
2883 2237 3052 2312 cujus
3083 2238 3233 2293 sunt

1939 2325 2348 2383 commentarii
2381 2327 2442 2382 in
2474 2326 2714 2383 visiones
2746 2324 2811 2386 V.
2853 2325 2914 2382 T.
2946 2343 3082 2383 cum
3116 2344 3222 2400 pa-

1938 2413 2325 2488 raphrasibus
2357 2413 2636 2488 capitum,
2671 2432 2740 2472 ex
2762 2413 2982 2488 quibus
3001 2432 3227 2472 eruun-

1939 2503 2057 2568 tur,
2091 2501 2373 2577 Lugduni
2404 2512 2598 2571 16173
2632 2510 2828 2573 1622;
2872 2512 3033 2564 1662
3069 2502 3134 2560 in
3166 2503 3227 2572 f„

2018 2766 2056 2831 ¹)
2083 2759 2326 2815 Feller
2357 2761 2474 2825 vlt,
2513 2766 2650 2818 417:
2695 2760 2802 2825 „Le
2841 2777 2969 2815 sens
3007 2760 3225 2814 litteral

1940 2832 2077 2957 §.513¹
2098 2832 2187 2957 Ῑίήε
2206 2831 2649 2958 sesamis
2670 2836 2756 2956 τι
2777 2832 3229 2958 gessere.

1941 2920 2166 3055 neglige
2183 2946 2253 3027 'ni
2279 2974 2331 3027 le
2359 2991 2485 3027 sens
2506 2920 2806 3043 mystliqiile,
2834 2975 2892 3027 ni
2918 2975 2969 3029 le
2997 2990 3122 3028 sens
3148 2974 3229 3028 al-

1940 3047 2253 3115 legor-ique.
2282 3044 2394 3099 Son
2421 3045 2820 3100 commentaire
2855 3063 2948 3099 sur
2976 3046 3116 3099 Isaie
3144 3049 3231 3100 est

1942 3116 2514 3171 incontestablement
2553 3135 2631 3170 uu
2658 3117 2756 3170 des
2795 3116 3080 3171 meilleurs
3115 3133 3226 3185 que

1941 3205 2308 3314 32¹2⁸51³52f²2
2325 3204 2387 3316 ⁸21?
2395 3189 2997 3328 ‘5251‘215'2953101133
3016 3192 3080 3312 1⁶1?
3098 3191 3230 3314 ..5321

1942 3331 2075 3384 bibl.
2106 3330 2246 3385 fabr.
2272 3330 2315 3395 I,
2341 3335 2475 3392 261;
2505 3330 2599 3396 IV,
2626 3335 2712 3387 25.

2017 3402 2467 3471 ²)Praeter1nitti
2496 3419 2611 3456 non
2651 3402 2859 3456 debent
2897 3418 3041 3470 quae
3076 3416 3231 3454 occa-

1943 3473 2099 3527 sione
2144 3475 2316 3528 etiam
2361 3473 2529 3542 hujus
2571 3472 2900 3542 interpretis
2943 3473 3229 3541 sapienter

1943 3543 2191 3598 advertit
2228 3545 2466 3598 Perrone
2507 3545 2773 3612 praelect.
2816 3543 3066 3612 theolog.
3109 3548 3146 3596 t.
3175 3548 3226 3598 3.

1943 3635 1996 3686 p.
2022 3620 2073 3672 2.
2100 3634 2144 3671 c.
2172 3620 2221 3672 3.
2249 3632 2299 3676 a..
2327 3620 2359 3671 2
2381 3637 2391 3668 :
2423 3615 2604 3677 „Satis
2625 3619 2710 3669 est
2735 3615 3020 3684 specimen
3045 3630 3228 3667 sume·

1944 3703 1999 3740 re
2028 3703 2092 3740 ex
2111 3686 2526 3741 commentariis
2554 3704 2723 3756 super
2742 3687 3047 3756 prophetas
3063 3684 3229 3753 Casp.

1944 3758 1980 3812 S
1997 3774 2031 3811 a
2048 3775 2129 3811 nc
2146 3758 2268 3821 tii,
2308 3774 2373 3811 ex
2415 3758 2816 3813 commentario
2855 3774 2981 3812 ven.
3022 3755 3230 3810 Bellar-

1943 3829 2083 3881 mini
2110 3830 2169 3881 in
2197 3828 2451 3882 Psalmos
2477 3832 2536 3884 et
2561 3829 2620 3890 P,
2646 3828 2903 3883 Berthier
2926 3828 3141 3897 pariter
3167 3826 3227 3880 iu

1947 3899 2212 3964 PsalmoS,
2236 3899 2569 3954 Bernardini
2589 3917 2624 3953 a
2640 3899 2867 3955 Piconio
2887 3899 2947 3952 iu
2964 3898 3234 3979 epistolas

1944 3991 1985 4026 s.
2009 3971 2173 4025 Pauli
2197 3971 2557 4040 aliorumque
2580 3972 2803 4042 passim,
2832 3971 2932 4039 qui
2954 3972 3232 4039 pietatem

1944 4043 2156 4111 ubique
2182 4046 2239 4097 et
2262 4043 2584 4097 unctionem
2611 4044 2780 4113 plane
2799 4041 3090 4095 coelestem
3120 4039 3231 4120 spi·

1943 4117 2087 4168 rant.
2116 4114 2171 4168 Si
2200 4114 2324 4183 quis
2359 4114 2462 4169 hos
2487 4115 2741 4168 conferat
2776 4129 2904 4165 cum
2930 4113 3231 4180 expositio·

1944 4186 2114 4239 nibus
2158 4185 2407 4249 Semleri,
2452 4185 2749 4254 utriusque
2798 4181 3233 4244 Rosenmulleri,

606 4257 720 4378 VI?
748 4253 830 4309 Cf.
871 4254 1151 4309 Sotvellus
1200 4274 1254 4323 p.
1296 4259 1431 4317 280:
1474 4256 1889 4325 Sommervogel
1942 4256 2233 4310 Kuinoelli
2253 4260 2356 4312 etc.
2384 4256 2781 4325 deprehendet,
2806 4257 3030 4308 tantum
3058 4253 3231 4307 inter-

752 4329 886 4386 524;
915 4324 985 4380 N.
1015 4327 1299 4379 Antonius
1327 4328 1365 4391 Ι,
1395 4331 1500 4382 532
1525 4343 1568 4378 s.

676 4400 720 4468 ²)
745 4397 791 4449 R
807 4414 836 4451 e
851 4398 871 4450 i
889 4416 924 4451 n
941 4398 978 4449 k
994 4413 1024 4450 e
1069 4396 1316 4467 (Einleit.
1362 4413 1430 4449 zu
1473 4397 1582 4449 den
1627 4397 1888 4450 messian.

605 4465 1054 4539 WVeissagungen
1085 4474 1133 4532 1,
1160 4472 1280 4539 30):
1319 4467 1426 4529 „Er
1452 4483 1568 4519 war
1593 4468 1686 4521 ein
1713 4467 1887 4521 Manu

605 4555 719 4592 von
744 4539 970 4608 inniger
990 4538 1413 4609 Frommigkeit,
1440 4541 1636 4609 grosser
1662 4538 1891 4593 Gelehr-

606 4609 849 4663 samkeit
893 4610 1012 4664 und
1054 4610 1302 4664 scharfer
1329 4609 1735 4664 Urtheilskraft
1772 4610 1890 4664 und

606 4678 773 4731 stand
802 4680 972 4733 daher
995 4680 1074 4732 im
1166 4683 1304 4735 ossen
1333 4680 1462 4734 Ruf.
1485 4722 1497 4734 .
1523 4723 1534 4736 .
1557 4721 1571 4735 .
1593 4681 1757 4736 Seiue
1795 4682 1891 4736 Er·

607 4749 852 4818 klarung
877 4749 975 4804 der
998 4750 1116 4803 Bac
1157 4767 1215 4805 er
1241 4751 1495 4806 Samuele
1521 4753 1638 4806 und
1665 4753 1763 4806 der
1783 4753 1891 4808 Κὸ·

609 4819 740 4887 nige
771 4820 990 4874 werden
1018 4837 1109 4874 am
1136 4822 1369 4876 meisten
1396 4823 1730 4891 geschatztst‘

1945 4328 2138 4381 cedere
2158 4328 2286 4383 illos
2311 4328 2460 4382 inter
2481 4331 2537 4381 et
2556 4329 2692 4381 istos
2711 4325 3030 4391 discrimen,
3057 4341 3235 4395 quan·

1944 4401 2069 4452 tum
2111 4398 2419 4454 intercedit
2451 4399 2755 4453 medullam
2800 4397 2949 4451 inter
2989 4401 3046 4451 et
3090 4412 3235 4462 ossa,

1945 4488 1971 4523 s
2012 4470 2209 4523 iritum
2254 4474 2312 4525 et
2355 4486 2559 4539 corpus
2575 4512 2587 4535 ,
2640 4469 2862 4524 coelum
2906 4473 2965 4523 et
3007 4475 3232 4527 terram.

1994 4541 2162 4609 cquid
2193 4542 2353 4595 aliud
2372 4544 2654 4610 exspectes
2675 4542 2748 4595 ab
2772 4540 2859 4606 iis,
2887 4541 2988 4609 qui
3006 4537 3233 4594 nonnisi

1948 4616 2170 4666 terrena
2195 4630 2258 4667 sa
2297 4613 2427 4665 iunt
2440 4620 2492 4665 r*

2021 4688 2062 4753 ⁸)
2087 4683 2229 4737 Bibl.
2295 4684 2400 4754 isp.
2440 4700 2588 4738 nova
2613 4686 2865 4739 recenset
2897 4681 3038 4738 alios
3064 4685 3095 4738 7
3122 4684 3235 4735 An·

1947 4754 2136 4809 tonios
2160 4756 2203 4808 F
2218 4773 2247 4808 e
2264 4773 2291 4808 r
2306 4774 2343 4808 n
2358 4771 2392 4808 a
2408 4772 2447 4807 n
2462 4754 2497 4808 d
2514 4772 2544 4809 e
2559 4773 2606 4819 z,
2649 4770 2891 4823 quorum
2932 4770 3113 4808 unum
3140 4768 3237 4822 pa·

1946 4824 2082 4879 riter
2098 4825 2432 4881 Lusitanum
2455 4843 2628 4895 supra
2646 4824 3010 4880 laudavimus
3029 4841 3086 4893 p.
3111 4826 3236 4881 596.
