3625 5193
347 212 466 266 325
845 194 1094 248 Historia
1120 194 1269 247 liter.
1298 192 1487 259 Wion,
1519 193 1797 258 Placidus,
1825 191 2146 255 Riccoboni,
2172 186 2468 246 Pauciroli.
2829 204 2953 256 326

345 384 550 451 mitum,
604 380 1036 482 §ymphorosae
1088 397 1153 437 ac
1203 381 1426 454 septem
1472 376 1622 434 filio·
1678 381 1817 439 dus
1840 381 2046 456 junior
2074 379 2389 445 Romanus,
2422 373 2744 433 monachus
2761 372 2958 431 etdia·

343 489 475 529 rum
507 473 667 528 notis
701 472 762 527 et
793 467 1264 544 digressionibus
1297 467 1619 537 illustrata,
1678 487 1862 530 conus
1910 467 2231 528 casinensis
2282 465 2440 523 OSB.
2490 460 2552 543 (†
2597 480 2643 520 o.
2685 471 2846 525 1587
2911 480 2963 519 a.

346 559 558 618 Romae
599 566 785 622 1588.
1682 559 1897 618 aetatis
1918 553 2026 638 37)
2061 554 2278 630 adjecit
2297 552 2457 612 Petri
2487 551 2722 609 diaconi
2743 550 2965 626 pariter

800 735 810 746 .
952 735 962 745 ·
1680 647 2005 707 casinensis
2037 646 2074 703 l.
2108 645 2180 702 de
2211 644 2356 702 viris
2380 642 2466 702 ill.
2484 641 2960 715 supplementum,

444 744 581 837 [42.
615 735 708 793 Ad
754 735 1066 793 historiam
1111 727 1624 813 literariam1)-re·
1684 736 1845 812 quod
1877 755 2013 795 cum
2058 735 2163 794 illo
2209 732 2441 806 saepius
2476 729 2698 806 prodiit
2728 723 2826 808 (cf.
2864 745 2966 785 su·

346 826 484 884 ferri
559 827 846 901 possunt:
928 823 1229 923 Arnoldus
1291 821 1499 879 Wion
1561 822 1627 882 Ο.
1681 846 1793 903 pra
1823 826 1880 884 11
1917 820 2044 903 52).
2076 857 2160 867 —
2195 820 2493 879 Antonius
2542 814 2965 876 Riccoboni

347 915 399 973 S.
433 916 572 972 Ben.
606 914 938 981 DuacenuS,
973 931 1078 988 qui
1099 911 1173 970 ob
1198 911 1627 970 haereticorum
1681 915 1878 991 patria
1906 912 2277 988 Rhodiginus
2299 902 2636 990 (Rovigno),
2671 906 2966 981 professor

347 1004 555 1062 turbas
589 1003 784 1060 solum
819 1004 1049 1060 vertere
1069 1005 1309 1059 coactus
1329 1002 1454 1057 est:
1490 997 1628 1056 hino
1684 1003 2064 1079 eloquentiae
2116 1001 2180 1059 in
2226 998 2517 1058 academia
2549 995 2842 1071 patavina,
2877 992 2969 1052 vir

347 1094 410 1151 in
441 1092 676 1192 Italiam
711 1090 952 1191 secessit
971 1108 1151 1165 seque
1185 1086 1630 1164 congregationi
1654 1108 1664 1223 ι
1689 1094 1755 1150 in
1804 1092 1997 1151 literis
2046 1086 2496 1149 humanioribus
2547 1085 2836 1151 excultus,
2898 1083 2971 1139 ut

347 1199 640 1283 casinensi
670 1179 957 1255 adjunxit.
1000 1179 1343 1254 Composuit
1374 1176 1630 1252 Liynum
1687 1184 1988 1241 testantur
2017 1180 2146 1255 ejus
2179 1178 2251 1235 de
2272 1176 2426 1235 hisce
2457 1192 2635 1249 opera
2666 1167 2728 1253 (†
2760 1165 2967 1249 1597),

348 1278 508 1344 vitae,
561 1272 976 1369 ornam-cutum
1021 1270 1081 1325 et
1130 1268 1309 1325 decus
1341 1265 1632 1323 Ecclesiae
1685 1271 1933 1346 reliquit
1981 1270 2049 1327 de
2091 1267 2389 1345 yy-mnasio
2427 1264 2709 1337 patavino
2759 1261 2817 1318 ll.
2874 1259 2970 1328 VI,

351 1360 408 1417 ll.
448 1370 506 1458 5⁹.
539 1357 807 1417 Venetus
851 1366 1010 1455 1595
1063 1357 1129 1414 in
1165 1368 1237 1426 4.,
1290 1373 1407 1429 quo
1459 1371 1633 1429 opere
1689 1379 1839 1435 opus
1872 1358 2120 1417 minoris
2153 1355 2330 1431 pretii
2350 1351 2615 1419 literar-ii,
2638 1368 2774 1408 curn
2800 1350 2973 1424 juxta

350 1449 738 1507 continentur
772 1446 965 1522 elogia
987 1445 1247 1503 virorum
1281 1444 1375 1503 sui
1408 1442 1633 1501 ordinis
1694 1442 2117 1527 Padapopolil)
2151 1444 2349 1521 potius
2377 1461 2486 1500 sua
2505 1459 2686 1515 quam
2722 1438 2974 1496 aliorum

352 1537 597 1595 virtutis
648 1534 744 1592 vel
789 1534 1090 1593 doctrinae
1134 1534 1290 1590 fama
1320 1532 1633 1600 clarorum,
1690 1539 2094 1613 professorum
2126 1533 2383 1592 celebret
2414 1530 2638 1588 merita.
2672 1560 2757 1571 —-
2792 1526 2972 1601 Maj0-

352 1627 510 1684 unde
573 1624 644 1726 Η..
694 1622 995 1682 Menard
1057 1640 1231 1680 suum
1295 1619 1636 1695 compilavit
1691 1627 1774 1685 ris
1801 1627 1926 1701 jam
1957 1624 2137 1700 pretii
2171 1625 2263 1681 est
2293 1638 2443 1697 opus
2468 1616 2757 1677 Guidonis
2789 1617 2837 1673 P
2857 1633 2973 1673 an·

355 1714 736 1791 Menoloywm
789 1712 1218 1769 benedictinum·
1264 1744 1351 1752 —
1397 1708 1636 1766 Placi·
1693 1714 1929 1774 ciroli
1989 1714 2059 1771 de
2116 1713 2295 1770 elaris
2344 1711 2525 1783 leyum
2570 1704 2977 1778 interpretibus

430 1854 468 1909 ¹)
501 1847 1004 1901 praetermittimus
1045 1845 1328 1898 Andream
1356 1842 1455 1895 Th
1471 1861 1499 1894 e
1519 1858 1552 1893 v
1568 1842 1642 1894 et
1694 1806 1756 1864 ll.
1796 1817 1849 1863 4.
1883 1804 2078 1862 Natus
2128 1803 2218 1859 est
2249 1801 2312 1857 G.
2348 1795 2642 1855 Panciroli
2672 1792 2884 1869 Rhegii
2913 1792 2977 1849 in

353 1914 645 2000 (Thebith)
688 1918 1170 1987 Engolismensem
1200 1914 1358 1985 prius
1387 1912 1447 1966 Ο,
1484 1912 1639 1975 Min„
1696 1893 1951 1953 Aemilia
1980 1912 2028 1950 a.
2075 1899 2253 1952 1523.
2317 1886 2483 1944 Juris
2534 1883 2732 1942 studio
2778 1900 2840 1939 se
2887 1881 2977 1939 in-

355 2007 456 2059 qm
501 1994 694 2043 tamen
738 2005 804 2041 ex
847 1988 1074 2041 indulto
1115 1985 1259 2040 sedis
1301 1983 1640 2054 apostolicae
1694 1983 1904 2058 primis
1935 1979 2245 2056 impendit3
2276 1977 2407 2034 ideo
2440 1973 2791 2033 celebriores
2833 1969 2981 2029 adiit

355 2062 673 2186 iffi&
692 2058 1268 2201 aazias&
1308 2056 1640 2180 ἐΐῑῑΐῑῖὲ
1689 2060 2982 2230 ³,ss3}{d31353333}fflzssabssssssszzffiffg

357 2204 521 2274 piciis
548 2202 779 2256 Henrici
809 2201 873 2268 11,
901 2203 1130 2255 cunctas
1156 2199 1270 2253 fere
1297 2196 1495 2251 mundi
1523 2213 1640 2265 per-

357 2275 581 2344 agravit
639 2274 896 2341 regiones
947 2270 1418 2337 circumactisque
1480 2285 1527 2320 a,
1573 2271 1643 2322 23
1700 2252 1913 2308 senatu
1945 2247 2201 2305 selectus
2251 2249 2343 2300 est
2392 2239 2690 2315 professor
2736 2235 2980 2293 institu-

358 2349 602 2399 nuatum
648 2343 1117 2414 peregrinationis
1157 2357 1409 2395 sermone
1458 2337 1643 2408 patrio
1699 2340 1931 2397 tionum
1969 2328 2216 2415 (1547).
2248 2330 2394 2388 Inde
2426 2329 2705 2386 evocatus
2739 2324 2813 2382 ab
2843 2324 2980 2380 Em-

360 2415 625 2471 exhibuit
650 2418 710 2469 in
738 2418 1147 2484 (J'osmoyraphie
1170 2416 1232 2466 de
1253 2415 1468 2474 Levant,
1499 2409 1640 2477 Lug·
1700 2427 1977 2485 manaem
2010 2422 2338 2481 phjljbffl-sso
2370 2414 2698 2475 sabaudiae
2729 2412 2874 2469 duce
2909 2411 2980 2467 ad

360 2488 499 2541 duni
527 2492 695 2555 1554;
725 2491 864 2544 1556
887 2490 987 2540 ete.
1039 2483 1384 2552 Compilavit
1409 2483 1645 2535 Histoire
1702 2517 1713 2529 .
2420 2507 2431 2517 ·
2723 2502 2734 2512 ·

360 2565 450 2615 des
493 2562 725 2614 hommes
762 2562 1012 2621 illustres,
1053 2555 1281 2610 Parisiis
1308 2557 1448 2610 1584
1484 2552 1546 2605 in
1575 2551 1643 2615 f.;
1698 2513 2116 2574 mustrandam
2178 2509 2537 2568 academmm
2581 2506 2981 2560 taunnensem

362 2634 569 2713 16711.
597 2634 631 2687 8
657 2631 714 2683 in
744 2635 846 2694 12„
874 2646 1016 2698 opus
1034 2630 1206 2698 juxta
1229 2625 1406 2679 Feller
1430 2617 1646 2692 absque
1703 2602 1961 2688 (157o):
2007 2603 2080 2661 ob
2126 2599 2276 2659 aeris
2305 2592 2717 2670 intemperiem
2748 2592 2983 2649 coactus

351 2703 571 2773 judicio
597 2703 787 2755 critico
816 2702 1149 2764 confectum,
1165 2699 1398 2767 plenum
1413 2694 1646 2763 ineptiis
1703 2699 1796 2755 est
1829 2694 2024 2753 redire
2059 2688 2387 2749 Patavium,
2421 2681 2738 2760 Gregorius
2758 2679 2904 2737 XIV,
2926 2681 2987 2735 et,

361 2778 418 2828 Εἴ
458 2774 752 2828 erroribus.
820 2772 976 2825 Obiit
1030 2773 1225 2824 auct&
1271 2771 1407 2824 ¹590
1459 2784 1507 2825 a·
1562 2781 1648 2818 ἥθ’
1704 2786 1967 2843 Clemens
2000 2779 2155 2841 VIII.
2187 2779 2430 2836 Romam
2463 2792 2599 2831 eum
2631 2769 2985 2837 invitarunt,

361 2845 499 2899 tatis
519 2848 606 2902 88.
628 2878 696 2885 -
718 2844 809 2899 Ad
826 2842 1118 2897 historiam
1137 2838 1449 2894 literariam
1475 2836 1646 2889 etiarn
2006 2872 2017 2883 .
2171 2868 2182 2880 .
2255 2866 2265 2877 .
2471 2864 2482 2875 .

360 2916 678 2985 theologiae
705 2915 858 2969 haud
925 2931 1085 2967 arum
1112 2910 1352 2964 contulit
1374 2907 1647 2976 Georgius
1703 2874 1804 2933 sed
1838 2872 2052 2931 maluit
2083 2871 2303 2944 quietis
2334 2867 2525 2940 gratia
2555 2877 2791 2918 manere
2812 2858 2987 2914 Pata·

362 2987 729 3041 Willerus
791 2986 889 3039 bib
916 2984 1101 3054 'opola
1163 2983 1528 3050 augustanus,
1581 2978 1648 3029 de
1706 2963 1804 3032 vii,
1840 2961 1947 3019 ubi
1979 2952 2294 3034 decessit²)
2325 2964 2421 3016 17.
2443 2952 2576 3026 Maj·
2606 2958 2791 3011 1599.
2826 2945 2989 3020 Opus

360 3077 475 3127 quo
504 3058 701 3113 scribit
727 3058 869 3111 Aub.
900 3056 1141 3109 Miraeus
1170 3053 1370 3121 Script.
1392 3066 1497 3103 sec.
1520 3048 1648 3101 XVI
1705 3052 1858 3109 illud
1906 3049 2166 3124 primum
2196 3042 2423 3120 prodiit
2463 3047 2622 3102 1637
2680 3055 2819 3095 cura
2860 3035 2989 3109 ejus

363 3122 1650 3270 ἓῇῑΙι-ἐζέὼῖιξῃὲὃὲἓὲυῗξϋῑῒξὲἓΠξοῒὲξὲζ
1705 3138 1942 3215 nepotis
1977 3137 2022 3195 O
2043 3155 2073 3195 c
2088 3139 2113 3192 t
2129 3156 2162 3192 a
2179 3153 2215 3191 v
2231 3134 2253 3190 i
2272 3133 2290 3189 i
2311 3127 2620 3195 Panciroli,
2645 3126 2747 3201 qui
2769 3123 2992 3197 aliquot

362 3271 530 3341 copia
556 3271 947 3335 adveheretur,
973 3268 1190 3323 exstitit
1215 3266 1432 3335 primus
1459 3265 1653 3316 auctor

1707 3227 1951 3289 notitias
2000 3223 2231 3299 adjecit,
2283 3237 2435 3295 quae
2496 3220 2696 3274 tamen
2759 3211 2991 3269 addita-

363 3342 893 3396 conscribendorum
916 3340 1302 3408 catalogorum
1331 3336 1401 3388 ab
1428 3352 1475 3387 a.
1498 3337 1650 3389 1554.
1709 3321 1913 3377 menta
1943 3314 2114 3373 fassile
2147 3308 2579 3386 dignoscuntur
2610 3325 2643 3360 a
2674 3303 2843 3359 texf‘u
2876 3298 2989 3356 ori·

366 3415 626 3482 Cumque
671 3413 930 3466 omnibus
974 3411 1304 3464 institutum
1342 3407 1450 3459 hoc
1489 3404 1653 3458 valde
1711 3406 1916 3484 ginali,
1983 3403 2146 3477 Opus
2191 3403 2282 3456 est
2321 3393 2634 3453 admodum
2671 3387 2990 3454 eruditum,

369 3486 703 3566 probaretur
751 3487 808 3537 et
869 3483 1258 3550 catalogorum
1310 3474 1655 3547 exemplaria

371 3557 533 3636 ayide
560 3557 963 3625 expeterentur
1001 3571 1064 3606 ac
1090 3568 1189 3620 per
1214 3564 1406 3602 omnes
1431 3545 1656 3616 provin·

369 3644 484 3680 cias
508 3628 676 3697 longe
702 3626 928 3693 lateque
955 3623 1419 3683 distraherentur,
1434 3618 1495 3671 id
1516 3616 1655 3668 Wil-

371 3698 474 3752 leri
498 3697 769 3779 auspiciis
810 3700 867 3751 et
906 3692 1316 3764 typographico
1341 3690 1530 3743 labore
1559 3686 1655 3740 Ni-

371 3769 516 3823 colai
543 3768 585 3821 B
601 3785 633 3821 a
650 3787 674 3821 s
693 3786 718 3822 s
731 3787 762 3822 a
779 3769 844 3822 ei
869 3762 1352 3820 Francofurtensis
1367 3759 1655 3814 continua-

375 3844 500 3922 tum
526 3839 641 3893 fuit
666 3856 848 3907 usque
875 3838 949 3891 ad
974 3854 1023 3890 a.
1054 3839 1209 3893 1592.
1238 3833 1435 3885 Visum
1464 3832 1651 3884 autem

375 3929 506 3964 rins
537 3911 760 3979 aliquot
799 3910 1030 3963 curiosis
1073 3921 1274 3974 operae
1299 3902 1566 3973 pretium,
1612 3917 1656 3951 si

376 3998 568 4035 omnes
582 3983 720 4036 editi
735 3980 961 4034 Bassaei
979 3979 1131 4048 typis
1149 3975 1329 4029 catalo
1376 3974 1387 3984 “
1404 3974 1464 4026 in
1482 3988 1659 4024 unum

377 4070 578 4123 corpus
625 4052 981 4123 alphabetico
1027 4048 1222 4104 ordine
1262 3992 1663 4114 cofiigerentur

377 4125 551 4191 (quod
576 4126 788 4178 facturn
816 4126 901 4176 est
939 4141 972 4174 a
1007 4122 1155 4174 Geor
1197 4118 1247 4168 'o
1274 4116 1322 4168 D
1343 4135 1368 4167 r
1385 4133 1470 4168 au
1486 4114 1523 4166 d
1539 4114 1558 4164 i
1577 4116 1628 4178 o)
1649 4133 1660 4164 z

378 4196 533 4263 quod
558 4195 889 4249 institutum
930 4196 986 4246 et
1029 4193 1163 4244 abso
1189 4191 1349 4240 utum
1389 4188 1448 4239 et
1471 4185 1531 4237 in
1558 4188 1591 4238 3
1618 4186 1659 4235 t.

380 4266 746 4321 distributum
774 4265 898 4318 fuit.
927 4265 991 4316 In
1017 4269 1067 4319 1.
1088 4258 1366 4320 hebraice,
1393 4271 1588 4326 graece
1605 4256 1665 4307 et

381 4336 556 4391 latine
606 4340 814 4407 scripta
875 4335 1254 4393 continentur,
1314 4328 1664 4381 diversarum

379 4410 763 4474 materiarum,
779 4410 838 4460 in
855 4409 1034 4460 certas
1052 4407 1244 4458 tamen
1261 4400 1464 4454 classes
1479 4394 1663 4449 distri-

380 4479 662 4534 butarum.
713 4480 778 4532 Iu
819 4478 1060 4531 alterum
1089 4479 1131 4527 t.
1158 4469 1462 4541 germanici
1500 4466 1560 4520 ll.
1587 4466 1666 4518 di·

381 4551 542 4620 gesti.
586 4557 636 4607 3.
682 4548 1078 4617 complectitur
1118 4542 1424 4611 hispanice,
1467 4536 1665 4607 gallice

382 4624 440 4674 et
463 4623 652 4676 italice
679 4622 888 4690 script-a
908 4617 1218 4688 promiscue
1238 4615 1454 4674 notata,
1481 4624 1665 4676 neque

382 4693 577 4747 eadem
605 4693 975 4746 materiarum
1015 4688 1151 4741 serie
1190 4685 1347 4739 velut
1384 4683 1446 4734 in
1473 4679 1668 4749 priori·

382 4765 487 4820 bus
512 4766 697 4820 tomis.
727 4762 884 4816 Obiit
907 4758 1175 4812 Willerus
1204 4756 1502 4812 1593—94.

1711 3496 1827 3554 etsi
1846 3496 2050 3552 auctor
2068 3489 2227 3546 fama
2241 3482 2511 3561 populari
2527 3478 2805 3537 seductus
2822 3475 2993 3549 plura

1711 3584 1929 3642 referat
1977 3575 2219 3638 veritati
2271 3561 2579 3630 historicae
2625 3566 2821 3623 minus
2854 3581 2990 3620 con-

1713 3691 1871 3731 sona.
1935 3666 2120 3725 Aliud
2166 3664 2293 3739 ejus
2341 3676 2488 3735 opus
2534 3657 2864 3714 Thesaurus
2894 3670 2992 3709 va-

1713 3764 1947 3819 riarum
1992 3756 2292 3814 lectionum
2324 3747 2641 3820 utriusque
2663 3742 2827 3819 juris
2859 3741 2923 3798 11.
2960 3749 2993 3802 3

1713 3848 1937 3926 prodiit
2012 3863 2157 3902 cura
2224 3838 2468 3899 alterius
2528 3833 2758 3909 nepotis
2822 3829 2922 3887 He
2941 3845 2997 3886 c-

1713 3938 1919 3996 toris
1950 3936 2011 3992 P.
2052 3941 2250 4000 16163
2304 3924 2585 4002 Lugduni
2624 3932 2810 3989 1617,
2843 3918 2998 3976 etin

1716 4024 2006 4085 Muratori
2037 4023 2203 4079 Thes.
2240 4016 2502 4090 inscript.
2534 4015 2653 4072 vet.
2686 4009 2782 4078 IV,
2809 4014 2997 4072 21253

1723 4116 1999 4182 Consilia,
2035 4107 2300 4168 Venetiis
2341 4112 2505 4167 1578
2539 4103 2606 4159 in
2636 4101 2674 4156 f.
2736 4096 3000 4156 Delecta-

1718 4206 1898 4263 batur
1919 4206 1979 4260 et
2000 4198 2199 4259 studio
2220 4191 2620 4269 antiquitatis,
2654 4188 2823 4262 cujus
2843 4184 2998 4241 fruc-

1717 4298 1819 4353 tus
1854 4297 1997 4351 sunt
2030 4289 2252 4346 Notitia
2271 4284 2617 4360 diqnitatum
2636 4295 2769 4335 cum
2792 4272 2998 4331 Orien-

1720 4383 1797 4441 tis
1829 4385 1959 4439 tum
1980 4373 2312 4437 Occidentis
2343 4372 2507 4428 ultra
2537 4362 2771 4425 Arcadii
2804 4360 3000 4417 Hono-

1719 4471 1912 4545 riique
1927 4472 2196 4541 tempora
2207 4461 2337 4520 etin
2352 4478 2478 4516 eam
2494 4448 3000 4514 commentarium,

1803 4611 1840 4670 ¹)
1868 4603 2013 4661 Hist,
2045 4594 2327 4669 gymnasii
2355 4594 2545 4662 patav.
2575 4588 2643 4651 11,
2668 4589 2793 4642 226.

1801 4682 1839 4737 2)
1869 4676 1951 4728 Cf.
1997 4666 2323 4724 Tiraboschi
2368 4663 2470 4716 VH
2516 4679 2570 4730 p.
2611 4664 2660 4714 2.
2701 4672 2831 4725 pag.
2872 4657 3006 4720 171;

1726 4742 2077 4802 Rotermuud
2109 4741 2169 4805 V,
2202 4741 2352 4793 1480.

1988 4834 1992 4839 '
2582 4819 2669 4873 11·
