3625 5193
576 207 737 259 1071

1065 191 1437 245 1641-1663.
1465 186 1519 241 S.
1546 186 1868 257 Scripturae
1895 187 2254 257 interpretes,
2285 186 2431 241 Fort.
2459 186 2702 247 Scacchi,

3025 206 3189 260 1072

569 374 693 432 sive
741 375 1090 433 selectorum
1144 393 1175 432 e
1227 373 1531 449 Scriptura
1577 374 1855 432 universa
1884 374 2152 432 fRomam
2184 373 2379 433 denuo
2410 373 2683 433 accedere
2706 375 2916 450 jussus
2958 377 3194 450 aposto·

568 462 825 522 locorum
885 463 951 521 in
1000 465 1189 522 certas
1238 463 1451 521 classes
1502 482 1608 538 pro
1670 462 1854 522 variis

568 550 787 610 Christi
823 551 1019 611 titulis
1066 551 1432 628 digestorum
1465 570 1621 610 nova
1665 555 1726 610 et
1759 571 1854 611 ac-

566 644 771 699 curata
791 641 1094 711 discussio,
1117 640 1397 717 Lugduni
1419 651 1444 704 1
1460 649 1710 703 623—1
1726 652 1760 703 6
1772 651 1803 702 5
1816 650 1854 702 4

564 749 621 792 v.
655 738 690 791 2
726 730 789 787 in
822 730 892 800 f.;
939 730 1188 805 Neapoli
1230 738 1412 794 1858.
1459 739 1639 794 1859.
1691 730 1852 789 Duos

564 818 711 877 alios
741 821 784 881 t.
815 822 1126 895 paraverat
1157 821 1226 877 de
1257 819 1608 895 lonyitudine
1640 826 1689 877 et
1720 820 1851 877 lati-

1910 462 2010 521 lici
2041 462 2279 521 sacrarii
2323 463 2655 539 praefectus
2687 467 2780 521 est
2829 464 3195 522 constitutus

1913 546 2425 634 (1624—1639).
2476 553 2719 610 Munere
2752 553 2860 612 hoc
2902 551 2964 610 in
3007 552 3196 611 alium

1909 641 2205 699 translato
2236 641 2465 700 Fanum
2496 641 2755 716 repetiit,
2793 641 2878 700 ibi
2908 661 3015 716 per
3046 660 3195 716 qua·

1911 730 2247 788 driennium
2292 729 2614 805 multiplici
2645 726 2954 814 vexatus¹)
2985 730 3197 790 morbo

1908 838 1958 877 a.
1990 819 2201 877 aetatis
2239 827 2335 882 68.
2371 818 2492 877 vita
2538 819 2778 878 functus
2820 823 2913 878 est
2955 831 3003 881 1.
3038 820 3196 896 Aug.

563 909 760 966 tudine
791 910 996 977 crucis,
1033 907 1134 967 sed
1169 926 1326 967 mors
1372 927 1470 967 eos
1515 906 1851 984 intercepit.
1918 916 2101 971 1643.
2152 908 2309 965 Haec
2358 908 2584 984 ingenii
2635 908 2729 966 sui
2777 911 3193 967 monumenta:

568 996 995 1056 Commemaria
1026 999 1091 1055 in
1109 996 1189 1056 Ie.
1210 1016 1255 1059 c.
1278 999 1400 1068 14„
1433 997 1511 1055 ib.
1541 1006 1706 1062 1648
1732 997 1796 1056 in
1812 997 1851 1055 f.
1910 997 2228 1056 Sacrorum
2273 998 2774 1055 elaeochrismaton
2821 997 3192 1074 Myrothoeia,

654 1184 798 1238 459.
846 1176 1053 1249 Neque
1084 1175 1552 1251 praetereundus
1586 1179 1680 1234 est
1710 1175 1754 1233 F
1756 1195 1850 1234 or-

563 1265 812 1323 tunatus
865 1263 1180 1323 Scacchi
1232 1265 1298 1328 Ο.
1342 1265 1533 1323 Erem.
1586 1283 1629 1322 s.
1676 1265 1849 1342 Aug„

561 1352 990 1423 Anconitanus,
1025 1374 1060 1413 a
1091 1354 1220 1412 loco
1252 1354 1358 1412 ubi
1383 1353 1537 1412 votis
1569 1352 1851 1412 solemni·

564 1439 676 1499 bus
709 1441 828 1500 Deo
861 1461 924 1501 se
944 1442 1181 1512 dicavit,
1222 1441 1602 1501 Fanensis
1636 1442 1851 1502 dictus.

562 1529 706 1587 Cum
768 1530 999 1607 ingenti
1062 1531 1428 1591 sublimioris
1499 1530 1853 1589 eruditionis

561 1616 715 1675 fame
735 1618 1025 1696 flagraret,
1059 1620 1123 1678 in
1141 1620 1487 1694 Hispaniam
1516 1619 1850 1678 studiorum

562 1724 739 1766 causa
770 1709 1038 1768 mittitur
1070 1705 1316 1789 (1595).
1349 1708 1570 1780 Inedia,
1605 1708 1850 1767 lassitu-

1906 1086 1972 1144 in
2002 1085 2221 1161 quibus
2267 1089 2648 1161 exponuntur
2693 1087 2821 1145 olea
2867 1089 3047 1161 atque
3080 1105 3195 1144 un-

1907 1178 2131 1253 guenta
2178 1175 2241 1233 in
2290 1174 2522 1234 divinos
2573 1174 2805 1234 codices
2856 1176 3068 1243 relata,
3135 1178 3199 1232 et

1906 1263 2047 1323 olim
2079 1265 2173 1323 vel
2207 1263 2439 1322 cunctis
2470 1264 2792 1323 universim
2814 1264 3096 1339 gentibus
3129 1264 3193 1321 in

1908 1351 2067 1411 vitae
2088 1372 2206 1428 qua
2220 1352 2564 1428 quotidiano
2585 1372 2703 1427 qua
2718 1353 2985 1411 molliore
3001 1354 3192 1422 cultu,

1908 1441 2003 1500 vel
2035 1441 2386 1500 nominatim
2436 1441 2594 1517 apud
2625 1441 2926 1500 Israelitas
2972 1444 3093 1501 tam
3130 1441 3194 1500 in

1906 1547 2208 1590 sacrorum
2230 1529 2621 1599 antistitibus,
2655 1530 2817 1599 locis,
2852 1530 3191 1606 supellecti-

1907 1619 2085 1688 libus,
2121 1637 2300 1693 quam
2332 1619 2395 1676 in
2434 1619 2677 1697 regibus
2724 1620 3069 1678 solemniter
3101 1620 3192 1678 in-

1906 1708 2272 1784 augurandis
2287 1712 2594 1783 usurpata.
2609 1707 2874 1766 Primum
2890 1710 2981 1766 est
2994 1727 3192 1767 sacro·

562 1795 698 1854 dine
729 1797 980 1872 aliisque
1013 1798 1141 1855 viae
1171 1798 1459 1856 molestiis
1493 1815 1678 1873 paene
1711 1816 1848 1856 con·
1900 1799 2241 1872 profanum,
2291 1798 2352 1854 in
2383 1816 2504 1871 quo
2544 1815 2613 1855 ex
2653 1797 2921 1872 antiquis
2965 1797 3192 1874 graecis

560 1884 751 1943 fectus
784 1887 1022 1945 tandem
1057 1886 1436 1963 Complutum
1470 1886 1691 1963 attigit,
1743 1885 1850 1945 ubi
1905 1902 1971 1943 ac
2000 1885 2204 1944 latinis
2238 1885 2634 1961 scriptoribus
2667 1885 2960 1960 quidquid
2993 1885 3067 1944 ad
3088 1905 3190 1945 no-

561 1973 776 2032 studiis
810 1975 1222 2051 superioribus
1260 1987 1290 2037 7
1329 1993 1620 2035 annorum
1654 1974 1849 2034 curri·
1904 1973 2077 2045 mina,
2125 1973 2568 2049 antiquitatem,
2615 1992 2791 2033 usum
2833 1978 2895 2033 et
2939 1975 3191 2034 abusum

562 2063 696 2121 culo
730 2063 1019 2124 absolutis
1051 2064 1303 2140 hispano
1335 2084 1496 2124 more
1542 2064 1847 2140 publicum
1905 2063 2171 2121 oleorum
2205 2068 2266 2122 et
2300 2067 2743 2139 unguentorum
2773 2082 2842 2121 ex
2876 2064 3057 2122 sacris
3090 2064 3191 2122 ha-

562 2150 806 2211 haustae
840 2154 1141 2214 doctrinae
1173 2155 1474 2228 specimen
1507 2153 1690 2223 dedit,
1738 2153 1849 2210 tri-

560 2239 678 2299 duo
711 2241 901 2302 Toleti
933 2246 996 2302 et
1027 2242 1326 2318 Compluti
1345 2262 1516 2302 mane
1548 2245 1611 2299 et
1641 2259 1847 2316 vespe-

561 2348 624 2388 re
655 2330 719 2389 in
752 2351 987 2391 arenam
1029 2331 1391 2391 descendens
1422 2335 1484 2390 et
1515 2331 1590 2389 ad
1629 2330 1847 2390 doctis-

562 2418 845 2478 simorum
892 2421 1156 2481 virorum
1210 2424 1566 2498 argumenta
1609 2437 1847 2495 respon-

560 2506 725 2567 dens.
773 2509 866 2568 Ad
910 2510 1254 2586 linguarum
1301 2508 1516 2568 deinde
1561 2508 1847 2586 cognitio-

558 2614 694 2655 nem
726 2616 786 2656 se
828 2599 1135 2676 impendit,
1183 2618 1214 2657 e
1247 2599 1467 2674 quibus
1511 2598 1849 2658 hebraicam

558 2685 642 2743 ita
672 2686 929 2758 imbibit,
977 2691 1049 2746 ut
1080 2689 1133 2745 ei
1165 2688 1366 2745 nativa
1410 2688 1730 2747 videretur.
1776 2687 1848 2744 In

558 2774 795 2833 Italiam
829 2777 1012 2835 redux
1034 2775 1387 2835 eruditionis
1421 2777 1578 2835 fama
1599 2795 1728 2836 mox
1761 2776 1848 2833 ita

557 2863 858 2934 inclaruit,
891 2868 963 2923 ut
981 2863 1363 2923 bononiensis
1384 2867 1625 2923 senatus
1647 2865 1845 2941 ipsum

558 2951 940 3026 potissimum
960 2952 1223 3030 elegerit,
1260 2953 1363 3026 qui
1384 2953 1615 3028 Ulyssis
1637 2952 1846 3011 Aldro-

558 3038 735 3099 vandi
759 3049 762 3052 '
782 3041 1245 3099 nominatissimi
1293 3041 1570 3101 historiae
1620 3041 1846 3100 anima-

559 3128 707 3187 lium
741 3130 1052 3206 scriptoris
1072 3129 1306 3189 ultimis
1340 3135 1595 3205 quatuor
1615 3130 1685 3188 de
1716 3130 1844 3189 ani-

557 3217 812 3278 malibus
835 3218 1258 3298 exsanguibus,
1292 3237 1443 3293 quos
1470 3221 1658 3277 morte
1677 3238 1845 3294 prae-

557 3310 773 3366 ventus
824 3309 1200 3384 imperfectos
1260 3308 1614 3383 reliquerat,
1676 3307 1847 3365 libris

556 3397 832 3455 ultimam
873 3417 1116 3458 manum
1163 3396 1518 3466 admoveret,
1569 3396 1729 3471 quod
1759 3396 1847 3454 ita

557 3484 817 3558 perfecit,
853 3489 924 3544 ut
952 3487 1044 3545 illi
1074 3487 1137 3548 11.
1171 3506 1219 3550 a.
1251 3497 1413 3551 1606
1449 3486 1612 3563 typis
1644 3485 1845 3560 publi—

557 3573 636 3630 cis
671 3574 731 3632 in
775 3576 968 3633 lucem
1014 3575 1363 3652 prodierint.
1415 3575 1529 3632 Ubi
1577 3573 1845 3650 singula·

558 3679 680 3719 rem
727 3663 929 3721 mirari
975 3665 1115 3722 licet
1160 3664 1510 3723 modestiam
1555 3663 1688 3733 viri,
1740 3662 1845 3738 qui

557 3749 776 3808 nullibi
808 3770 874 3810 eo
921 3753 984 3809 in
1031 3770 1206 3826 opere
1246 3753 1339 3811 sui
1386 3752 1606 3810 laboris
1652 3749 1847 3810 voluit

559 3843 790 3895 exstare
810 3839 1166 3896 memoriam.
1198 3839 1360 3899 Idem
1384 3847 1626 3899 senatus
1646 3835 1842 3898 cathe-

561 3921 725 3978 dram
758 3924 810 3980 ei
842 3924 1200 3983 concredidit
1228 3928 1618 4003 theologicam
1649 3927 1712 3985 in
1738 3946 1846 3986 sua

1904 2151 2084 2209 betur
2131 2151 2334 2222 literis,
2386 2152 2645 2211 dilucide
2696 2152 3054 2229 explicatum
3104 2154 3192 2211 al-

1904 2244 2099 2298 terum
2131 2241 2482 2300 inscribitur
2499 2243 2956 2318 consecrationis,
2989 2241 3054 2299 in
3076 2260 3195 2316 quo

1904 2329 2234 2402 explicatur
2254 2330 2598 2403 compositio
2630 2334 2691 2388 et
2721 2348 2869 2389 usus
2896 2331 3194 2406 unguenti

1904 2438 1936 2474 a
1970 2417 2089 2476 Deo
2134 2419 2404 2477 instituti
2449 2419 2521 2476 ad
2568 2418 3071 2478 consecrationem
3103 2438 3193 2478 sa-

1902 2505 2223 2576 cerdotum,
2259 2506 2557 2578 altarium,
2588 2507 2958 2566 tabernaculi
2976 2511 3039 2566 et
3069 2526 3192 2567 om-

1902 2595 2072 2653 nium
2122 2595 2516 2656 mosaicorum
2564 2598 2913 2657 utensilium
2977 2616 3194 2657 eorun-

1902 2684 2153 2758 demque
2199 2684 2417 2744 formas
2464 2686 2537 2744 de
2567 2704 2720 2746 novo
2767 2705 2836 2745 ex
2876 2705 2950 2746 ss.
2998 2687 3193 2745 literis

1903 2773 2170 2849 cognitas
2203 2775 2427 2848 aperit;
2465 2774 2709 2833 tertium
2743 2775 3095 2834 inscribitur
3125 2777 3196 2834 de

1904 2861 2199 2920 israelitici
2228 2865 2380 2940 reyis
2410 2865 2875 2941 inauyuratione,
2911 2868 2972 2923 et
3004 2864 3192 2939 expli-

1904 2954 1997 3009 cat
2029 2951 2392 3026 reipublicae
2423 2951 2780 3011 israeliticae
2810 2953 3049 3011 ordines
3070 2957 3194 3011 tam

1903 3040 2244 3109 senatorios,
2293 3060 2472 3116 quam
2513 3041 2819 3111 militares,
2868 3041 3194 3118 inaugura-

1900 3126 2088 3186 tionis
2121 3146 2417 3204 pompam,
2466 3129 2856 3202 adorationes,
2902 3131 3190 3190 acclama-

1901 3217 2114 3286 tiones,
2161 3219 2607 3292 praecentiones
2639 3222 2700 3275 et
2733 3218 3028 3295 quidquid
3058 3238 3190 3278 cae-

1901 3306 2296 3364 remoniarum
2326 3308 2390 3364 in
2420 3307 2577 3384 regis
2600 3307 3033 3367 constitutione
3065 3326 3190 3367 ser-

1901 3393 2170 3464 vabatur,
2204 3395 2420 3454 Romae
2447 3405 2630 3458 1625.
2663 3404 2847 3458 1627.
2877 3400 3127 3460 1637.t.
3153 3406 3187 3460 3

1902 3483 1964 3541 in
2002 3491 2072 3552 43
2124 3483 2545 3542 Amstelodami
2600 3495 2672 3547 17
2684 3495 2757 3546 01
2813 3484 2875 3542 in
2923 3485 2960 3542 f.
3008 3484 3192 3544 editio

1900 3571 2169 3648 elegans3
2216 3591 2369 3631 novo
2401 3575 2635 3631 tantum
2681 3571 3052 3649 frontispicio
3084 3573 3188 3632 do-

1901 3663 2041 3718 nata
2098 3669 2284 3730 1710,
2336 3661 2535 3737 Hagae
2593 3669 2757 3723 1725
2814 3662 2927 3720 sub
2976 3662 3188 3722 titulo:

1981 3887 2018 3954 ¹)
2046 3882 2127 3936 Cf.
2155 3882 2322 3951 plura
2351 3883 2417 3936 de
2445 3900 2510 3939 eo
2536 3900 2626 3954 ap.
2658 3884 2929 3954 Ossinger
2964 3884 3026 3939 in
3052 3885 3189 3942 bibl.

1899 3955 2144 4023 august„
2164 3953 2353 4022 Dupin
2370 3954 2543 4020 XVII,
2564 3958 2686 4022 130,
2713 3955 2816 4024 qui
2838 3972 2999 4010 suam
3020 3956 3190 4010 crisin

560 4007 874 4079 academia,
920 4030 1172 4086 eumque
1202 4015 1265 4073 in
1311 4033 1601 4074 concursu
1637 4025 1715 4077 30
1751 4033 1843 4074 ce·
1898 4026 1982 4080 ita
2007 4024 2271 4078 absolvit:
2304 4024 2440 4086 „Les
2457 4023 2750 4096 Ouvrages
2770 4026 2840 4081 de
2859 4030 2951 4082 cet
2966 4029 3191 4082 Auteur

562 4095 1010 4157 leberrimorum
1052 4104 1350 4160 oratorum
1394 4122 1534 4178 prae
1567 4103 1843 4163 omnibus

563 4184 804 4261 selegit,
869 4188 973 4262 qui
1021 4187 1084 4246 in
1144 4190 1578 4249 solemnissima
1636 4194 1846 4268 populi

563 4274 997 4347 supplicatione
1047 4276 1118 4334 de
1179 4280 1471 4354 suggestu
1525 4284 1840 4354 peroraret.

562 4358 710 4418 Aliis
740 4361 950 4422 deinde
982 4365 1044 4422 in
1078 4365 1421 4424 civitatibus
1446 4367 1842 4439 concionatus,

561 4446 655 4503 vel
688 4449 974 4509 sodalium
1009 4470 1254 4511 suorum
1289 4453 1492 4512 studia
1522 4459 1611 4515 est
1640 4456 1841 4515 mode-

562 4539 758 4606 ratus;
792 4536 1004 4597 Romae
1037 4550 1196 4601 1622
1221 4559 1294 4604 ss,
1328 4541 1532 4601 literas
1553 4545 1840 4619 exposuit.

563 4619 697 4679 Non
729 4623 834 4683 diu
879 4629 1078 4684 tamen
1124 4628 1332 4699 haesit,
1385 4630 1488 4687 sed
1519 4632 1842 4691 Bononiam

1900 4097 2033 4151 sont
2056 4094 2240 4164 pleins
2267 4095 2323 4148 d·
2340 4095 2625 4150 eruditiori
2667 4102 2725 4150 et
2751 4098 2821 4152 de
2862 4098 3192 4153 recherches

1899 4165 2196 4222 curieuses.
2224 4165 2269 4219 11
2296 4167 2451 4221 avoit
2476 4167 2606 4221 bien
2628 4167 2820 4222 etudie
2844 4169 2928 4224 les
2943 4171 3195 4224 Autem-s

1901 4237 2367 4305 Ecclesiastiques
2407 4240 2465 4292 et
2490 4238 2572 4292 les
2609 4240 2951 4310 prophanes.
2994 4241 3041 4294 11
3077 4258 3193 4313 sca·

1898 4309 2020 4363 voit
2053 4308 2462 4389 parfaitement
2498 4310 2556 4363 la
2582 4310 2816 4380 Langue
2842 4311 3195 4381 Hebraique.

1898 4379 1948 4432 Il
1975 4378 2207 4433 ecnvoit
2233 4379 2362 4433 bien
2389 4396 2457 4434 en
2483 4380 2669 4448 Latin,
2703 4384 2759 4435 et
2787 4383 2876 4436 est
2898 4399 3053 4437 assez
3081 4383 3191 4438 610·

1899 4453 2081 4517 quent
2100 4449 2239 4503 dans
2265 4465 2350 4504 ses
2367 4451 2631 4506 Sermone
2655 4454 2716 4507 et
2731 4452 2911 4507 subtil
2938 4454 3083 4508 dans
3104 4472 3191 4509 aes

1899 4519 2197 4585 Questions
2237 4520 2307 4574 de
2333 4520 2659 4594 Theologie.
2700 4523 2746 4578 Il
2780 4540 2814 4577 a
2853 4524 3001 4578 ainsi
3034 4526 3192 4595 joint

1899 4591 1996 4644 des
2023 4590 2234 4645 Etudes
2273 4593 2586 4648 touta-fait
2624 4594 2949 4650 differentes
2990 4600 3050 4650 et
3088 4596 3190 4665 qui

1898 4661 2179 4716 semblent
2204 4678 2443 4732 presque
2466 4664 2905 4735 incompatibles
2939 4666 3081 4722 dans
3111 4685 3192 4722 un

563 4707 757 4778 rediit,
790 4711 925 4768 inde
961 4713 1314 4774 Maceratum
1349 4719 1607 4788 secessit,
1659 4719 1845 4780 donec
1898 4733 2075 4786 meme
2101 4733 2294 4800 sujet.⁴·
2336 4734 2521 4805 Biogr.
2548 4735 2709 4792 univ.
2733 4736 2874 4802 XLI,
2903 4742 2933 4794 1
2963 4754 3008 4795 a.
