3625 5193
415 252 533 307 113

411 419 582 504 (haec
632 424 1003 482 continuatio
1035 422 1255 498 prodiit
1288 442 1572 492 seorsum,
1615 422 1690 480 ib.

418 510 632 591 1602),
683 516 796 581 ,ut
848 513 912 570 in
962 511 1069 572 hoc
1100 513 1501 588 qualicunque
1533 530 1690 570 com-

411 602 719 670 mentario,
773 601 926 659 sicut
975 602 1100 677 ipse
1144 602 1207 659 in
1252 604 1429 677 praef.
1464 601 1690 673 scribit,

410 690 713 750 doctrinae
776 690 1256 759 inconstantiam,
1328 691 1693 749 foedissimas

413 779 748 856 antilogias‚
792 778 1188 839 atrocissimas
1222 779 1600 839 alterationes
1633 783 1695 838 et

412 868 502 928 his
553 869 889 927 consimilia
937 868 1142 938 multa,
1196 887 1346 943 quae
1377 869 1442 927 in
1474 869 1693 928 nostris

412 958 770 1033 evangelicis
803 957 1182 1033 dogmatistis
1214 962 1275 1015 et
1303 958 1694 1032 praeconibus

413 1048 711 1115 visuntur,
763 1047 1080 1123 diligenter
1129 1046 1334 1106 lectori
1386 1046 1462 1105 ob
1493 1048 1706 1107 oculos,

413 1154 688 1210 ponerem
712 1139 773 1193 et
788 1136 1073 1210 quaedam
1110 1135 1282 1193 etiam
1315 1136 1691 1204 inculcarem,

412 1228 481 1283 ut
513 1225 700 1300 magis
753 1228 1028 1283 moveant
1077 1229 1139 1283 et
1183 1226 1449 1284 tenacius
1482 1225 1693 1283 animis

411 1314 789 1388 affigantur.‘
871 1314 1216 1373 Germanice
1279 1314 1450 1372 illum
1510 1314 1695 1372 vertit

413 1402 589 1460 Hen1·.
612 1403 656 1460 F
673 1422 707 1460 a
721 1403 759 1459 b
776 1402 1020 1461 ricius
1052 1403 1365 1479 episcopus
1389 1404 1693 1462 auxiliaris

418 1491 721 1567 spirensiS,
745 1491 1015 1550 Coloniae
1045 1502 1243 1562 1568;
1277 1492 1488 1569 gallice
1520 1492 1557 1551 J
1562 1511 1693 1551 aco-

417 1580 530 1638 bus
563 1580 609 1638 Ε
632 1599 659 1638 s
679 1585 1080 1652 tourneau‚
1116 1582 1353 1640 Parisiis
1381 1592 1567 1651 1571,
1591 1582 1695 1656 qui

416 1669 588 1726 illum
605 1670 782 1727 etiam
799 1670 1175 1729 continuavit
1190 1671 1262 1728 ad
1280 1691 1329 1729 a.
1362 1680 1471 1732 157
1485 1682 1541 1733 Ο.
1574 1671 1697 1730 Hoc

411 1777 561 1834 opus
609 1758 1079 1817 adversariorum
1127 1760 1315 1818 movit
1359 1760 1555 1827 bilem,
1591 1760 1694 1832 qui

414 1846 654 1905 Surium
718 1852 1031 1922 propterea
1083 1849 1435 1923 ,perfrictae
1485 1848 1695 1906 frontis

304 1936 317 1947 ’
413 1934 708 1994 hominem
761 1940 823 1994 et
854 1936 1437 2011 impudentissimum
1472 1938 1693 1995 calum-

412 2024 650 2083 niarum
701 2029 762 2083 et
811 2026 1209 2084 conviciorum
1261 2025 1686 2085 architectum‘

415 2114 712 2183 dixerunt,
776 2118 847 2172 ut
897 2114 1282 2183 Seckendorf;
1346 2115 1439 2173 vel
1488 2134 1693 2183 ,men-

414 2202 714 2261 daciorum
734 2203 1053 2277 pessimum
1087 2204 1591 2280 excogitatorem‘
1626 2208 1696 2262 ut

413 2292 641 2349 Paulus
692 2293 995 2351 Melissus:
1074 2293 1169 2351 vel
1216 2294 1344 2367 ejus
1390 2311 1538 2367 opus
1585 2312 1694 2361 ,ex

412 2382 589 2438 meris
622 2381 739 2439 fere
770 2382 1092 2440 mendaciis
1139 2384 1200 2439 et
1246 2381 1524 2440 conviciis
1558 2400 1694 2440 con-

413 2469 625 2527 flatum
657 2488 724 2527 ac
744 2472 1134 2545 compositum
1151 2479 1179 2508 ⁴³
1202 2470 1693 2545 pronunciarunt,

414 2562 483 2617 ut
518 2558 843 2617 Schelhorn
874 2555 1061 2642 etc.1).
1126 2559 1345 2619 Verum
1394 2560 1553 2619 inter
1602 2578 1694 2619 ce-

415 2652 544 2706 tera
578 2649 737 2705 Surii
786 2667 959 2724 opera
993 2650 1244 2707 eminet:
1308 2650 1395 2707 De
1432 2650 1697 2725 probatis

412 2739 543 2795 vitis
558 2745 887 2795 sanderum
904 2737 979 2796 ab
995 2739 1087 2796 Al.
1105 2739 1149 2796 L
1164 2739 1185 2795 i
1202 2759 1239 2815 p
1255 2756 1288 2796 o
1304 2760 1364 2796 m
1383 2759 1416 2796 a
1433 2759 1473 2797 n
1488 2758 1520 2797 o
1553 2739 1692 2797 olim

414 2826 781 2901 conscriptis,
814 2845 974 2884 nunc
991 2827 1249 2902 primum
1272 2827 1602 2886 emendatis
1636 2831 1698 2885 et

416 2915 607 2972 auctis
642 2915 705 2973 in
736 2914 793 2983 f.‚
828 2915 1097 2975 Coloniae
1142 2926 1255 2978 157
1268 2927 1515 2979 0—75:
1549 2917 1696 2974 alte-

414 3023 537 3061 ram
572 3004 892 3062 editionem
923 3005 1244 3063 auctiorem
1292 3008 1354 3063 et
1398 3006 1695 3081 puriorem

414 3093 716 3167 inceperat
747 3093 1004 3167 quidem,
1054 3094 1156 3152 sed
1187 3098 1378 3152 morte
1412 3113 1695 3170 praeven-

413 3185 511 3239 tus
544 3182 843 3240 absolvere
873 3200 995 3241 non
1015 3183 1246 3257 potuit;
1279 3201 1405 3241 eam
1438 3182 1696 3242 absolvit

414 3270 541 3344 ejus
575 3268 854 3347 sodalis2)
887 3271 1145 3331 Jacobus
1167 3271 1563 3330 Mosander
1593 3272 1693 3330 ad-

412 3359 568 3434 jecto
602 3365 644 3418 t.
682 3369 754 3428 7.‚
789 3361 866 3418 ib.
909 3370 1092 3422 1576.
1146 3360 1488 3418 Methodum
1536 3379 1693 3431 ver0,

414 3465 591 3521 quam
645 3449 704 3506 in
757 3448 997 3508 edendis
1028 3449 1124 3507 SS.
1157 3449 1299 3506 vitis
1332 3455 1571 3508 secutus
1603 3453 1697 3507 est

417 3535 646 3606 Sarius,
681 3537 808 3612 ipse
840 3539 924 3596 ita
956 3556 1063 3598 nos
1097 3538 1300 3596 docet:
1365 3538 1692 3614 ,Equidem

417 3630 485 3682 ut
537 3626 715 3683 etiam
765 3627 999 3686 erudito
1053 3627 1260 3686 lectori
1309 3627 1692 3703 gratificarer,

414 3713 564 3772 vitas
596 3715 826 3790 aliquot
856 3715 991 3774 rudi
1025 3716 1162 3774 stilo
1184 3717 1558 3791 conscriptas
1583 3716 1692 3774 ali-

413 3807 638 3877 quanto
654 3804 956 3863 latiniores
978 3804 1240 3873 reddidi3
1274 3805 1523 3863 maxime
1545 3825 1691 3880 qua-

413 3910 543 3949 rum
579 3898 847 3952 auctores
898 3894 1162 3952 nondum
1208 3893 1497 3968 comperi:
1544 3913 1692 3952 non-

413 4080 686 4170 opuscula
735 4081 806 4135 cf.
859 4081 918 4134 in
970 4080 1113 4135 Bibl.
1162 4081 1275 4135 Col.
1321 4080 1692 4135 Hartzheimii

411 4167 467 4343 ξ’
491 4155 657 4291 azia
710 4221 877 4278 mich.
924 4241 958 4276 a
1004 4241 1044 4276 s.
1089 4223 1205 4278 σοι.
1251 4222 1520 4292 Bibliogr.
1570 4223 1691 4277 crit„

441 4292 753 4434 113)1h{<(iidit
788 4366 844 4419 M
860 4381 929 4418 os
943 4382 978 4418 a
994 4383 1031 4418 n
1048 4366 1083 4419 d
1100 4384 1129 4419 e
1146 4385 1172 4419 r
1210 4366 1382 4420 etiam
1424 4369 1691 4434 Martyro-

409 4436 604 4502 loyt'um
617 4438 666 4488 A
681 4436 717 4489 d
736 4454 767 4489 o
785 4455 820 4488 n
838 4436 857 4489 i
875 4455 915 4501 s,
944 4437 1207 4491 Coloniae
1223 4440 1356 4494 1581
1379 4435 1438 4490 in
1457 4437 1492 4494 f.
1512 4455 1692 4490 emen·

412 4505 611 4558 datum
638 4509 697 4560 et
723 4510 973 4561 auctum.
1025 4507 1162 4562 Erat
1184 4509 1481 4561 Mosander
1508 4508 1693 4577 patria

412 4574 672 4643 Flanden
700 4581 833 4631 ante
849 4580 1093 4632 suumin
1111 4579 1358 4633 ordinem
1376 4579 1692 4649 ingressum

412 4649 706 4716 parochus.
734 4648 871 4704 Post
893 4650 1211 4720 ingressum
1240 4650 1444 4703 missus
1470 4654 1555 4704 est
1579 4652 1693 4704 Mo·

412 4719 629 4772 raviam
673 4719 746 4773 ad
790 4721 1204 4775 reformandam
1246 4721 1603 4776 Carthusiam
1649 4740 1689 4775 s.

409 4788 720 4858 Josaphati,
748 4790 943 4860 ibique
986 4791 1223 4847 decessit
1260 4797 1344 4850 24.
1372 4795 1505 4861 Apr.
1536 4797 1689 4850 1589.

1432 235 1772 290 Laurentius
1798 235 2016 293 Sarius.

2908 259 3026 309 114

1748 441 2057 497 nunquam
2119 442 2256 482 vero
2316 425 2499 483 etiam
2559 424 2694 483 illas
2757 426 3030 485 nonnihil

1749 511 2002 583 elimavi,
2036 532 2185 587 quae
2218 512 2438 572 habent
2470 532 2609 571 suos
2630 515 2873 588 quidem
2890 534 3027 573 auc·

1748 603 1925 669 toreS‚
1977 602 2077 659 sed
2129 603 2212 659 sic
2258 602 2512 677 scriptae
2543 609 2730 673 erant,
2778 606 2848 662 ut
2878 604 3025 663 deli-

1749 694 1908 747 catas
1957 709 2131 748 aures
2182 709 2404 761 eorum,
2459 692 2565 767 qui
2597 693 2882 750 sermonis
2915 693 3028 751 ele-

1748 778 1956 855 gantia
1986 779 2371 850 delectantur,
2408 781 2576 838 facile
2601 780 2982 840 offenderent.
3001 790 3026 818 1

1750 869 1893 926 Cum
1927 867 1989 925 id
2020 869 2323 927 nonnullis
2369 869 2740 945 displicuerit
2755 866 2823 949 ¹),
2856 890 3027 946 repo·

1751 956 1900 1014 sitae
1916 960 2058 1015 sunt
2074 959 2183 1016 hae
2203 958 2362 1016 vitae
2381 962 2559 1033 prout
2573 959 2648 1017 ab
2662 959 2810 1034 ipsis
2826 964 3027 1018 aucto·

1750 1046 1917 1103 ribus
1950 1047 2318 1122 conscriptae
2363 1050 2533 1106 erant
2579 1048 2643 1105 in
2694 1048 2873 1106 tertia
2904 1048 3028 1106 edi·

1750 1134 1927 1203 tione,
1962 1153 2111 1209 quae
2132 1136 2323 1194 multo
2343 1137 2694 1212 locupletior
2708 1143 2770 1196 et
2789 1138 2853 1195 in
2884 1138 3028 1197 duo-

1752 1225 1932 1281 decim
1967 1230 2157 1283 tomos
2188 1226 2510 1284 distributa
2553 1230 2616 1285 et
2659 1227 2732 1284 ad
2778 1245 3028 1286 commo·-

1753 1313 1977 1372 diorem
2025 1314 2263 1373 redacta
2293 1334 2468 1373 usum
2506 1315 2775 1374 Coloniae
2807 1315 3031 1390 prodiit

1761 1411 1943 1466 1618.
1976 1402 2186 1461 Plures
2221 1404 2457 1478 quidem
2493 1404 2667 1463 Surio
2687 1404 2747 1463 in
2768 1405 2909 1463 vitis
2932 1404 3028 1461 SS.

1751 1491 2098 1568 colligendis
2148 1493 2538 1568 praeiverant,
2587 1494 2689 1551 sed
2734 1512 2904 1552 nemo
2931 1495 3029 1568 ju-

1752 1579 1878 1639 dice
1913 1581 2258 1661 ssolland02)
2309 1582 2473 1639 illius
2521 1582 2786 1640 studium
2832 1586 2894 1641 et
2936 1583 3030 1639 in-

1751 1670 2042 1727 dustriam
2107 1670 2496 1747 adaequavit:
2570 1690 2796 1746 suoque
2857 1690 3031 1746 opere

1752 1758 2071 1833 praeivisse
2103 1779 2170 1818 ac
2201 1760 2587 1818 fundamenta
2636 1760 2798 1818 velut
2822 1760 3031 1836 jecisse

1753 1866 1967 1923 magno
1998 1848 2088 1905 illi
2121 1849 2301 1923 operi,
2354 1848 2512 1924 quod
2559 1870 2592 1907 a
2642 1851 2738 1908 Bo
2759 1849 2976 1907 lland
2998 1868 3031 1906 o

1751 1954 1967 1995 nomen
1999 1937 2242 2012 accepit,
2294 1957 2414 1995 non
2464 1937 2761 1995 immerito
2794 1938 3029 1996 dixeris,

1753 2024 2016 2101 Cumque
2050 2026 2258 2085 Surius
2292 2027 2552 2100 primum
2584 2030 2809 2085 tomum
2844 2026 3030 2085 dicas-

1752 2117 1844 2171 set
1890 2115 1992 2172 Pio
2026 2114 2111 2183 V„
2163 2116 2237 2172 ab
2287 2116 2392 2173 illo
2442 2114 3030 2173 benevolentissimas

1752 2204 1978 2277 accepit
2008 2203 2226 2275 literas,
2263 2205 2325 2262 in
2361 2204 2580 2279 quibus
2613 2205 2770 2262 inter
2800 2205 2915 2261 alia
2947 2205 3029 2262 le-

1750 2291 1980 2367 gimus:
2017 2292 2301 2361 ,Librum
2336 2296 2673 2350 sanctorum
2707 2293 2859 2350 vitas
2892 2310 3030 2349 con·

1752 2380 2041 2438 tinentem
2089 2401 2124 2439 a
2171 2386 2230 2439 te
2261 2399 2454 2456 nuper
2485 2380 2713 2438 editum
2745 2384 2923 2456 atque
2956 2380 3029 2437 ad

1752 2487 1860 2527 nos
1922 2469 2172 2527 missum
2224 2469 2617 2528 libentissime
2679 2470 3028 2545 accepimus,

1753 2558 1857 2634 qui
1890 2559 2130 2635 quidem
2151 2578 2218 2618 eo
2239 2558 2467 2636 gratior
2498 2559 2670 2618 nobis
2703 2558 2836 2630 fuit,
2872 2559 3031 2634 quod

1753 2665 1900 2722 opus
1933 2649 1996 2707 in
2027 2667 2086 2706 se
2118 2649 2386 2707 continet
2416 2668 2448 2706 a
2479 2648 2650 2707 nobis
2684 2668 2913 2725 semper
2932 2649 3031 2706 de·

1753 2737 2083 2795 sideratum
2134 2741 2194 2796 et
2243 2738 2316 2795 ad
2349 2739 2673 2797 refellenda
2705 2737 3031 2796 haeretico-

1751 2844 1887 2883 rum
1921 2827 1983 2884 in
2016 2826 2247 2885 easdem
2281 2831 2520 2902 patrum
2571 2831 2911 2886 sanctorum
2944 2827 3033 2884 hi-

1752 2915 1965 2973 storias
2016 2914 2325 2973 maledicta
2373 2917 2782 2992 aptissimum;
2830 2915 3033 2974 lauda-

1751 3022 1886 3061 mus
1919 3004 2123 3078 itaque
2156 3005 2321 3080 pium
2358 3005 2517 3063 hunc
2549 3006 2807 3064 laborem
2840 3008 3030 3072 tuum,

1751 3094 1948 3167 teque,
1983 3093 2142 3167 quod
2174 3112 2369 3152 coram
2401 3094 2649 3153 Domino
2683 3112 2905 3152 vacuus
2927 3113 3029 3168 ap-

1752 3199 1957 3255 parere
1990 3182 2252 3241 nolueris
2284 3227 2296 3238 .
2332 3227 2344 3239 .
2379 3227 2391 3239 .
2438 3182 2656 3240 debitis
2689 3183 2752 3241 in
2784 3183 3033 3241 Domino

1751 3269 2030 3328 laudibus
2045 3271 2540 3329 commendamus
2556 3280 2583 3308 ⁴¹
2608 3272 2824 3330 Nostra
2840 3275 3032 3330 aetate

1752 3359 1969 3417 iterum
2034 3360 2256 3434 prodiit
2304 3360 2688 3435 inscriptum:
2754 3361 3031 3420 Surius

1833 3585 1868 3653 ¹)
1895 3583 2120 3645 schista,
2172 3583 2238 3636 de
2287 3582 2510 3652 scriptis
2561 3584 2616 3635 et
2666 3581 3032 3651 scriptoribus

1750 3654 1946 3707 histor.
1965 3653 2298 3723 ingolstadii
2316 3659 2472 3711 1761.
2490 3657 2594 3707 art.
2613 3652 2815 3708 Suriu
2830 3671 2870 3706 s.
2887 3653 3034 3706 Hinc

1750 3726 1910 3779 Bona
1944 3725 2006 3777 in
2045 3724 2251 3779 notitia
2290 3729 2621 3779 auctorum:
2669 3724 3033 3786 „Laurentius

1752 3798 1787 3851 S
1805 3815 1843 3849 u
1861 3797 2013 3849 rius
2064 3795 2282 3850 nitidus
2333 3795 2591 3865 scriptor,
2655 3797 2820 3865 cujus
2882 3797 3034 3849 labo·

1749 3869 1963 3922 riosum
2009 3885 2153 3937 opus
2197 3871 2259 3922 de
2299 3873 2418 3923 vicis
2459 3877 2764 3922 sanctorum
2815 3867 3033 3936 gratius

1750 3941 1897 3993 foret
1911 3941 1968 3993 et
1986 3939 2204 4005 utilius,
2226 3941 2273 3991 si
2289 3941 2542 3994 veterum
2562 3938 2900 4008 scriptorum
2925 3938 3032 4007 pri-

1749 4010 2061 4081 migeniam
2088 4010 2342 4079 phrasim
2369 4010 2745 4064 retinuisset.“

1823 4087 1866 4153 ²)
1893 4083 1957 4135 In
1986 4083 2162 4150 praei,
2187 4097 2374 4151 gener,
2412 4081 2487 4134 ad
2515 4084 2642 4135 acta
2669 4081 2759 4134 SS.
2781 4097 2825 4133 c.
2855 4085 2903 4136 1.
2931 4089 2958 4145 5
2983 4085 3031 4135 5.

1750 4150 1901 4206 Surii
1947 4168 2092 4220 opus
2135 4153 2195 4206 in
2244 4153 2641 4221 compendium
2697 4152 3034 4221 redegerunt

1750 4223 2047 4278 Zacharias
2081 4225 2123 4276 L
2139 4224 2158 4276 i
2173 4243 2211 4293 p
2232 4242 2270 4293 p
2287 4240 2316 4278 e
2334 4223 2354 4275 l
2371 4241 2403 4277 o
2421 4241 2458 4276 ιι
2476 4241 2501 4276 s
2521 4221 2949 4290 antwerpiensis
2972 4225 3032 4282 O.

1749 4295 1938 4348 Carth.
1983 4303 2030 4359 (†
2057 4299 2235 4366 1599),
2276 4296 2438 4363 cujus
2479 4294 2876 4363 compendium
2917 4295 3035 4358 (Co-

1749 4365 1937 4419 loniae
1981 4371 2121 4423 1596
2148 4369 2188 4419 t.
2213 4371 2270 4436 4)
2310 4369 2546 4420 auctum
2588 4368 2648 4420 et
2672 4365 3034 4418 emendatum

1748 4438 1929 4491 edidit
1972 4438 2135 4493 Corn.
2177 4437 2224 4490 G
2241 4457 2267 4490 r
2283 4456 2316 4490 a
2332 4455 2356 4490 s
2373 4437 2433 4491 si
2451 4456 2487 4491 u
2505 4454 2530 4489 s
2570 4436 2835 4490 Coloniae
2877 4440 3032 4495 1603.

1754 4513 1891 4566 1604
1916 4512 1957 4561 t.
1983 4514 2019 4564 4
2043 4509 2102 4560 in
2132 4514 2230 4578 123
2282 4513 2422 4566 1616
2449 4511 2489 4562 t.
2515 4512 2576 4576 4;
2616 4512 2674 4561 et
2710 4508 2828 4577 jam
2867 4510 3034 4560 antea

1748 4581 1941 4634 FranC.
1964 4579 2016 4633 Η
2032 4596 2065 4633 a
2081 4598 2109 4631 r
2127 4597 2161 4632 a
2177 4595 2206 4632 e
2222 4598 2259 4632 u
2275 4597 2300 4633 s
2326 4581 2610 4650 epitomen
2632 4579 2822 4650 phrasi
2844 4583 3037 4632 aucto·

1748 4669 1879 4704 rum
1905 4654 2128 4705 servata
2153 4652 2471 4706 confecerat
2493 4651 2856 4719 Antwerpiae
2879 4655 3033 4712 1591,

1749 4723 1927 4792 duplo
1954 4724 2180 4776 auctam
2212 4725 2270 4775 et
2294 4721 2642 4775 illustratam
2671 4721 3034 4789 chronologia

1749 4796 1806 4847 et
1833 4793 2318 4858 annotationibus,
2348 4792 2611 4847 Coloniae
2639 4797 2794 4849 1605.
