3625 5193
413 193 541 247 273

1345 173 1756 237 GenebrarduS,
1785 174 2097 228 Ver-lenius,

2903 189 3025 241 274

416 361 597 429 tione,
631 360 966 419 calendario
999 360 1268 429 hebraeo,
1291 378 1444 435 sym,
1467 378 1690 436 graeoO,
1747 376 1901 433 quae
1922 379 2115 436 usque
2134 380 2181 417 a.
2208 370 2371 422 1600
2391 358 2699 436 pertingit,
2734 358 2811 417 ib.
2844 368 3027 427 1600;

419 450 623 519 latim,
659 449 917 526 hymnis
939 450 1308 526 argumentis
1322 453 1384 507 et
1400 467 1693 508 commen·
1748 450 2025 526 Lugduni
2066 459 2259 519 16093
2292 448 2476 507 Notae
2493 448 2791 506 chronicae
2812 447 2935 506 sive
2955 448 3027 505 ad

417 538 584 597 tariis
617 538 945 615 genuinum
968 542 1029 597 et
1049 539 1419 614 primaevum
1453 556 1693 596 sensum
1748 538 2183 615 chronologiam
2229 542 2290 596 et
2339 537 2644 595 historiam
2695 536 3028 595 universam

416 627 856 687 hebraismosve
890 628 1147 687 breviter
1176 627 1581 703 aperientibus
1602 627 1688 686 in·

413 716 648 786 structi,
699 716 939 775 Parisiis
994 726 1190 787 15773
1244 726 1439 787 15823
1493 724 1695 787 1587;

425 813 611 876 1588,
644 804 828 864 editio
870 807 1100 864 auctior
1131 808 1193 863 et
1223 806 1466 881 optima,
1518 824 1694 880 quam

416 898 625 970 postea
657 894 858 971 plures
903 895 1050 953 aliae
1098 895 1228 953 aliis
1271 895 1335 953 in
1367 895 1513 954 locis
1554 894 1695 953 sub-

416 986 652 1042 secutae
686 987 842 1042 sunt.
877 984 988 1043 Hic
1008 984 1158 1042 liber
1188 984 1388 1060 magni
1420 984 1696 1043 aestima·

415 1069 598 1152 tnr¹)‚
633 1092 767 1130 nam
801 1074 975 1131 utait
994 1068 1429 1155 Possevinus2),
1466 1073 1695 1141 ,Gene-

415 1161 673 1221 brardus
703 1162 1072 1221 Psalmorum
1117 1161 1411 1220 literalem
1457 1180 1695 1220 sensum

413 1256 512 1308 est
541 1251 792 1309 maxime
824 1252 1205 1320 assecutus3‘
1257 1255 1319 1309 et
1368 1251 1695 1309 secundum

417 1334 732 1420 Calmet³):
770 1340 1223 1407 ,Genebrardus
1258 1385 1268 1396 .
1305 1384 1316 1396 .
1352 1383 1364 1396 .
1397 1340 1555 1398 inter
1574 1339 1693 1415 pri·

422 1446 611 1487 mores
669 1429 731 1486 in
783 1429 1046 1487 Psalmos
1109 1429 1424 1504 scriptores
1484 1429 1696 1487 merito

417 1516 724 1575 habendus
745 1562 757 1574 .
792 1562 804 1574 .
839 1562 850 1574 .
885 1517 1164 1576 Defendit
1178 1519 1506 1577 versionem
1529 1537 1696 1595 grae-

407 1624 545 1665 cam
578 1605 724 1664 Lxx
770 1606 835 1664 in
880 1607 1142 1666 fautores
1186 1607 1363 1665 nimis
1403 1607 1695 1666 animatos

417 1699 619 1754 textus
653 1694 971 1754 hebraici.‘
1007 1728 1090 1738 -
1127 1695 1288 1771 Opus
1321 1716 1439 1771 quo
1459 1696 1573 1754 sibi
1590 1715 1695 1754 no·

417 1784 593 1842 minis
612 1780 1079 1862 celebritatem4)
1114 1785 1464 1853 conciliavit,
1486 1785 1693 1843 inscri-

416 1873 612 1931 bitur:
665 1872 1174 1950 Chronoyraphiae
1203 1873 1261 1935 ll.
1294 1873 1401 1936 IV.
1465 1874 1697 1932 Priores

413 1961 535 2020 duo
586 1966 731 2019 sunt
781 1961 853 2019 de
901 1962 1082 2020 rebus
1132 1963 1350 2022 veteris
1400 1962 1605 2039 populi
1638 1965 1698 2020 et

415 2051 754 2125 praecipuis
789 2061 958 2114 4000
993 2070 1284 2111 annorum
1328 2051 1545 2128 gestis;
1592 2071 1695 2127 po·

417 2140 695 2198 steriores
727 2159 758 2197 e
790 2140 856 2197 D.
908 2141 1155 2198 Arnaldi
1207 2134 1470 2199 Pontaci'
1501 2159 1697 2199 vassa-

416 2229 602 2287 tensis
635 2246 723 2304 ep.
757 2228 1224 2305 chronographia
1243 2231 1402 2287 aucti
1435 2234 1697 2287 recentes

417 2317 699 2375 historias
719 2317 1082 2391 reliquorum
1102 2336 1391 2377 annorum
1408 2319 1694 2393 complec-

413 2409 646 2464 tuntur.
683 2405 1005 2464 Universae
1038 2407 1318 2465 historiae
1369 2411 1459 2465 est
1490 2426 1696 2484 specu-

413 2495 538 2553 lum
590 2494 655 2552 in
686 2494 984 2554 Ecclesiae
1035 2497 1384 2571 praesertim
1436 2496 1632 2555 seculo
1665 2516 1698 2553 a

415 2582 752 2654 mendaciis»,
786 2584 1053 2654 maculis,
1103 2586 1453 2661 imposturis
1487 2590 1695 2644 centu-

415 2674 710 2732 riatorum
743 2673 1113 2749 aliorumque
1134 2676 1563 2733 haereticorum
1598 2675 1696 2733 de-

413 2765 671 2820 tersum:
735 2763 801 2821 in
850 2762 1097 2837 reliquis
1158 2767 1360 2823 contra
1420 2764 1695 2834 Judaeos‚

419 2869 698 2927 paganos,
736 2852 1054 2910 Saracenos
1076 2853 1424 2911 christianae
1459 2852 1696 2928 religio·

413 2939 511 2998 nis
543 2940 850 3014 antiquam
884 2941 1193 3000 veritatem
1233 2942 1697 3015 perennitatem-

416 3047 531 3104 que
562 3033 1034 3103 repraesentans
1069 3031 1383 3107 Subjuncti
1401 3032 1544 3088 sunt
1557 3029 1699 3087 libri

416 3117 820 3176 Hebraeorum
853 3118 1247 3196 chronologici
1278 3119 1481 3178 eodem
1513 3119 1696 3176 inter-

417 3210 604 3281 prete,
640 3206 881 3264 Parisiis
922 3218 1087 3269 1580
1124 3209 1186 3265 in
1219 3208 1287 3276 f.;
1331 3217 1528 3276 15853
1563 3226 1697 3265 cum

409 3295 738 3370 appendice
759 3296 919 3353 Petri
942 3296 1187 3354 Victorii
1210 3298 1410 3354 Palma
1442 3297 1482 3356 C
1502 3316 1535 3354 a
1549 3316 1588 3372 y
1605 3315 1636 3353 e
1651 3298 1694 3364 t,

498 3525 533 3588 ¹)
559 3517 762 3582 Feller,
799 3520 876 3572 ib.
915 3518 984 3571 de
1011 3519 1115 3572 hoc
1142 3517 1543 3571 commentario
1571 3518 1697 3571 seri·

420 3590 505 3642 bit
534 3592 771 3652 „savant
793 3591 851 3643 et
873 3589 1004 3642 bien
1049 3590 1203 3651 ecrit,
1231 3589 1273 3642 il
1300 3589 1423 3642 doit
1448 3592 1565 3642 etre
1591 3588 1698 3641 mis

417 3678 490 3715 au
519 3661 763 3730 premier
805 3677 946 3727 rang
974 3677 1110 3714 avec
1134 3678 1270 3714 ceux
1302 3661 1370 3714 de
1395 3660 1697 3714 Jansenius

418 3732 486 3785 de
515 3732 679 3786 Gand
706 3735 764 3785 et
790 3731 859 3785 de
887 3725 1112 3785 Simeon
1140 3732 1207 3786 de
1234 3731 1433 3799 Muis.“

494 3811 512 3841 ²
560 3803 703 3859 Bibl.
729 3804 824 3857 sel.
850 3802 889 3858 1.
915 3809 966 3859 2.
993 3820 1036 3857 c.
1066 3806 1148 3860 18.

491 3808 534 3947 ’ζ
560 3874 626 3928 In
651 3873 920 3929 Biblioth.
947 3890 988 3927 a.
1019 3875 1115 3927 Cf.
1143 3874 1317 3927 etiam
1338 3873 1578 3928 Richard
1606 3874 1640 3927 S
1658 3875 1699 3926 i-

415 3963 472 3997 m
494 3963 576 4000 on
605 3946 736 3999 hist.
763 3945 885 3999 crit.
914 3945 990 3998 du
1019 3944 1087 4001 V.
1115 3946 1174 3999 T.
1200 3945 1239 3998 1.
1267 3949 1318 4001 3.
1343 3963 1388 4005 o,
1418 3951 1502 4001 12.

1749 628 2084 698 methodus,
2118 628 2197 685 ib.
2239 635 2403 691 1584
2439 627 2500 685 in
2536 635 2609 695 8.,
2657 625 2807 684 liber
2855 626 3028 684 valde

1749 719 1920 777 utilis
1968 716 2294 777 secundum
2333 714 2719 773 Possevinum
2735 709 2802 795 ¹),
2850 733 3027 789 quem

1752 807 1900 883 ,qui
1932 806 2287 884 praelegerit
2315 805 2665 881 priusquam
2700 822 2762 862 se
2794 803 3029 862 divinae

1751 895 2033 955 historiae
2083 894 2353 954 interiori
2398 892 2595 952 studio
2639 892 2833 962 dedat,
2879 892 3029 950 sciat

1751 1004 1815 1043 se
1846 985 2070 1059 optime
2120 1003 2358 1060 operam
2391 982 2790 1059 positurum.‘
2825 1016 2911 1025 —
2944 982 3030 1039 De

1749 1093 2060 1133 sacrarum
2105 1075 2430 1132 electionum
2466 1072 2595 1137 iure
2625 1078 2676 1129 et
2704 1072 3030 1129 necessitate

1750 1164 1823 1222 ad
1873 1163 2151 1223 ecclesiae
2200 1162 2526 1239 gallicanae
2574 1160 3028 1236 redintegratio-

1749 1272 1903 1324 nem,
1937 1253 2013 1310 ib.
2055 1260 2220 1314 1593
2272 1251 2335 1309 in
2374 1259 2488 1321 12„
2536 1248 2600 1307 in
2645 1267 2763 1324 quo
2809 1249 3029 1323 episco-

1749 1362 1961 1418 porum
1994 1342 2345 1400 electionem
2378 1339 2657 1397 adversus
2687 1356 2855 1415 reges
2877 1338 3028 1396 clero

1749 1432 2094 1508 populoque
2125 1429 2408 1489 vindicat.
2444 1427 2601 1485 Illud
2634 1426 2838 1485 laudat
2857 1426 3027 1485 Hal·

1750 1516 1981 1602 lier2)‚
2059 1519 2184 1595 igni
2274 1517 2500 1576 addixit
2592 1516 3029 1592 parlamentum

1751 1629 2026 1687 aquense.
2073 1608 2269 1667 Traite
2296 1608 2436 1664 dela
2468 1607 2700 1683 liturqie
2730 1623 2808 1663 οιι
2839 1605 3029 1663 sainte

1755 1702 1938 1759 Messe
1972 1699 2139 1756 selon
2171 1697 2209 1755 l'
2227 1714 2411 1772 usage
2443 1697 2506 1753 et
2536 1694 2721 1754 forme
2752 1693 2854 1752 des
2870 1695 3027 1770 Apo-

1750 1792 1871 1847 tres
1919 1792 1979 1846 et
2031 1786 2104 1844 de
2151 1805 2193 1844 s.
2242 1785 2460 1860 Denys‚
2510 1782 2789 1859 Lugduni
2827 1792 3027 1854 15973

1750 1877 1989 1935 Parisiis
2014 1884 2177 1938 1592
2200 1896 2214 1946 ;
2256 1886 2281 1936 1
2298 1883 2441 1943 602,
2462 1892 2610 1948 opus
2628 1871 2795 1931 valde
2811 1891 3028 1944 rarum;

1751 1967 1919 2042 prius
1943 1968 2067 2040 jam
2087 1963 2389 2039 prodierat
2419 1963 2486 2020 de
2509 1963 2861 2021 eucharistia
2894 1981 3028 2020 nec-

1750 2074 1867 2113 non
1891 2059 1961 2112 tr.
1984 2056 2315 2129 deutraque
2334 2053 2531 2120 missa,
2566 2050 2806 2108 Parisiis
2840 2060 3029 2120 18733

1750 2145 1820 2202 de
1848 2144 2068 2218 sibyllis
2096 2141 2447 2215 dissertatiO,
2480 2158 2632 2214 quae
2649 2138 2946 2213 reperitur
2970 2141 3031 2196 in

1752 2231 2009 2291 Pei-ionii
2056 2249 2260 2305 opere:
2313 2230 2399 2287 De
2445 2230 2560 2286 vita
2604 2246 2680 2285 ss.
2724 2229 3029 2285 mulierum

1765 2322 1828 2383 V.
1857 2322 1938 2395 T„
1972 2320 2047 2377 ib.
2088 2328 2274 2382 1565.
2307 2317 2598 2375 Utebatur
2618 2315 3030 2374 Genebrardus

1753 2411 1938 2469 latino
1973 2408 2265 2467 scribendi
2297 2424 2513 2483 genere
2545 2404 2704 2462 facili
2725 2424 2791 2462 ac
2813 2406 3029 2463 tolera-

1751 2500 1874 2568 bili,
1911 2498 2012 2556 sed
2045 2497 2316 2557 nonnihil
2350 2496 2498 2555 duro
2518 2513 2584 2553 ac
2604 2494 2950 2569 synonymis
2971 2498 3031 2551 et

1751 2588 2032 2665 epithetis
2066 2585 2323 2663 turgido.

1850 2777 1871 2828 1
1897 2777 1915 2828 l
1937 2778 1989 2827 8.
2010 2766 2057 2823 Ε
2080 2767 2270 2841 Belyis
2291 2764 2589 2823 mentione
2611 2761 2778 2837 digni
2794 2765 2934 2819 sunt
2944 2760 2994 2836 ³)
3016 2782 3028 2819 :

1753 2856 2153 2930 Hieronymus
2203 2854 2254 2912 V
2272 2873 2302 2911 e
2316 2854 2384 2910 rl
2403 2871 2433 2910 e
2450 2850 2522 2909 ni
2539 2871 2580 2909 ιι
2595 2870 2621 2909 s
2656 2848 2878 2932 (Verle)
2915 2851 3030 2908 Sil·

1751 2943 2118 3011 vaducensiS‚
2151 2941 2461 3017 Ultrajecti
2492 2940 2650 3015 apud
2681 2939 2719 2997 J
2723 2940 3033 2997 ohannitas

1754 3050 1829 3090 sa.
1852 3032 2159 3090 literarum
2182 3031 2494 3106 professor,
2517 3028 2830 3087 canonicus
2850 3033 2911 3086 et
2943 3029 3031 3086 vi-

1753 3121 1947 3180 carius
1979 3120 2270 3197 generalis
2287 3118 2673 3177 harlemensis
2692 3113 2752 3197 (†
2775 3128 2797 3178 1
2816 3118 3031 3192 7.Aug.

1760 3203 1976 3290 1586),
2013 3210 2116 3284 qui
2151 3209 2339 3267 edidit
2359 3208 2895 3266 commentariotwn
2913 3207 2969 3263 ll.
2992 3208 3031 3264 3

1752 3301 1811 3356 in
1865 3317 2057 3357 omnes
2106 3298 2368 3355 Psalmos
2416 3298 2724 3368 davidic03‚
2788 3294 3032 3354 Lovanii

1765 3397 1924 3450 1558
1958 3388 2019 3445 in
2052 3386 2089 3443 f.
2153 3385 2357 3444 Edidit
2405 3403 2641 3459 quoque
2692 3385 2958 3456 epistolas
2987 3402 3031 3440 8.

1830 3599 1867 3658 ¹)
1896 3591 2040 3650 Bibl,
2069 3590 2165 3643 sel.
2193 3590 2229 3643 l.
2258 3595 2306 3646 2.
2334 3606 2380 3648 c,
2409 3593 2494 3655 16,
2538 3588 2634 3641 ubi
2674 3588 2845 3641 etiam
2873 3604 3033 3656 prae-

1752 3662 2000 3717 cedentis
2028 3664 2209 3730 operis
2236 3661 2505 3730 synopsin
2533 3659 2771 3713 exhibet.

1828 3740 1866 3799 2)
1901 3736 1975 3828 [Je
2021 3733 2189 3787 sacris
2235 3732 2396 3787 elect.
2442 3735 2500 3786 et
2538 3730 2778 3785 ordinat.
2820 3731 3032 3801 proleg.

1752 3823 1796 3860 e·
1822 3810 1874 3946 3)
1899 3810 2406 3929 {gsstermittimus
2445 3874 2718 3928 Jacobum
2760 3874 2808 3926 V
2825 3873 2942 3926 eld
2971 3871 3031 3926 Ο.

1755 3948 1807 4003 S.
1832 3952 1979 4017 Aug.
1997 3946 2342 4016 Brugensem
2357 3948 2403 4016 (τ
2417 3949 2591 4014 1583),
2609 3944 2764 4024 quod
2774 3945 2822 4013 ej
2833 3964 2893 3998 us
2907 3960 3035 4013 ope·

489 4026 531 4083 ⁴)
559 4016 640 4070 De
668 4033 781 4084 quo
819 4016 902 4069 ita
930 4015 1110 4069 Feller
1135 4017 1172 4069 l.
1201 4033 1243 4069 c.
1291 4032 1572 4085 „ouvrage
1600 4016 1700 4083 qui
1753 4035 1816 4071 ra
1843 4022 1909 4072 ut-
1947 4022 2325 4073 cmmaentaria
2365 4027 2411 4070 et
2447 4022 2714 4072 conciones
2750 4033 2810 4067 m
2836 4016 3033 4069 Danie-

417 4091 558 4157 peut
584 4089 703 4141 etre
730 4088 788 4140 lu
805 4104 1000 4141 encore
1016 4087 1314 4142 utilement
1334 4087 1701 4157 aujourd‘hui
1753 4091 1864 4145 lem
1892 4107 2016 4142 cum
2048 4089 2411 4158 chronologia
2453 4088 2526 4141 ad
2550 4086 2925 4157 intelligenda,
2949 4086 2978 4139 J
2986 4102 3034 4139 e·

418 4163 475 4214 et
501 4162 574 4212 οἰι
599 4159 643 4212 il
671 4176 708 4226 y
735 4176 769 4212 a
797 4159 925 4212 bien
945 4158 1041 4212 des
1058 4159 1250 4211 choses
1263 4158 1700 4226 remarquableS,
1756 4160 1979 4224 remitte,
2026 4159 2331 4214 Ezechielis
2373 4161 2432 4211 et
2457 4158 2704 4212 Danielis
2745 4157 3034 4221 vaticinia,

419 4232 515 4299 qu'
531 4247 606 4284 on
649 4230 995 4284 chercherait
1038 4229 1363 4283 vainement
1414 4229 1696 4284 ailleurS.“
1757 4232 2103 4300 Antverpiae
2131 4236 2287 4295 1576,
2304 4229 2788 4283 concionatoribus
2807 4233 3034 4283 tantum

418 4305 500 4356 Ac
525 4301 839 4371 generatim
866 4301 934 4354 de
961 4317 1025 4354 eo
1048 4301 1321 4354 affimat:
1347 4300 1703 4362 „Genebrard
1749 4302 2020 4372 juvandis
2051 4303 2334 4356 destinata
2361 4301 2666 4355 videantur
2682 4302 3033 4355 —Joannem

419 4373 563 4427 §tait
577 4374 983 4426 certainement
1003 4390 1082 4425 un
1104 4372 1200 4426 des
1212 4373 1462 4425 hommes
1478 4371 1556 4425 les
1570 4371 1702 4439 plus
1757 4374 1796 4427 C
1815 4391 1847 4427 o
1866 4374 2053 4427 villo
2071 4374 2142 4426 ni
2160 4391 2198 4426 ιι
2218 4391 2268 4426 m
2313 4373 2366 4427 S.
2394 4375 2443 4428 J.
2484 4373 2833 4425 Insulensem
2876 4375 2922 4438 (†
2949 4374 3031 4427 17.

416 4448 646 4497 savants
663 4444 731 4498 de
746 4460 846 4497 son
863 4444 1045 4498 siecle.
1074 4444 1170 4497 Ses
1192 4445 1383 4496 vertus
1405 4445 1463 4496 et
1480 4445 1705 4495 surtout
1757 4447 1901 4514 Aug,
1932 4448 2109 4515 1581),
2149 4445 2249 4512 qui
2284 4445 2571 4512 quondam
2618 4442 2731 4496 fuit
2758 4443 3037 4511 professor

419 4514 476 4567 la
502 4516 704 4584 purete
731 4515 799 4568 de
825 4532 909 4568 ses
930 4532 1150 4569 moeurs
1171 4513 1220 4568 le
1242 4514 1408 4568 firent
1426 4517 1704 4582 respect-er
1754 4516 2214 4586 ingolstadiensis
2258 4518 2315 4569 et
2359 4515 2658 4583 theologus
2695 4513 2757 4565 in
2801 4513 3035 4568 concilio

417 4586 513 4639 des
530 4603 832 4656 personnes
848 4585 930 4638 les
988 4586 1346 4640 lusillustres.
1365 4585 1420 4640 S.
1437 4584 1702 4656 Francois
1755 4587 2081 4651 tridentino,
2144 4587 2304 4655 cujus
2358 4587 2520 4639 sunt:
2587 4589 2897 4652 Affectiones
2945 4603 3035 4638 seu

403 4655 488 4710 -de
514 4657 671 4712 Sales
700 4673 754 4711 se
781 4656 925 4726 glori
971 4657 1054 4710 ait
1092 4658 1146 4711 d'
1162 4658 1319 4710 avoir
1346 4657 1437 4710 ete
1464 4673 1566 4710 son
1593 4656 1701 4709 dis·
1755 4661 2110 4714 conclusiones
2146 4676 2172 4711 e
2209 4662 2393 4725 priori
2424 4675 2502 4725 ep.
2546 4659 2709 4710 Pauli
2741 4659 2813 4711 ad
2852 4660 3037 4710 Corin-

407 4729 614 4796 rciplen·
1755 4733 1894 4785 thios
1918 4733 2182 4786 deductae.
2207 4729 2416 4782 Romae
2443 4731 2598 4784 1554.
