3625 5193
654 236 778 290 203

1142 220 1510 273 1581—1600.
1540 214 1849 284 Theologia
1876 216 2157 285 polemica
2182 216 2241 268 in
2271 214 2586 269 Germania.
2616 213 2776 279 Eder,

3140 231 3265 286 204

649 405 952 464 ximiliano
963 403 1038 462 11.
1049 402 1362 478 displicuit
1375 405 1436 462 et
1450 420 1716 462 caesareo
1735 403 1929 462 edicto
1987 403 2057 461 de
2073 421 2191 479 quo
2207 421 2380 479 opere
2396 402 2605 461 scribit
2615 401 2967 461 possevinus
2984 396 3029 480 ¹)
3050 421 3062 457 ε
3078 440 3105 469 ‚
3122 401 3266 459 Por-

648 494 947 571 prohibita
960 493 1091 552 fuit.
1103 491 1329 551 Prodiit
1341 494 1539 550 tamen
1550 491 1741 552 adhuc
1760 503 1782 553 1
1800 502 1834 555 5
1847 502 1879 555 7
1891 501 1927 553 4

649 602 696 642 s.
728 583 765 641 1.
801 580 864 662 (f.
899 579 1247 659 Dillingae);
1282 581 1554 640 Coloniae
1582 590 1748 644 1574
1775 602 1788 650 ;
1822 600 1867 643 s.
1888 581 1928 639 1.

658 681 855 740 1579;
903 670 1254 748 Ingolstadii
1295 679 1494 741 158ος
1554 679 1737 732 1629.
1769 671 1834 730 Ρ.
1872 678 1926 731 2.

647 761 997 820 inscribitur
1041 760 1168 818 Das
1208 759 1449 836 quldene
1480 757 1668 820 Fliias
1712 760 1927 819 chri-sil.

654 851 898 909 Gemain
927 850 1050 908 und
1087 847 1458 928 Gesellschafl
1491 848 1543 905 d.
1590 848 1627 907 i.
1673 847 1773 907 ain
1818 849 1928 905 all-

646 939 912 1016 gemaine
943 937 1193 1014 richtige
1225 937 1399 995 Form
1432 936 1536 995 der
1581 940 1781 995 ersten
1829 956 1927 994 ur-

645 1030 807 1087 alten
839 1027 1298 1103 prophetischen
1328 1025 1452 1083 und
1493 1026 1926 1100 apostolischen

645 1118 896 1175 Kirchen
939 1116 1132 1192 gleich
1177 1116 1265 1173 als
1310 1114 1410 1172 ain
1452 1114 1634 1173 kurze
1679 1114 1928 1173 historia

644 1226 759 1265 von
803 1205 909 1265 der
938 1206 994 1263 h.
1029 1207 1188 1266 Statt
1235 1204 1456 1271 Gotte8‚
1507 1203 1620 1261 wie
1670 1222 1731 1262 es
1779 1203 1925 1262 umb

644 1294 899 1354 dieselbe
946 1313 1053 1353 vor
1101 1293 1291 1351 dieser
1340 1292 1636 1369 Spaltung
1684 1294 1781 1351 fiir
1826 1293 1925 1352 ain

645 1383 874 1443 Gestalt
903 1384 1138 1458 gehabt,
1172 1381 1295 1440 und
1315 1381 1425 1440 wie
1446 1381 1572 1440 sich
1591 1381 1693 1440 das
1704 1382 1923 1458 jetzige

645 1473 1141 1549 Religionswesen
1173 1471 1390 1530 darmit
1429 1471 1774 1548 vergleiche,
1823 1471 1921 1529 In-

644 1561 922 1639 golstadii
964 1571 1036 1623 15
1051 1571 1080 1623 7
1094 1571 1148 1629 9,
1183 1560 1466 1619 adversus
1488 1580 1669 1636 quam
1688 1560 1925 1636 scripsit

643 1650 741 1709 Ge.
776 1650 1076 1726 Nigrinus.
1111 1643 1247 1731 P.:3.
1281 1668 1401 1707 non
1430 1649 1664 1724 prodiit.
1699 1649 1921 1707 Matae-

643 1740 830 1817 oloqia
861 1740 1277 1797 haereticorum
1309 1757 1414 1796 seu
1449 1739 1687 1797 Summa
1716 1739 1921 1796 haere·

643 1827 896 1885 ticarum
928 1828 1282 1899 fabularum,
1317 1828 1381 1884 in
1411 1846 1531 1902 qua
1560 1827 1731 1885 brevi
1771 1846 1917 1902 quo·

643 1916 775 1974 dam
797 1916 985 1974 veluti
1003 1915 1346 1991 compendio
1369 1917 1752 1975 continentur
1771 1935 1921 1975 non·

641 2005 806 2081 genti
837 2006 957 2063 fere
978 2004 1285 2063 vanissimi
1307 2022 1534 2063 errores
1555 2005 1626 2064 de
1647 2005 1919 2064 ducentis

641 2113 820 2170 prope
831 2093 1133 2171 religionis
1145 2094 1276 2152 cath
1282 2094 1464 2153 olicae
1477 2094 1922 2170 capitibu8,qui·

641 2182 754 2241 bus
774 2183 1045 2242 homines
1066 2183 1304 2258 quidem
1324 2184 1558 2258 reprobi
1578 2202 1798 2259 purum
1816 2183 1920 2241 Dei

638 2272 879 2330 verbum
891 2272 1232 2347 plerumque
1244 2272 1923 2347 corrumpere‚Ecclesiae

638 2379 777 2420 vero
790 2362 1083 2421 unitatem
1093 2361 1503 2437 praescindere
1523 2380 1588 2420 ac
1608 2361 1745 2419 fidei
1763 2362 1920 2420 chri-

637 2450 860 2510 stianae
868 2451 1272 2527 integritatem
1286 2450 1493 2509 violare
1505 2451 1632 2508 ausi
1644 2453 1786 2508 sunt
1796 2453 1919 2520 etc,

637 2539 716 2598 ib.
738 2551 759 2602 1
778 2551 811 2603 5
824 2550 896 2603 81
927 2540 990 2599 in
1014 2549 1048 2604 8
1070 2561 1083 2610 ;
1104 2540 1396 2616 cataloqus
1414 2546 1698 2598 rectorum
1717 2546 1766 2595 et
1784 2540 1918 2598 illu-

636 2631 844 2686 strium
856 2632 1113 2687 vivorum
1127 2630 1417 2704 archiyym
1425 2631 1579 2686 nesii
1588 2631 1917 2700 viennensis,

637 2716 700 2774 in
734 2736 852 2792 quo
886 2720 1119 2793 praeter
1149 2717 1651 2792 elegantissimam
1684 2721 1913 2792 tempo-

636 2824 771 2863 rum
804 2806 1015 2864 seriem
1048 2824 1278 2863 summa
1297 2805 1586 2880 quaedam
1609 2807 1915 2865 continen-

636 2896 738 2951 tur
753 2894 924 2968 quasi
941 2894 1133 2969 capita
1147 2913 1348 2953 earum
1365 2913 1583 2964 rerum,
1600 2914 1752 2970 quae
1764 2897 1913 2954 cele-

635 2981 930 3042 berrimae
961 2983 1098 3041 huic
1130 2982 1457 3041 academiae
1490 2984 1602 3042 sub
1623 2985 1914 3060 cujusque

635 3072 991 3146 magistratu
1034 3072 1316 3129 memoria
1360 3073 1738 3149 contigerunt
1783 3073 1914 3150 dig-

633 3178 743 3218 nae
774 3161 846 3218 ab
881 3180 930 3219 a.
973 3169 1423 3232 1237—1559,
1457 3161 1718 3221 Viennae
1747 3172 1910 3225 1559

633 3248 693 3306 in
732 3258 800 3320 43
846 3259 1004 3312 1645
1042 3250 1104 3308 in
1136 3249 1194 3319 f.,
1228 3269 1375 3325 opus
1408 3270 1527 3309 non
1548 3251 1677 3309 sine
1698 3252 1909 3327 pretio,

633 3339 1044 3398 continuatum
1066 3359 1100 3397 a
1118 3339 1157 3397 J
1161 3358 1275 3397 ona
1305 3339 1523 3404 Litters
1546 3340 1619 3398 ad
1639 3359 1687 3398 a.
1717 3350 1908 3410 16443

641 3437 802 3490 1670
838 3446 978 3487 cura
1027 3428 1197 3486 Pauli
1247 3428 1505 3487 doctoris
1555 3429 1908 3500 medicinae;

642 3527 801 3580 1693
854 3536 988 3576 cum
1036 3537 1168 3593 app.
1214 3536 1436 3588 eorum,
1485 3519 1590 3592 qui
1638 3519 1911 3594 deinceps

632 3605 984 3664 academiam
1018 3609 1316 3674 rexerunt,
1368 3606 1633 3681 itemque
1682 3609 1906 3667 cancel-

631 3694 911 3753 lariorum
943 3713 1008 3752 ac
1042 3696 1662 3770 superintendentium
1703 3697 1907 3755 acade-

633 3783 921 3841 micorum
954 3784 1312 3854 nominibus,
1352 3794 1548 3854 16933
1581 3785 1741 3860 quod
1761 3803 1910 3860 opus

631 3872 826 3930 vocari
837 3872 990 3930 solet
1005 3872 1401 3929 calendarium
1416 3875 1906 3936 ederianum.Edi-

632 3960 718 4018 dit
736 3960 914 4018 etiam
933 3979 946 4016 :
974 3959 1311 4020 oeconomia
1329 3961 1632 4020 bibliorum
1650 3982 1754 4021 seu
1772 3983 1908 4038 par-

630 4049 918 4107 titionum
948 4050 1414 4126 theologioarum
1445 4051 1508 4108 ll.
1529 4050 1596 4120 V,
1619 4052 1840 4126 quibus
1862 4070 1905 4110 s.

631 4136 974 4211 Scripturae
1005 4137 1319 4213 dispositio
1360 4157 1466 4197 seu
1496 4140 1815 4199 artificium
1849 4143 1909 4199 et

629 4226 719 4284 vis
754 4229 934 4301 atque
964 4227 1114 4285 ratio
1145 4227 1208 4285 in
1239 4228 1462 4286 tabulis
1501 4230 1669 4288 velut
1713 4230 1786 4287 ad
1820 4231 1905 4288 vi-

631 4334 772 4374 vum
802 4315 1156 4392 exprimitur
1186 4319 1247 4375 et
1277 4317 1364 4375 ita
1394 4317 1469 4376 ob
1502 4319 1703 4377 oculos
1733 4320 1904 4395 poni-

629 4409 748 4475 tur,
771 4409 842 4462 ut
874 4423 994 4463 non
1027 4405 1202 4464 modo
1236 4406 1731 4466 absolutissimam
1747 4427 1905 4467 com-

629 4494 970 4569 plectantur
999 4495 1309 4553 universae
1354 4496 1685 4573 theologiae
1732 4501 1905 4558 Sum-

629 4601 784 4640 mam
824 4586 1003 4657 atque
1050 4584 1413 4652 methodum,
1462 4585 1565 4643 sed
1611 4604 1905 4646 commen·

629 4672 771 4729 tarii
813 4672 992 4731 etiam
1036 4673 1163 4732 vice
1207 4673 1410 4732 haberi
1451 4679 1691 4750 queant,
1739 4677 1905 4736 Colo·

1986 510 2051 551 ro
2067 491 2140 550 de
2155 491 2647 566 interpretatione
2668 490 3108 567 scripturarum
3130 490 3266 564 pul-

1986 582 2125 639 chra
2156 585 2217 638 et·
2246 584 2404 640 recte
2434 579 2715 639 distincta
2746 598 2813 638 ex
2844 579 3049 638 multis
3082 579 3264 654 patri-

1986 670 2098 729 bus
2131 673 2310 745 atque
2342 669 2485 728 adeo
2518 688 2588 728 ex
2618 668 3046 728 recentioribus
3084 668 3264 726 colle-

1984 759 2075 835 git
2106 759 2171 818 G.
2203 758 2251 817 E
2267 759 2305 817 d
2322 778 2353 816 e
2368 778 2398 816 r
2430 759 2493 817 in
2525 777 2633 818 sua
2646 757 2985 818 oeconomia
3004 777 3037 814 a
3058 756 3265 815 tabula

1990 857 2069 911 54
2103 867 2291 923 usque
2322 847 2396 906 ad
2434 856 2550 917 75„
2585 847 2647 905 in
2680 866 2798 922 qua
2818 847 2961 905 item
2983 848 3155 921 ponit
3177 855 3252 908 41

1984 938 2223 1013 regulas
2257 956 2327 995 ex
2357 937 2565 996 iisdem
2618 935 2891 1011 patribus
2942 935 3261 1010 decerptas.

1986 1025 2178 1083 Simili
2228 1025 2477 1084 consilio
2539 1025 2867 1084 elaboravit
2917 1024 3265 1083 Partitiones

1988 1113 2327 1173 Catechismi
2340 1116 2601 1174 catholici
2635 1110 2785 1195 (scil.
2820 1109 3191 1195 tridentini).
3212 1157 3226 1169 .
3249 1158 3262 1171 .

1984 1222 2141 1262 nunc
2150 1203 2434 1262 facilioris
2448 1202 2805 1279 cognitionis
2812 1204 3002 1280 gratia
3014 1204 3076 1261 in
3092 1204 3261 1261 lucu·

1981 1292 2203 1351 lentam
2222 1293 2374 1351 hanc
2391 1293 2694 1368 epitomen
2713 1295 2773 1351 et
2792 1292 3126 1351 commodas
3146 1290 3259 1350 ali-

1982 1386 2129 1456 quot
2160 1381 2395 1440 tabulas
2428 1383 2512 1441 sic
2531 1382 2800 1458 digestus
2821 1385 2883 1439 et
2902 1380 3263 1439 distributus

1980 1473 2089 1540 est,
2123 1470 2392 1530 Coloniae
2434 1481 2630 1541 15683
2672 1480 2870 1540 1571;
2912 1478 3098 1537 15823
3131 1469 3263 1527 Bri-

1981 1559 2108 1617 xiae
2158 1569 2353 1629 1569;
2400 1560 2821 1618 catechismum
2867 1559 3260 1617 tridentinum

1980 1648 2040 1706 in
2073 1649 2483 1724 compendium
2525 1649 2754 1725 redegit
2787 1648 2861 1707 ad
2895 1652 3133 1723 captum
3157 1649 3259 1722 ju·-

1980 1738 2245 1796 ventutis
2278 1738 2634 1797 christianae
2667 1738 2752 1796 sic
2772 1737 3061 1811 partitum
3085 1740 3145 1795 et
3162 1754 3260 1795 ac-

1979 1826 2432 1895 commodatum,
2450 1830 2521 1885 ut
2535 1827 2599 1886 in
2621 1826 2837 1885 scholis
2858 1826 3038 1884 etiam
3057 1826 3260 1901 pueris

1977 1915 2212 1973 utiliter
2225 1916 2479 1991 proponi
2507 1920 2704 1991 queat,
2740 1914 2853 1973 sub
2874 1915 3257 1991 inscriptione

1980 2003 2363 2063 Cauchis-mus
2394 2000 2724 2074 catholicus,
2761 2004 3032 2063 Coloniae
3060 2014 3257 2073 1569;

1986 2104 2011 2154 1
2028 2102 2061 2155 5
2074 2103 2103 2155 7
2116 2105 2150 2156 0
2172 2096 2281 2152 etc.
2315 2094 2579 2153 Decessit
2596 2096 2721 2152 tam
2741 2096 3024 2152 strenuus
3045 2093 3137 2151 vir
3163 2103 3256 2155 19.

1979 2182 2109 2257 Maj.
2151 2191 2334 2246 1586.

2071 2369 2169 2422 93.
2244 2355 2743 2440 Praetermissis2)
2806 2379 2943 2418 vero
3008 2361 3258 2419 Henrico

1975 2448 2384 2507 Blissemio
2418 2445 2537 2530 (vel
2560 2445 2882 2530 Blysemio)
2927 2450 2979 2510 S.
3013 2450 3068 2508 J.
3102 2451 3255 2508 Bon·

1974 2639 2091 2766 838
2119 2636 2263 2696 Bibl.
2305 2637 2401 2690 sel.
2431 2638 2467 2692 l.
2495 2643 2545 2693 2.
2573 2656 2619 2692 c.
2647 2642 2746 2708 15;
2798 2638 2867 2693 cf.
2895 2638 3161 2708 Adelung
3188 2638 3254 2703 11,

2050 2783 2088 2850 ²)
2128 2777 2404 2851 Georgius
2432 2779 2813 2834 Gotthardt
2837 2780 3172 2850 Ingolstadii
3200 2799 3255 2833 n.

1976 2849 2185 2904 Romae
2212 2850 2275 2903 in
2301 2851 2539 2921 collegio
2567 2852 2887 2921 germanico
2932 2850 3139 2906 studiis
3164 2867 3256 2904 va·

1974 2922 2127 2976 cavit
2152 2926 2506 2979 1573-1576
2543 2921 2738 2990 ibique
2767 2923 3163 2992 philosophiae
3189 2939 3256 2975 ac

1972 2993 2297 3063 theologiae
2324 2995 2578 3048 lauream
2605 2995 2936 3062 promeruit.
2989 2994 3071 3047 Ex
3115 2995 3255 3047 urbe

1972 3064 2195 3119 rediens
2238 3065 2542 3119 canonicus
2587 3066 2772 3121 factus
2822 3069 2906 3120 est
2957 3064 3253 3119 Passaviae

1972 3138 2132 3204 (1576
2158 3178 2168 3189 .
2201 3139 2429 3191 Praeter
2455 3136 2697 3190 aliorum
2720 3137 3124 3191 canonicorum
3140 3151 3255 3189 mo-

1970 3223 2088 3260 rem
2157 3207 2423 3278 iligenter
2449 3208 2616 3262 choro
2631 3208 2896 3262 interfuit
2912 3211 3084 3276 atque
3102 3208 3254 3261 scho-

1970 3277 2054 3330 las
2081 3278 2242 3333 rexit.
2297 3280 2464 3332 Anno
2492 3283 2633 3336 1584
2675 3297 2708 3333 a
2748 3280 3001 3349 capitulo
3042 3277 3252 3334 Sirnin-

1969 3365 2100 3418 gam
2128 3350 2429 3419 ablegatus
2455 3355 2559 3414 est,
2586 3354 2654 3404 ut
2672 3353 3001 3405 convulsam
3027 3349 3254 3420 religio-

1967 3437 2098 3474 nem
2125 3422 2461 3477 catholicam
2488 3423 2745 3490 erigeret,
2773 3423 3253 3489 lutheranamque

1967 3493 2380 3563 contagionem,
2411 3510 2556 3562 quae
2578 3493 2958 3547 diuturnitate
2982 3492 3252 3563 temporis

1966 3561 2114 3616 altas
2122 3565 2245 3633 jam
2255 3564 2470 3619 radices
2482 3567 2690 3634 egerat,
2705 3565 3027 3634 extirparet.
3042 3564 3252 3618 Verum

1968 3635 2180 3688 frustra
2205 3635 2502 3691 laboravit.
2540 3635 2830 3690 Excitatae
2858 3636 3015 3690 fuere
3081 3634 3253 3688 ravis·

1967 3706 2139 3760 simae
2165 3706 2224 3758 in
2251 3724 2381 3760 eum
2409 3709 2625 3772 turbae,
2654 3723 2854 3778 passus
2893 3709 2979 3760 est
3064 3723 3251 3771 amna,

1965 3777 2080 3832 imo
2109 3778 2198 3831 vel
2244 3777 2395 3832 vitae
2430 3778 2675 3833 incurrit
2718 3778 3072 3848 periculum:
3116 3778 3253 3831 hinc

1966 3848 2237 3918 parochia
2280 3849 2445 3902 cessit
2486 3853 2661 3918 atque
2706 3851 2779 3903 ad
2802 3851 2989 3903 Musas
3037 3849 3251 3902 studia-

1967 3936 2079 3986 que
2106 3918 2432 3973 intermissa
2457 3921 2645 3986 rediit,
2688 3924 2754 3974 ut
2792 3921 2914 3990 ipse
2954 3923 3150 3973 narrat
3188 3920 3249 3973 in

1966 3990 2144 4060 praef.
2190 4007 2220 4043 o
2272 4031 2285 4046 .
2331 3995 2579 4060 Defensio
2630 3996 2894 4047 Ecclesiae
2943 3995 3248 4061 catholicae,

1966 4009 2297 4143 'ingolstadii
2326 4067 2463 4120 1586
2499 4083 2552 4144 p.
2582 4069 2647 4120 17
2678 4081 2750 4117 s.:
2790 4063 2905 4116 imo
2948 4062 3249 4143 calumniis

1963 4135 2261 4203 impetitus
2288 4136 2555 4203 parochia
2597 4134 2712 4188 fuit
2751 4135 3010 4204 privatus
3037 4134 3109 4186 ab
3136 4151 3249 4204 epi-

1964 4219 2131 4286 scopo
2148 4206 2205 4259 et
2222 4205 2490 4274 capitulo.
2519 4206 2664 4259 Hinc
2684 4207 2744 4259 in
2771 4206 3099 4275 episcopum
3125 4221 3251 4258 con·

1962 4277 2129 4400 {²153ss
2152 4276 2956 4403 {Zaffdffifflssffissibissqssss
2982 4276 3251 4402 33ffi¹32

1962 4417 2023 4472 in
2067 4435 2344 4474 carcerem
2384 4420 2669 4490 conjectus
2710 4390 2779 4490 (⁹3.
2809 4419 2968 4474 Febr.
2993 4423 3151 4489 1589)
3193 4420 3251 4472 et

1963 4490 2031 4543 de
2072 4489 2303 4545 crimine
2345 4491 2529 4544 laesae
2574 4491 2891 4560 majestatis
2931 4493 3245 4545 accusatus.

1964 4561 2235 4630 Cogitans
2298 4561 2497 4632 fugam
2572 4562 2863 4617 interemit
2924 4563 3247 4617 custodem:

1965 4634 2330 4700 quamobrem
2356 4633 2637 4688 sententia
2663 4634 2860 4687 mortis
2888 4635 2949 4687 iu
2978 4652 3104 4688 eum
3122 4648 3248 4703 pro·

1963 4703 2083 4758 lata
2108 4705 2353 4773 primum
2381 4704 2493 4757 fuit
2531 4704 2877 4775 degradatus
2923 4708 2981 4758 et
3004 4710 3053 4763 6.
3081 4706 3245 4758 Mart.

630 4761 763 4820 niae
791 4771 971 4830 1568,
995 4771 1187 4833 1582;
1208 4762 1476 4823 Venetiis
1502 4774 1694 4832 15723
1720 4775 1905 4834 1577,
1967 4779 2104 4831 1589
2133 4778 2311 4829 morte
2338 4775 2592 4844 punitus.
2629 4777 2817 4830 Bonus
2844 4779 2967 4830 erat
2989 4769 3247 4844 alioquin
