3625 5193
372 264 401 315 5
412 263 442 314 2
455 264 485 313 9
1524 220 1810 275 Batonius.
2853 210 2884 262 5
2898 210 2930 262 3
2941 209 2975 261 O
3043 274 3046 275 7

365 426 873 489 comminationem
920 438 1051 478 cum
1101 416 1263 474 filius
1296 409 1640 485 despiceret,
1665 406 1674 464 l
1696 400 1882 478 patris
1915 398 2150 455 demum
2183 391 2448 449 animum
2481 380 2842 446 immutavit,
2890 378 2981 453 ip-

365 525 453 577 est
482 518 657 576 etiam
680 513 1008 571 exsecutus.
1049 507 1265 565 Verum
1286 500 1486 559 divina
1505 512 1644 571 pro·
1699 505 1949 563 sumque
1982 485 2126 543 adeo
2161 480 2232 538 ad
2263 479 2547 554 pietatem
2579 470 2859 538 excoluit,
2914 468 2984 524 ut

369 606 629 667 videntia
657 605 937 675 juvenem
978 600 1289 654 strenuum
1325 607 1443 647 non
1477 587 1645 644 dere·
1699 580 2069 637 infirmorum
2093 590 2153 629 se
2174 563 2524 640 manciparit
2543 578 2732 620 curae.
2767 558 2984 615 Totum

376 697 581 772 liquit:
618 710 755 750 eum
791 689 945 748 enim
992 685 1280 743 continuo
1300 676 1515 736 Micael
1534 675 1646 731 Pa·
1704 688 1764 726 se
1800 666 2006 724 volens
2040 663 2158 719 Deo
2192 671 2545 718 consecrare,
2570 656 2713 707 vota
2730 663 2982 722 pauper·

375 785 683 847 ravicinuS,
719 779 813 837 vir
846 776 1093 843 nobilis,
1128 773 1191 830 in
1228 762 1646 838 aedesrecepit,
1704 757 1847 815 tatis
1879 757 1939 811 et
1971 747 2342 809 obedientiae
2373 741 2589 805 emisit,
2619 739 2757 795 licet
2779 754 2820 792 S.
2843 732 2984 791 Phi-

369 881 427 933 et
446 871 619 948 quasi
636 869 829 927 filium
862 868 989 924 toto
1021 865 1142 921 iere
1163 856 1472 934 septennio
1504 853 1650 910 libe·
1707 846 1907 920 lippus
1925 841 2092 899 nulla
2120 839 2184 895 in
2215 854 2320 893 sua
2349 828 2802 906 congregatione
2817 841 2986 898 prae-

368 964 572 1021 raliter
604 959 757 1017 aluit
774 952 836 1037 ¹).
869 957 948 1014 At
963 954 1173 1011 Caesar
1200 954 1273 1006 ut
1302 942 1651 1003 beneficium
1709 931 2010 1008 scripserit
2038 931 2190 985 vota.
2239 921 2488 981 Maxima
2520 937 2655 975 cum
2687 912 2990 973 alacritate

376 1049 672 1125 obsequiis
692 1044 1113 1120 compensaret,
1145 1033 1474 1096 Paravicini
1501 1030 1653 1088 filios
1708 1041 1955 1082 munera
1987 1017 2190 1076 obibat
2221 1008 2561 1085 domestica,
2581 1003 2832 1062 humilia
2850 1000 2992 1058 licet

379 1139 434 1221 (e
453 1140 675 1215 quibus
698 1134 982 1194 Octavius
1017 1137 1165 1188 natu
1185 1129 1373 1199 major
1390 1125 1654 1198 postmo·
1710 1116 1891 1186 atque
1968 1105 2290 1165 laboriosa:
2370 1095 2672 1157 ecclesiam
2742 1107 2990 1156 verrere,

379 1231 513 1288 dum
548 1248 585 1285 a
616 1224 900 1300 Gregorio
933 1220 1079 1281 XIV.
1125 1238 1173 1275 a.
1216 1224 1370 1277 1591
1411 1210 1483 1269 ad
1515 1227 1656 1283 pur·
1712 1217 1993 1259 exornare
2014 1193 2241 1257 altaria,
2265 1204 2581 1262 campanas
2606 1183 2859 1258 pulsare,
2885 1196 2990 1235 cu-

376 1337 580 1395 pnram
618 1316 964 1386 assumptus
998 1304 1116 1387 est)
1162 1306 1235 1363 ad
1269 1319 1501 1361 omnem
1535 1297 1657 1372 pie·
1714 1291 1897 1347 linam
1932 1282 2350 1343 administrare
2384 1282 2497 1337 etc.
2547 1274 2611 1331 in
2663 1268 2890 1328 deliciis
2940 1266 2994 1323 ei

374 1413 557 1466 tatem
592 1423 658 1462 ac
690 1402 1035 1477 religionem
1082 1389 1436 1454 informavit.
1500 1385 1657 1444 Soci-
1716 1382 1904 1441 erant,
1939 1372 2241 1445 animique
2274 1366 2643 1440 voluptatem
2696 1374 2994 1432 expresse-

378 1516 472 1554 um
505 1493 751 1552 interim
772 1509 833 1548 se
866 1490 926 1546 in
948 1486 1220 1546 omnibus
1255 1478 1495 1556 piet-atis
1518 1493 1658 1549 ope·
1716 1472 1809 1525 rat
1843 1467 1949 1523 hac
1981 1458 2367 1534 inscriptione
2403 1471 2571 1512 muro
2603 1449 2804 1507 affixa:
2839 1445 2995 1513 ,Cae-

383 1585 547 1643 ribus
589 1580 866 1657 adjunxit
914 1596 958 1638 s,
993 1575 1265 1648 Philippo
1299 1567 1491 1633 Nerio,
1543 1581 1661 1637 quo
1717 1575 1811 1613 sar
1845 1551 2132 1612 Batonius
2165 1563 2389 1621 coquus
2433 1540 2795 1618 perpetuus?
2858 1534 3001 1591 Post

375 1674 623 1749 jubente
671 1670 810 1728 licet
858 1665 1119 1724 nondum
1172 1659 1417 1718 clericus
1463 1657 1523 1711 et
1566 1652 1659 1709 vix
1718 1664 1761 1703 S.
1811 1641 2071 1715 Philippi
2120 1637 2304 1701 Nerii,
2355 1626 2691 1690 fuudatoris
2724 1621 2998 1689 Oratorii,

382 1781 562 1820 annos
608 1764 788 1817 natus
835 1754 1051 1832 viginti
1097 1747 1532 1810 exhortationes
1562 1742 1663 1799 ha·
1718 1738 1972 1791 mortem
2006 1726 2272 1787 omnium
2293 1720 2584 1781 sodalium
2606 1712 2905 1788 suffragiis
2939 1711 3002 1766 in

384 1853 517 1909 buit
564 1850 639 1908 ad
689 1845 977 1924 populum
1031 1845 1199 1899 tanta
1246 1838 1305 1895 vi
1338 1840 1515 1907 atque
1547 1849 1663 1889 un·
1719 1820 2123 1897 praepositum
2154 1816 2377 1873 electus
2410 1809 2541 1867 fuit.
2605 1808 2747 1863 Cum
2780 1817 3000 1867 omnes,

388 1942 599 2006 ctione,
634 1942 707 1995 ut
741 1952 898 1993 unus
932 1952 963 1990 e
994 1929 1203 2007 primis
1236 1927 1406 1984 aulae
1424 1919 1663 1999 pontifi·
1720 1912 1846 1986 ipse
1908 1906 2190 1983 pontifex,
2253 1902 2325 1959 de
2386 1899 2496 1956 hac
2558 1893 3005 1971 gratularentur

385 2030 506 2087 ciae
536 2024 818 2103 praelatis
852 2040 986 2081 cum
1020 2019 1148 2078 aliis
1194 2014 1412 2075 mundo
1445 2008 1664 2068 valedi-
1722 1998 2030 2063 electione,
2065 1995 2191 2068 ipse
2225 1991 2384 2048 solus
2436 1983 2741 2043 moerebat
2791 1977 3004 2037 animi-

389 2119 556 2175 xerit.
607 2112 886 2172 Sacerdos
931 2110 1124 2167 factus
1168 2105 1422 2180 triginta
1453 2104 1513 2158 et
1546 2118 1668 2157 am·
1723 2108 1839 2163 que
1870 2085 2133 2143 dolorem
2184 2080 2342 2137 hisce
2375 2076 2446 2133 ad
2480 2072 2709 2133 sodales
2742 2066 3004 2142 neapoli·

388 2208 546 2281 plius
578 2221 765 2262 annos
793 2201 859 2258 in
879 2195 1346 2258 confessionibus
1378 2188 1668 2264 excipien-
1725 2184 1893 2235 tanos
1927 2174 2086 2231 datis
2119 2169 2309 2227 literis
2353 2164 2714 2221 testabatur:
2780 2156 3008 2225 ,Versa

389 2296 500 2352 diis
517 2294 755 2368 piisque
773 2287 1147 2348 sermonibus
1163 2286 1254 2341 ter
1268 2284 1331 2340 et
1344 2282 1552 2354 quater
1566 2295 1673 2352 per
1726 2270 1817 2324 est
1849 2265 1911 2321 in
1945 2264 2104 2320 lucta
2135 2257 2359 2315 cithara
2405 2270 2549 2315 mea,
2600 2249 2742 2323 quia
2774 2243 3008 2318 suscepi

396 2381 820 2441 hebdomadam
896 2374 1180 2434 habendis
1242 2366 1671 2444 infatigabilem
1727 2356 1799 2412 de
1831 2370 2013 2411 manu
2042 2346 2275 2405 Domini
2308 2340 2566 2416 duplicia
2616 2355 2720 2412 pro
2752 2333 3011 2408 peccatis

393 2491 626 2547 operam
690 2463 934 2545 aedifi),
1015 2463 1421 2540 gravibusque
1483 2455 1672 2512 literis
1730 2443 1874 2501 meis
1899 2442 2072 2515 juxta
2101 2437 2237 2493 illa:
2275 2426 2861 2505 Dupliricontritione
2880 2441 3010 2479 con-

398 2598 605 2605 --—
624 2594 715 2600 --
1731 2540 1847 2590 tere
1878 2548 1969 2587 eos
2000 2527 2142 2605 (Jer.
2186 2532 2281 2593 17,
2312 2516 2476 2600 18).‘
2511 2511 3015 2589 Occupationibus

1732 2621 1943 2680 multis
1991 2618 2132 2676 licet
2163 2614 2461 2671 distentus
2514 2604 2780 2681 quotidie
2812 2600 3017 2659 adibat

1735 2710 2076 2785 sepulcrum
2106 2701 2392 2779 principis
2427 2695 2830 2773 apostolorum
2849 2692 3015 2766 inge·

1736 2799 1972 2857 minans
2037 2793 2244 2852 verba:
2311 2785 2599 2858 ‚Domine
2661 2785 2731 2839 ut
2779 2776 3018 2838 erexisti

1739 2890 1984 2946 Petrum
2020 2904 2054 2942 a
2085 2880 2384 2948 fluctibu3‚
2421 2877 2508 2933 ita
2543 2874 2702 2948 eripe
2725 2889 2813 2928 me
2836 2885 3019 2945 apec-

1741 2980 2012 3035 catorum
2027 2970 2233 3029 undis:
2250 2976 2277 3005 ⁴¹¹
2296 2971 2473 3042 atque
2496 2962 2833 3022 humillime
2854 2959 3021 3016 deos·

1742 3065 1949 3122 culans
2011 3059 2188 3136 pedes
2240 3060 2471 3114 statuae
2523 3052 2701 3126 hujus
2752 3045 3021 3122 apostoli,

1744 3193 1770 3222 ,
1788 3152 1977 3220 credo,
1995 3148 2244 3214 dicebat,
2263 3162 2457 3212 unam,
2478 3142 2755 3199 sanctam.
2775 3135 3023 3194 catholi-

1745 3262 1875 3301 cam
1918 3245 1980 3298 et
2028 3235 2409 3313 apostolicam
2477 3246 2775 3287 romanam
2826 3224 3023 3282 Eccle-

1746 3333 1907 3390 siam.
1924 3338 1950 3365 ‘⁶

473 2667 506 2722 *ἃ
535 2659 619 2712 Ex
662 2655 855 2710 multis
896 2654 1106 2712 autem,
1153 2665 1298 2717 quae
1337 2646 1545 2700 ibidem
1586 2643 1677 2712 pie

396 2748 460 2785 ac
484 2728 852 2785 laudabiliter
877 2723 1067 2793 gessit,
1096 2721 1243 2774 illud
1262 2719 1504 2772 refertur
1522 2731 1680 2785 prae-

397 2801 785 2863 clarissimum,
800 2796 952 2865 quod
965 2794 1163 2848 videns
1178 2789 1501 2845 seminudas
1518 2801 1682 2854 quas·

399 2875 525 2927 dam
552 2887 851 2940 corporum
891 2867 1265 2921 formosorum
1306 2862 1374 2914 ad
1423 2874 1681 2912 venerem

399 2945 774 2998 allicientium
801 2938 1079 3007 imagines
1104 2935 1165 2988 in
1191 2931 1405 2988 tabulis
1433 2930 1684 2999 depictas

400 3033 462 3070 ac
488 3013 746 3070 omnium
788 3010 965 3064 oculis
992 3007 1277 3076 expositas
1318 3004 1529 3072 majore
1556 3017 1683 3052 cum

403 3086 652 3149 licentia,
681 3100 855 3152 quam
883 3080 1068 3150 pudor
1094 3082 1152 3131 et
1178 3078 1440 3131 honestas
1467 3071 1684 3128 christi-

405 3175 510 3211 ana
556 3160 699 3211 ferre
744 3158 952 3224 posset,
997 3167 1090 3204 eas
1134 3163 1480 3216 quamquam
1508 3160 1687 3197 novus

404 3231 624 3299 hospes,
651 3227 723 3279 ad
751 3241 929 3278 unum
957 3237 1146 3276 omnes
1188 3217 1381 3272 offusis
1409 3215 1687 3268 coloribus

409 3301 673 3354 audacter
698 3295 947 3362 induxit.
1000 3293 1122 3356 Qua
1149 3292 1215 3344 de
1242 3307 1298 3343 re
1327 3287 1573 3357 graviter
1600 3303 1689 3339 ex-

406 3368 833 3441 postulantibus
882 3365 1036 3434 apud
1093 3358 1578 3416 matremfamilias
1626 3356 1690 3409 li-

407 3443 549 3497 beris
576 3459 643 3496 ac
670 3436 913 3501 famulis,
941 3436 1043 3488 illa
1070 3451 1186 3487 rem
1227 3433 1400 3486 altius
1444 3429 1690 3482 conside·

411 3532 556 3579 rans,
586 3514 801 3565 factum
830 3506 1081 3562 Caesaris
1118 3522 1232 3557 non
1259 3502 1425 3556 modo
1452 3517 1565 3556 non
1592 3500 1692 3552 im-

412 3584 692 3654 probavit,
721 3580 817 3634 sed
846 3575 1144 3632 castissimi
1165 3574 1393 3645 juvenis
1424 3573 1693 3625 virtutem

412 3656 704 3719 admirata,
769 3649 1009 3721 profusis
1062 3647 1232 3702 etiam
1285 3644 1545 3698 laudibus
1607 3658 1695 3694 ex·

413 3727 556 3780 tulit.

481 3806 522 3864 ²)
553 3797 676 3863 Quo
727 3793 930 3847 solatio
970 3791 1033 3843 in
1085 3787 1365 3859 ejusmodi
1414 3784 1697 3839 laboribus

420 3867 745 3939 apostolicis
768 3865 1068 3925 frueretur,
1103 3863 1222 3930 ipse
1244 3857 1522 3927 significat
1548 3855 1698 3908 hisce

420 3941 487 3993 ad
514 3940 777 4012 parentes
803 3936 953 3988 datis
980 3933 1157 3986 literis
1180 3954 1190 3984 :
1220 3932 1297 3993 „O
1326 3928 1547 3982 utinam
1578 3944 1701 3995 par-

419 4013 511 4064 tiri
536 4009 831 4064 vobiscum
859 4009 918 4060 et
940 4002 1354 4058 communicare
1374 4000 1545 4052 liceat
1566 4014 1701 4067 gau-

416 4083 574 4136 dium
606 4096 807 4142 meum,
838 4076 992 4146 quod
1020 4074 1246 4143 quidem
1269 4073 1491 4138 (fateor)
1515 4070 1702 4123 verbis

419 4154 729 4224 exprimere
772 4165 885 4202 non
926 4165 1187 4216 possum:
1228 4141 1511 4211 quidquid
1553 4140 1703 4193 enim

423 4225 692 4288 laetitiae,
721 4219 1005 4290 quidquid
1018 4214 1420 4273 oblectamenti
1437 4231 1499 4266 ac
1516 4210 1704 4265 solatii

422 4296 481 4349 in
504 4295 670 4350 terris
698 4294 801 4358 est,
827 4306 963 4362 prae
988 4290 1089 4344 illo
1129 4286 1421 4340 tristitiam
1463 4289 1517 4336 et
1560 4298 1706 4336 moe·

422 4384 600 4421 rorem
629 4381 849 4419 merum
876 4358 1275 4427 existimarim;
1313 4357 1534 4409 utinam
1563 4369 1706 4421 quos

425 4438 561 4491 mihi
589 4436 750 4490 dedit
771 4433 1046 4487 Dominus
1061 4432 1121 4484 in
1142 4429 1346 4500 spiritu
1365 4428 1509 4480 filios
1524 4426 1708 4478 intue-

428 4510 642 4573 remini‚
670 4506 832 4567 mihi,
860 4505 1114 4572 inquam,
1142 4501 1386 4572 pessimo
1413 4497 1706 4551 hominum

426 4599 488 4634 ac
513 4576 972 4648 flagitiosissimo,
992 4574 1142 4627 viros
1164 4572 1408 4640 optimos
1424 4572 1481 4622 et
1496 4567 1708 4621 divinis

426 4651 737 4706 virtutibus
757 4647 1161 4708 ornatissimos,
1185 4651 1247 4695 ut
1269 4641 1518 4711 profecto
1536 4639 1605 4692 de
1622 4655 1710 4690 me

428 4723 572 4777 illud
601 4722 879 4790 scriptum
905 4717 1198 4772 videatur:
1241 4717 1470 4768 Laetare
1495 4714 1709 4776 sterilis,

430 4815 560 4864 quae
607 4812 711 4847 non
748 4797 912 4859 paris
954 4793 1058 4842 etc.
1107 4788 1195 4858 (Is,
1243 4790 1328 4849 54,
1360 4788 1426 4852 1),
1473 4786 1530 4834 et
1556 4778 1709 4849 quod

1840 3515 1984 3566 227.
2018 3503 2241 3559 Tantus
2286 3498 2380 3554 vir
2423 3495 2628 3570 fugere
2677 3510 2798 3549 non
2832 3489 3030 3563 potuit

1751 3591 2197 3671 sagacissimum
2232 3584 2546 3646 Clementis
2581 3581 2736 3640 vm.
2771 3579 3028 3645 oculum,

1753 3684 1856 3759 qui
1873 3682 1986 3740 sibi
2001 3678 2249 3737 illumin
2263 3672 2653 3733 conscientiae
2666 3667 2886 3743 delegit
2903 3685 3031 3723 mo-

1752 3774 2111 3831 deratorem:
2156 3781 2374 3824 munus
2406 3761 2718 3819 molestum
2755 3760 2910 3814 certe
2942 3759 3032 3812 at-

1754 3881 1868 3937 que
1902 3857 2158 3922 difficile,
2196 3853 2355 3929 quod
2386 3869 2602 3926 magna
2634 3854 2834 3907 tamen
2856 3844 3032 3902 liber-

1755 3955 1880 4009 tate
1943 3946 2380 4023 prudentiaque
2443 3939 2732 3998 Batonius
2815 3935 3034 3999 obibat,

1758 4041 1940 4098 libere
1972 4035 2307 4111 pontificem
2328 4031 2399 4088 de
2420 4029 2716 4105 pluribus,
2750 4029 2818 4082 ut
2838 4040 3039 4080 emen-

1758 4129 2042 4186 darentur
2091 4139 2334 4182 monens
2349 4115 2415 4202 1).
2482 4119 2799 4189 Hucusque
2851 4110 3040 4170 conti-

1762 4353 1898 4405 olim
1924 4349 2118 4412 Jacob,
2146 4348 2248 4399 hoc
2274 4361 2378 4414 ego
2407 4356 2634 4410 quoque
2661 4337 2862 4390 merito
2891 4350 3043 4385 usur·

1763 4422 2018 4493 paverim
2042 4443 2053 4473 ε
2081 4424 2144 4475 In
2171 4420 2357 4471 baculo
2376 4434 2488 4468 meo
2508 4413 2734 4465 transivi
2752 4409 3044 4461 ,Iordanem

1764 4501 1921 4549 istum
1962 4502 2008 4546 et
2046 4509 2152 4545 ecce
2194 4507 2310 4542 cum
2351 4488 2518 4539 tribus
2560 4485 2749 4535 turmis
2775 4479 3047 4546 reyredior

1766 4567 1924 4628 (Gen—
1952 4569 2039 4626 32,
2067 4565 2170 4632 10).

1843 4643 1880 4700 ¹)
1909 4634 2141 4703 Propter
2167 4631 2312 4683 hanc
2338 4627 2662 4680 libertatem
2689 4619 2938 4690 plurium
2967 4616 3049 4668 in·

1766 4707 1945 4760 currit
1961 4707 2234 4759 offensam
2256 4723 2266 4754 :
2288 4700 2392 4752 hoc
2410 4700 2599 4749 tamen
2617 4691 2922 4745 Batonium
2936 4705 3051 4740 non

1766 4777 2058 4833 deterruit,
2110 4775 2245 4826 Cum
2275 4768 2563 4838 quondam
2600 4760 2903 4818 cardinalis
2930 4757 3054 4825 qui·
