3625 5193
548 262 709 317 1079

1244 246 1613 302 1641—1663.
1644 241 1987 312 Patrologia.
2015 242 2132 299 Jac.
2165 242 2442 297 Sirmond.

3001 258 3178 313 1080

538 430 626 488 cis
658 447 825 488 versa
844 428 1221 488 concinnavit
1239 422 1526 508 (primum
1547 428 1634 486 ed.
1660 436 1825 491 1620
1883 430 2026 487 lieae
2054 428 2437 504 ejusdemque
2470 426 2813 502 disquisitio
2843 428 2912 485 de
2950 444 3175 503 azymo,

540 519 602 577 in
639 516 749 594 8.);
784 516 1127 576 Goffridi
1169 516 1261 579 ab.
1307 516 1749 576 vindocinensis
1782 535 1827 574 s.

541 607 771 665 Priscae
820 605 1138 665 cardinalis
1188 607 1475 679 epistolae,
1531 607 1827 681 opuscula,

537 713 826 754 sermones
846 692 951 777 (ib.
980 703 1146 756 1610
1181 694 1247 753 in
1267 705 1340 764 8.,
1377 694 1636 769 primum
1658 713 1826 770 opus,

540 784 699 860 quod
720 783 1066 843 Sirmondus
1086 778 1326 863 edidit);
1353 784 1398 841 P
1413 802 1444 841 e
1459 787 1488 841 t
1504 783 1570 841 ri
1601 783 1691 842 ab.
1714 783 1828 842 cel·

541 874 721 932 lensis
766 874 1140 948 epistolarum
1172 874 1226 930 ll.
1264 872 1303 931 9
1318 893 1347 944 ,·
1396 872 1543 931 item
1575 872 1828 931 Alexan-

540 962 655 1020 drii
685 961 790 1021 ΙΙΙ.
824 961 897 1019 ad
918 962 1163 1020 Petrum
1192 962 1445 1020 eundem
1464 965 1526 1020 et
1555 962 1702 1019 alios
1736 979 1828 1035 ep.

545 1062 623 1114 56
661 1046 764 1132 (ib.
807 1060 971 1113 1613
1008 1049 1072 1107 in
1107 1046 1208 1131 8.).
1232 1050 1396 1107 —T.
1435 1060 1489 1110 4.
1522 1049 1829 1125 reperiun-

540 1146 643 1198 tur
674 1139 959 1215 opuscula
990 1139 1281 1213 quaedam
1314 1140 1602 1214 polemica
1635 1134 1728 1220 (2)
1761 1140 1831 1196 de

539 1228 961 1287 suburbicariis
991 1229 1316 1305 reqionibus
1361 1235 1410 1285 et
1440 1228 1683 1286 ecelesiis
1724 1227 1828 1286 ad-

540 1336 747 1377 versus
779 1317 1128 1376 Salmasium
1160 1321 1223 1376 et
1253 1316 1563 1393 Godefroy,
1597 1317 1663 1374 in
1694 1317 1830 1392 qui-

540 1407 655 1465 bus
688 1401 913 1485 (1618)
950 1406 1137 1464 solide
1183 1406 1548 1465 demonstrat
1591 1405 1829 1465 nomine

541 1495 852 1572 regionum
874 1494 1422 1553 suburbicariarum
1454 1493 1714 1572 intelligi
1733 1513 1827 1552 re·

541 1584 765 1660 giones,
817 1602 967 1658 quae
1014 1584 1328 1642 subessent
1376 1583 1585 1643 urbico
1635 1583 1826 1660 magi-

539 1673 757 1731 stratui
790 1690 895 1730 seu
920 1671 1094 1730 Urbis
1126 1671 1377 1742 vicari03
1411 1671 1479 1729 de
1509 1674 1747 1731 canonis
1767 1669 1827 1729 2.

539 1780 691 1823 conc.
736 1763 1084 1819 arausicani
1132 1761 1359 1819 lectione
1407 1755 1499 1842 (2)
1547 1761 1828 1819 adversus

543 1852 787 1908 Petrum
839 1849 1169 1926 Aurelium,
1224 1850 1327 1924 qui
1379 1850 1528 1908 hano
1575 1854 1754 1926 prout
1795 1869 1830 1907 a

544 1937 856 1997 Sir-mondo
888 1937 1049 1996 edita
1078 1938 1275 1997 fuerat
1305 1939 1713 2016 impugnavit3
1764 1938 1829 1997 in

1885 536 2190 594 semperne
2239 517 2303 574 in
2351 535 2467 575 usu
2515 517 2720 575 altaris
2780 516 2964 575 fuerit
3012 515 3178 592 apud

1885 606 2107 665 latinos
2141 601 2244 687 (ib.
2274 615 2434 667 1651
2478 607 2542 664 in
2577 614 2632 669 8.
2665 609 2725 664 et
2754 605 2818 663 in
2839 605 3037 682 Migne
3071 624 3178 680 pa-

1884 696 2018 754 trol.
2051 713 2260 772 graeca
2293 703 2394 764 94,
2433 688 2616 777 4oo);
2655 695 2943 753 diatribae
2972 696 3176 752 sirmi-

1884 791 2056 842 tanae
2089 794 2145 854 2,
2192 783 2386 859 prima
2416 783 2488 842 de
2535 803 2691 843 anno
2730 783 2941 860 synodi
2972 783 3176 842 sirmi-

1885 874 2045 932 ensis
2078 875 2139 932 et
2173 872 2303 932 fidei
2334 873 2610 932 formulis
2644 873 2707 931 in
2738 891 2806 931 ea
2837 871 3015 931 editis
3035 891 3172 931 cum

1886 962 2001 1021 viri
2041 962 2199 1021 docti
2233 956 2511 1043 (Petavii)
2559 960 3173 1020 animadversionibus

1886 1050 1960 1109 ad
1991 1051 2388 1126 Epiphanium
2419 1052 2479 1108 et
2507 1069 2739 1127 nupera
2757 1049 3020 1126 ejusdem
3051 1049 3171 1107 dis-

1887 1139 2210 1200 sertatione
2243 1139 2570 1214 composita
2613 1158 2720 1215 pro
2751 1138 3039 1207 Baronio;
3083 1139 3169 1196 al-

1885 1233 2016 1287 tera
2045 1228 2117 1287 de
2144 1229 2396 1288 Photino
2415 1229 2709 1288 haeretico
2741 1229 2987 1304 ejusque
3006 1227 3170 1285 dam-

1883 1318 2124 1377 natione
2155 1318 2221 1376 in
2257 1327 2290 1380 5
2315 1318 2556 1394 synodis
2586 1317 2745 1376 facta
2763 1334 2830 1375 ac
2848 1317 2920 1375 de
2939 1315 3171 1391 duplici

1884 1406 2175 1466 sirmiensi
2220 1410 2427 1465 contra
2456 1407 2631 1465 illum
2680 1405 2907 1482 synodo
2945 1408 3006 1463 et
3048 1405 3170 1462 for-

1884 1495 2066 1554 mulis
2099 1496 2160 1553 in
2193 1495 2520 1572 posteriore
2566 1494 2774 1564 editis;
2826 1494 2944 1553 alia
2985 1512 3165 1568 quae-

1883 1585 2015 1643 dam
2049 1584 2299 1643 minoris
2339 1584 2640 1644 momenti.
2671 1615 2759 1626 —
2791 1583 3059 1657 Denique
3104 1582 3170 1639 in

1883 1678 2046 1732 tomo
2084 1684 2136 1737 5.
2168 1675 2552 1749 reperiuntur
2592 1691 2635 1732 s.
2667 1672 2957 1731 Theodori
2997 1672 3169 1729 Stu-

1884 1763 2094 1821 ditae
2139 1763 2427 1837 epistolae
2472 1762 2704 1837 aliaque
2756 1761 2977 1837 scripta
3022 1759 3166 1836 dog·

1885 1851 2097 1910 matica
2142 1869 2348 1927 graece
2391 1855 2452 1909 et
2497 1851 2699 1910 latine.
2745 1851 2990 1909 Praeter
3032 1850 3172 1907 haec

1885 1940 2071 1998 edidit
2121 1939 2497 2000 sirmondus:
2560 1939 2682 1998 Jac.
2736 1938 2974 1997 Cosmae
3036 1938 3169 1995 Fa·
3277 1945 3282 1946 ’

543 2027 634 2085 his
665 2027 846 2084 simul
878 2027 1187 2085 ostendere
1212 2027 1433 2086 nititur
1460 2027 1826 2096 Sirmondus,
1882 2029 1922 2088 b
1938 2029 2004 2087 ri
2022 2029 2125 2086 cii
2157 2036 2325 2087 notas
2343 2030 2694 2105 stiqmaticas
2721 2027 2794 2085 ad
2815 2028 3172 2103 magistrum

542 2116 884 2174 unctionem
934 2134 1054 2174 non
1095 2135 1222 2175 esse
1270 2117 1576 2176 materiam
1628 2135 1826 2176 essen-

542 2205 745 2263 tialem
779 2206 1130 2263 sacramenti
1164 2205 1658 2275 confirmationis;
1704 2205 1824 2263 dis-

546 2296 807 2360 sertatio,
856 2293 918 2351 in
951 2313 1073 2369 qua
1104 2294 1371 2371 Dionysii
1399 2296 1747 2369 parisiensis
1777 2301 1828 2351 et

546 2383 817 2458 Dionysii
847 2385 1233 2459 Areopayitae
1276 2385 1587 2442 discrimen
1628 2386 1828 2442 osten-

543 2472 713 2531 ditur
745 2468 849 2552 (ib.
896 2482 1049 2534 1641
1089 2471 1155 2529 in
1189 2468 1292 2552 8.)‚
1331 2472 1615 2531 adversus
1650 2491 1830 2547 quam

546 2561 903 2620 sententiam
967 2560 1167 2636 plures
1245 2561 1535 2620 calamum
1595 2561 1828 2637 arripu-

543 2646 817 2729 erunt1);
862 2650 1130 2724 quaestio
1163 2650 1379 2725 triplex
1411 2650 1485 2707 de
1515 2651 1646 2727 lege
1679 2650 1829 2710 Cele-

543 2740 805 2814 brandis,
853 2738 927 2796 de
974 2739 1338 2815 paragrapho
1387 2739 1651 2797 Duorum
1696 2741 1829 2812 fra-

545 2836 736 2901 trum,
788 2827 859 2885 de
907 2828 1031 2889 cod.
1083 2827 1302 2885 Alarici
1347 2828 1538 2904 regis;
1588 2829 1831 2887 historia

535 2917 1096 2992 praedestinatiana,
1146 2915 1362 2990 quibus
1406 2916 1595 2975 initiis
1628 2920 1833 2976 exorta

548 3009 608 3062 et
637 3022 743 3079 per
774 3021 924 3079 quos
953 3003 1333 3079 potissimum
1355 3005 1666 3083 profligata
1698 3024 1829 3082 pre-

545 3092 1016 3151 daestinatorum
1062 3094 1318 3152 haeresis
1367 3093 1511 3153 olim
1561 3096 1741 3154 fuerit
1772 3098 1832 3152 et

547 3200 843 3257 oppressa,
895 3181 1179 3241 adversus
1224 3182 1655 3243 divinationem
1687 3183 1832 3242 Jan-

550 3270 699 3330 senii
730 3271 985 3347 iprensis
1007 3271 1079 3329 de
1099 3272 1674 3347 praedestinatorum
1697 3272 1832 3331 hae-

548 3360 664 3419 resi
710 3379 779 3418 ex
810 3360 1139 3436 Augustini
1185 3361 1313 3436 ejus
1356 3364 1398 3418 t.
1438 3371 1467 3423 1
1508 3362 1544 3419 l.
1582 3371 1617 3426 8
1667 3378 1714 3419 c.
1751 3369 1831 3423 23

550 3451 654 3526 (ib.
698 3458 860 3511 1648
897 3450 959 3507 in
997 3445 1109 3531 8.);
1144 3450 1303 3525 quod
1336 3468 1485 3525 opus
1513 3450 1832 3527 Maugui-

550 3556 691 3597 nus
721 3537 955 3597 duobus
1004 3538 1469 3615 praegrandibus
1518 3539 1697 3598 tomis
1729 3558 1832 3616 ag-

549 3646 789 3703 gressus
810 3628 994 3707 est2);
1026 3628 1271 3687 historia
1283 3630 1667 3701 poenitentiae
1684 3628 1834 3703 puh-

627 3804 666 3868 1)
695 3800 846 3851 Inter
891 3798 992 3850 hos
1039 3798 1353 3851 Germanus
1398 3798 1653 3851 Millet
1691 3796 1755 3853 O.
1782 3797 1838 3853 S.

554 3868 687 3921 Ben.
717 3886 745 3922 e
771 3885 962 3935 congr.
992 3885 1032 3919 s.
1055 3869 1237 3921 Mauri
1260 3877 1305 3934 (†
1327 3873 1487 3940 1647)
1514 3869 1573 3922 iu
1601 3885 1694 3936 op.
1723 3870 1840 3923 Vin·

550 3942 734 3992 dicata
773 3941 1013 3991 ecclesiae
1049 3943 1348 4005 qallicanne
1380 3943 1444 3992 de
1480 3959 1575 3992 suo
1600 3943 1839 4008 Areopa-

547 4014 664 4077 aira
703 4010 962 4074 Dionysio
995 4011 1199 4075 qloria,
1244 4008 1470 4061 Parisiis
1513 4012 1654 4066 1638
1692 4010 1751 4062 in
1786 4014 1838 4068 8.

552 4095 687 4202 {ung
711 4076 1073 4203 regponssicgne
1099 4079 1527 4207 addigs.11161;{er
1548 4079 1838 4149 vulgatam

595 4168 623 4202 e
690 4165 761 4202 uo
805 4165 871 4201 us
948 4164 967 4200 1
1009 4164 1247 4216 nysus‚1
1290 4190 1302 4202 .
1474 4191 1486 4203 .

630 4224 669 4290 ²)
700 4219 869 4274 Varia
907 4223 1045 4272 sunt
1084 4219 1334 4275 virorum
1374 4221 1728 4276 eruditorum
1771 4224 1841 4278 de

555 4291 659 4345 hac
705 4290 989 4347 Sirmondi
1038 4290 1268 4345 historia
1312 4291 1540 4361 judicia.
1589 4293 1699 4348 Eos
1744 4296 1842 4363 qui

555 4363 791 4418 eandem
818 4362 1111 4416 historiam
1139 4363 1255 4417 suis
1278 4364 1567 4435 suffragiis
1591 4382 1842 4435 compro-

554 4435 763 4490 barunt
811 4437 1067 4489 recenset
1115 4433 1370 4489 Baunius
1388 4480 1400 4502 ‚
1453 4453 1687 4507 operum
1733 4437 1841 4491 Sir-

554 4506 745 4560 mondi
785 4504 980 4571 editor,
1020 4507 1198 4575 praef.
1239 4508 1313 4559 ad
1343 4510 1379 4560 t.
1407 4512 1443 4563 4
1481 4517 1510 4575 5
1535 4513 1585 4564 5.
1628 4508 1840 4562 Verum

556 4576 809 4632 Norisius
835 4576 1105 4645 iniquius,
1135 4577 1285 4646 quod
1303 4578 1366 4632 in
1386 4579 1491 4632 hac
1510 4581 1842 4646 quaestione

555 4665 667 4701 non
696 4649 919 4713 mirum,
959 4649 1186 4718 judicat
1209 4649 1340 4703 hist.
1368 4650 1552 4719 pelag.
1579 4650 1616 4704 l.
1643 4655 1676 4707 2
1704 4668 1750 4704 c.
1776 4656 1842 4707 4:

1889 2127 1967 2181 30
2003 2118 2373 2195 paginarum,
2419 2117 2526 2192 qui
2575 2116 2778 2175 libello
2824 2134 2946 2174 uno
2992 2116 3171 2173 eccle-

1885 2207 2181 2265 siasticam
2213 2210 2274 2264 et
2303 2205 2604 2281 politicam
2638 2207 2992 2281 potestatem
3014 2223 3170 2262 eom-

1884 2297 2094 2370 plexus
2114 2300 2223 2364 est,
2258 2295 2627 2354 Francofurti
2653 2303 2818 2357 1612
2854 2293 2918 2351 in
2939 2303 3013 2358 4.,
3047 2293 3171 2352 scil.

1885 2385 2168 2443 adversus
2200 2383 2663 2455 Rioherium,
2715 2384 2887 2458 cujus
2932 2382 3173 2440 libellus

1884 2473 2253 2549 perniciosus
2296 2483 2375 2536 30
2415 2475 2658 2531 tantum
2689 2473 2965 2530 numerat
3001 2470 3170 2547 pagi-

1884 2582 2023 2632 nas;
2056 2563 2236 2639 hujus
2267 2561 2647 2621 refutationis
2692 2560 3002 2620 Richerius
3029 2579 3174 2636 prae

1885 2653 2094 2711 ceteris
2114 2652 2404 2710 rationem
2424 2652 2634 2710 habuit
2652 2672 2665 2719 ;
2700 2669 2744 2709 s.
2767 2650 2810 2707 F
2825 2669 2868 2707 u
2882 2651 2905 2708 l
2920 2670 2960 2727 g
2975 2669 3006 2709 e
3021 2669 3061 2707 n
3075 2650 3175 2707 tii

1884 2742 1952 2799 de
1999 2743 2230 2800 veritate
2268 2739 2814 2815 praedestinationis
2857 2746 2908 2797 et
2946 2741 3175 2816 qratiae

1886 2831 1952 2888 ll.
1989 2840 2044 2899 3,
2080 2829 2326 2888 Parisiis
2370 2839 2530 2892 1612
2564 2830 2630 2887 in
2665 2839 2733 2899 83
2781 2828 3075 2903 Empta
3112 2846 3183 2885 ex

1887 2919 2153 2995 ejusdem
2188 2919 2248 2976 ll.
2282 2922 2490 2977 contra
2522 2918 2846 2976 Fabianum
2889 2917 2970 2974 ib.
3011 2926 3182 2979 1643

1886 3009 1953 3066 in
2003 3018 2073 3077 83
2125 3025 2169 3065 s.
2218 3007 2518 3065 Paschasii
2569 3006 2953 3065 Radberti
3005 3024 3186 3080 opera

1892 3094 2176 3177 (maxima
2223 3115 2293 3155 ex
2343 3098 2511 3169 parte
2553 3095 2814 3171 primum
2862 3086 3049 3175 edita)
3102 3093 3183 3152 ib.

1899 3195 2063 3248 1618
2097 3185 2162 3243 in
2193 3184 2264 3254 f.;
2312 3186 2552 3243 concilia
2583 3186 2826 3259 antiqua
2860 3183 3091 3241 Galliae
3122 3179 3185 3263 (a

1890 3292 1999 3332 sec.
2035 3271 2282 3349 4—10)
2328 3292 2461 3332 cum
2493 3272 2760 3347 epistolis
2806 3271 3182 3347 pontificum,

1890 3515 2080 3567 aetate
2108 3512 2465 3583 octogenario
2493 3513 2690 3581 maj0r.
2737 3512 2800 3564 In
2827 3511 3039 3579 quibus
3065 3515 3185 3565 tam

1892 3584 2059 3654 longe
2099 3601 2134 3637 a
2159 3583 2396 3637 veritate
2436 3582 2679 3647 deflexit,
2721 3585 2788 3635 ut
2821 3582 3074 3652 ejusdem
3104 3583 3184 3634 hi-

1893 3655 2068 3710 storia
2088 3673 2122 3709 a
2139 3654 2393 3709 Gilberto
2408 3654 2722 3725 Mauguino
2740 3671 2792 3710 v.
2810 3672 2853 3708 c.
2873 3653 3182 3708 Galliarum

1892 3727 2017 3797 regi
2043 3744 2076 3779 a
2100 3725 2367 3789 consiliis,
2395 3727 2456 3779 ct
2479 3725 2542 3779 in
2569 3741 2727 3779 sacra
2753 3727 2811 3779 et
2833 3724 3074 3795 profana
3100 3725 3184 3778 hi·

1895 3798 2070 3853 storia
2096 3797 2477 3851 versatissimo
2502 3800 2552 3860 st
2578 3801 2757 3863 1674),
2802 3796 3001 3850 fabula
3027 3796 3184 3866 igno-

1895 3868 2105 3925 miniae
2145 3884 2317 3922 causa
2342 3867 2521 3923 fuerit
2558 3871 2910 3937 nuncupata.
2959 3866 3064 3920 Hic
3087 3884 3184 3921 au·

1893 3944 2007 3995 tem
2035 3939 2274 4009 scriptor
2299 3939 2439 3993 adeo
2466 3939 2644 3994 solide
2671 3956 2737 3993 ao
2755 3953 2988 3993 nervose
3014 3942 3048 3994 3
3074 3938 3185 4006 pri-

1896 4028 1994 4065 ora
2020 4027 2096 4066 co.
2116 4010 2386 4064 historiae
2407 4010 2839 4065 Sirmondianae
2864 4009 2934 4063 de
2955 4008 3184 4079 praede-

1896 4081 2224 4137 stinatianis
2258 4082 2537 4146 confutat,
2577 4084 2647 4136 ut
2668 4082 2885 4136 Ludov.
2913 4079 3184 4135 Cellotius

1895 4153 1956 4206 in
1985 4153 2221 4207 historia
2247 4152 2750 4215 Gotheschalcana,
2790 4153 2853 4206 in
2890 4167 3005 4222 qua
3029 4150 3185 4204 Mau·

1897 4224 2137 4349 {uinum
2158 4223 2530 4279 refellendum
2551 4224 2801 4293 suscepit
2819 4224 2855 4277 l.
2877 4228 2911 4280 2
2938 4240 2985 4278 c.
3004 4228 3056 4287 2,
3082 4222 3184 4275 ubi

1938 4311 1967 4348 e
1991 4294 2530 4365 praedestinatianis
2549 4295 2684 4364 agit,
2712 4312 2782 4348 ne
2804 4294 3041 4349 verbum
3062 4294 3183 4361 qui-

1898 4366 2027 4420 dem
2066 4383 2169 4435 pro
2206 4383 2307 4421 suo
2336 4366 2631 4421 Sirmondo
2665 4366 2847 4421 eidem
2871 4363 3184 4435 Mauguino

1897 4453 2166 4506 reponere
2185 4437 2485 4507 potuerit.“
2511 4438 2573 4490 In
2591 4437 2827 4491 eandem
2844 4435 3184 4491 sententiam

1898 4508 2042 4562 abiit
2065 4512 2123 4562 et
2142 4508 2560 4573 Tillemontius,
2588 4507 2755 4568 Mem.
2777 4507 2912 4562 ecel.
2932 4507 3081 4571 XVI,
3097 4511 3181 4563 19.

1898 4582 2160 4634 Ceterum
2197 4580 2539 4650 Mauguinus
2583 4579 2790 4633 nititur
2831 4578 2892 4632 in
2937 4578 3036 4633 illo
3078 4594 3182 4631 suo

1898 4668 2064 4721 opere
2098 4653 2363 4707 Vindiciae
2381 4653 2887 4721 praedestinationis
2907 4660 2953 4705 et
2973 4654 3181 4719 qratiae

560 4718 746 4783 „Quae
782 4718 850 4771 de
889 4719 1106 4774 haeresi
1143 4720 1661 4790 praedestinatiana
1700 4722 1843 4777 edis·
1897 4724 2166 4787 evincere,
2208 4721 2676 4776 Gotheschalcum
2709 4720 2987 4776 haeresim
3027 4736 3185 4791 prae·

557 4789 737 4842 seruit
780 4788 1248 4855 Sir-mondus,
1293 4808 1358 4845 ea
1401 4792 1631 4861 scripsit
1673 4794 1843 4847 effeta
1899 4794 2338 4848 destinatianam
2367 4808 2481 4847 non
2508 4792 2776 4849 docuisse.
