3625 5193
475 295 604 347 797

1289 273 1616 340 Witweiler‚
1645 273 1899 328 Leander
1923 263 1956 327 a
1983 291 2027 330 a.
2051 274 2312 327 Martiae.

2983 287 3104 344 798

467 461 622 520 duni
682 470 846 523 1606
900 459 964 518 in
1016 470 1086 529 43
1156 469 1356 529 16133
1423 458 1764 536 Mognntiae
1822 458 1915 518 nis
1948 463 2221 518 naturam
2267 458 2627 517 viderentur.
2676 457 2943 534 Contigit
2984 477 3108 517 sae-

484 560 644 614 1667
669 572 683 620 ;
734 548 1011 608 Coloniae
1049 557 1215 611 1624
1251 552 1392 618 etc.;
1424 549 1486 606 in
1519 549 1763 622 Sapien-

468 643 619 698 tiam
674 638 954 716 Lugduni
1024 647 1186 700 1607
1251 637 1315 695 in
1379 646 1450 706 43
1512 638 1762 713 Mogun-

474 729 593 788 tiae
633 736 818 797 16083
851 728 915 784 in
945 733 1074 785 acta
1106 721 1576 805 apostoloruml),
1605 726 1763 803 Lug-

398 863 402 867 .
465 818 621 876 duni
650 827 812 880 1605
839 816 901 873 in
922 815 989 884 f.;
1033 825 1231 885 16093
1264 812 1538 873 Coloniae
1567 822 1759 884 1617;

483 915 642 970 1621
673 928 687 976 ;
753 907 816 962 in
865 905 1173 963 catholicas
1225 907 1265 960 3
1316 904 1365 962 b.
1415 902 1668 962 Joannis
1715 910 1766 961 et

476 1000 518 1054 2
569 996 617 1057 b.
666 993 822 1052 Petri
870 994 1141 1068 epistolas
1157 1037 1175 1066 ,
1235 992 1516 1069 Lugduni
1572 1002 1764 1061 16093

483 1093 640 1146 1621
680 1084 748 1142 in
781 1082 851 1151 f.;
884 1082 1229 1160 Moguntiae
1257 1091 1457 1151 161ος
1491 1084 1554 1139 in
1572 1079 1763 1139 catho-

466 1175 615 1232 licas
648 1172 732 1236 bb,
764 1172 969 1230 Jacobi
1013 1179 1062 1229 et
1093 1171 1286 1229 Judao
1332 1189 1429 1246 ap.
1476 1171 1762 1244 epistolas,

472 1260 757 1338 Lugduni
796 1270 958 1322 1619
999 1260 1065 1319 in
1096 1260 1166 1330 f.;
1214 1259 1557 1336 Mogentiae
1598 1267 1760 1323 1622

1822 548 1975 625 pina,
2028 552 2097 607 ut
2127 551 2372 624 propter
2402 547 2676 606 eximiam
2709 546 3105 607 eruditionem

1821 638 1885 696 in
1916 637 2426 713 disputationibus
2470 635 2725 712 publicis
2769 634 2832 693 in
2876 650 3109 695 summa

1822 726 2158 801 frequentia
2217 724 2628 785 universitatis
2689 723 2761 783 de
2810 724 3109 784 industria

1823 821 2027 874 nostro
2068 816 2279 891 juveni
2329 818 2390 872 et
2422 813 2663 889 quidem
2713 832 2782 872 ex
2843 818 3109 890 tempore

1822 904 2164 981 disputandi
2195 907 2257 963 et
2288 900 2742 981 argumentandi
2791 904 3015 962 occasio
3047 909 3108 963 et

1823 993 2064 1053 licentia
2123 1014 2156 1051 a
2218 991 2653 1069 professoribus
2722 991 3110 1067 praeberetur

1820 1086 1993 1142 tanta
2042 1083 2307 1141 omnium
2357 1097 2493 1139 cum
2545 1080 2986 1156 approbatione,
3039 1085 3110 1139 ut

1821 1172 1979 1230 fama
2024 1171 2161 1230 dein
2206 1170 2389 1229 latius
2436 1188 2642 1245 sparsa
2687 1170 2886 1247 magni
2931 1170 3108 1229 etiam

1821 1260 2118 1336 principes
2150 1259 2225 1318 ad
2257 1279 2395 1319 eum
2427 1257 2788 1317 audiendum
2831 1258 3107 1334 disputa·

467 1355 585 1411 etc.
621 1350 806 1425 ,Ejus
838 1367 1033 1426 opera,
1082 1349 1281 1423 inquit
1313 1347 1484 1407 Mich.
1516 1367 1552 1407 a
1584 1366 1628 1406 s.
1661 1347 1764 1406 Jo-
1821 1349 2088 1409 tionibus
2121 1350 2494 1410 interessent.
2525 1345 2747 1406 Verum
2775 1366 2950 1423 quam
2972 1367 3107 1424 gra-

468 1440 636 1516 seph‚
671 1437 1008 1497 eruditione
1039 1436 1265 1512 ubique
1300 1436 1625 1506 abundant,
1660 1435 1763 1494 sed
1823 1444 1954 1498 tum
1987 1437 2049 1496 id
2082 1437 2311 1509 ceteris,
2345 1437 2430 1496 ita
2448 1435 2725 1513 deinceps
2759 1436 3106 1512 professori-

468 1528 821 1604 prolixitate
840 1526 1082 1585 minime
1104 1530 1324 1596 carent,
1354 1545 1472 1602 qua
1489 1525 1764 1602 proprios
1822 1527 1937 1586 bus
1970 1525 2240 1586 odiosum
2261 1526 2396 1597 fuit,
2432 1544 2562 1583 cum
2590 1525 2834 1601 juvenis
2866 1526 3014 1584 talia
3046 1526 3107 1584 in

473 1621 680 1676 auctor
699 1631 910 1675 sensu-1
931 1614 1302 1674 obscuriores
1331 1613 1764 1691 quodammodo
1820 1616 2082 1674 medium
2114 1617 2354 1675 afferret
2387 1619 2742 1692 argumenta
2772 1616 2834 1673 et
2865 1615 3108 1690 quidem

468 1701 793 1785 reddit2).‹
1823 1723 2050 1763 summe
2080 1705 2413 1781 theologica
2462 1702 2748 1763 adversus
2794 1703 3108 1781 magistro-

1822 1813 1953 1852 rum
1988 1794 2335 1862 doctrinam,
2369 1793 2589 1869 quibus
2610 1790 2906 1851 solvendis
2936 1811 3108 1851 nemo

569 1892 714 1946 334.
747 1883 855 1941 His
886 1901 955 1941 ex
985 1882 1117 1940 aliis
1163 1881 1509 1940 nationibus
1540 1880 1762 1939 addan·
1821 1883 2061 1943 omnino
2094 1884 2492 1960 professorum
2525 1881 2836 1950 sufficeret,
2883 1884 2943 1940 et
2974 1900 3106 1957 per-

470 1974 580 2031 tur
612 1972 899 2047 Georgius
920 1970 1323 2030 Witweiler
1354 1969 1760 2047 Brigantinus,
1821 1975 2075 2049 urgente
2115 1972 2338 2046 juvene
2371 1988 2572 2030 omnes
2611 1971 3103 2030 obmutescerent.

469 2060 712 2138 collein
743 2060 1064 2137 germanici
1085 2060 1381 2129 alumnuS,
1416 2059 1765 2118 canonicatu
1823 2062 2179 2120 conclusum
2226 2060 2400 2136 proin
2447 2064 2673 2118 secreto
2720 2059 2967 2118 consilio
3007 2060 3108 2130 ju·

477 2149 823 2208 renunciato
836 2149 1136 2225 ingressus
1153 2152 1243 2208 est
1258 2149 1599 2207 societatem
1617 2147 1763 2206 Jesu
1788 2164 1793 2244 J
1820 2169 2029 2208 venem
2061 2150 2436 2208 innocentem
2463 2148 2861 2207 universitate
2894 2147 3106 2206 solem-

479 2241 709 2312 (15863
756 2236 791 2304 †
829 2247 924 2300 18.
958 2237 1078 2296 Jul.
1121 2233 1333 2322 1633).
1382 2238 1485 2313 qui
1528 2237 1980 2322 praeterluiter
2044 2238 2383 2306 excludere,
2448 2237 2567 2295 imo
2616 2242 2687 2295 ut
2743 2236 3108 2294 haereticum

471 2344 658 2402 opera
679 2326 1032 2385 catechetica
1064 2326 1312 2401 reliquit
1322 2323 1371 2406 ³)
1406 2324 1478 2384 ad
1498 2324 1764 2384 fidelium
1786 2330 1793 2352 '
1820 2327 2029 2402 ejicere
2050 2327 2275 2386 frustra
2292 2327 2397 2385 illo
2416 2325 2767 2401 deprecante
2792 2329 2852 2385 et
2875 2325 3108 2384 veniam

477 2414 944 2475 aedificationem
1006 2410 1236 2474 Psalter
1284 2415 1507 2473 Davids
1557 2414 1764 2490 Sampt
1821 2420 2086 2494 rogante.
2128 2416 2254 2491 Ope
2286 2414 2593 2491 cujusdam
2626 2414 2889 2490 theologi
2921 2414 3103 2472 socie-

466 2504 590 2562 den
639 2503 894 2563 Canticls
940 2505 1144 2562 Latein
1189 2503 1313 2562 und
1352 2503 1607 2562 Teutsch
1651 2503 1764 2560 mit
1820 2506 1965 2564 tatis
1997 2505 2144 2564 Jesu
2174 2506 2237 2562 in
2257 2503 2602 2579 Hispaniam
2622 2502 2874 2579 aufugit.
2907 2501 3107 2560 Fidem

469 2594 686 2652 kurzer
717 2593 1000 2670 richtiger
1029 2593 1384 2670 Auslegung
1414 2613 1516 2669 pp.
1549 2604 1588 2656 3
1616 2593 1762 2652 Con-

471 2683 735 2742 stantiae
793 2691 1157 2745 1617—18.
1188 2715 1276 2725 —
1321 2683 1587 2741 Leander
1635 2703 1669 2740 a
1718 2700 1763 2741 s.

471 2772 814 2829 Martino
864 2767 960 2851 (al.
993 2769 1260 2830 Joannes
1307 2766 1571 2852 Jones)
1609 2771 1672 2829 Ο.
1708 2770 1762 2828 S.

465 2861 542 2922 B.
575 2859 966 2920 Londinensis
998 2879 1054 2917 n.
1097 2868 1279 2923 1575.
1326 2860 1471 2917 Erat
1501 2860 1763 2936 parenti-

472 2949 589 3006 bus
622 2949 817 3007 editus
860 2948 1187 3024 anglicanis
1230 2950 1294 3006 in
1324 2949 1653 3017 Britannia,
1701 2951 1765 3006 et

468 3056 612 3096 cum
644 3038 882 3114 ingenio
928 3041 1087 3097 esset
1130 3038 1549 3096 florentissimo
1593 3055 1761 3113 prae-

470 3129 706 3185 mature
754 3126 970 3185 studiis
1015 3126 1351 3202 applicitus,
1396 3126 1764 3203 Insignierat

474 3216 673 3291 ipsum
692 3218 908 3274 natura
940 3218 1001 3273 et
1018 3221 1273 3274 naturae
1292 3233 1505 3291 parens
1537 3233 1605 3273 ea
1627 3214 1760 3273 vul-

468 3307 575 3363 tus
621 3305 831 3381 gratia,
881 3305 1104 3362 formae
1155 3304 1451 3381 elegantia
1470 3348 1483 3371 ,
1534 3303 1762 3380 ingenii

475 3393 838 3464 subtilitate,
882 3392 1093 3468 judicii
1143 3392 1492 3463 acrimonia,
1546 3411 1763 3468 magna

467 3482 850 3556 eloquentiae
883 3482 959 3552 vi,
993 3501 1143 3556 quae
1177 3501 1359 3558 supra
1387 3470 1539 3557 pene
1572 3482 1758 3541 homi-

550 3748 588 3802 1)
618 3741 697 3796 De
718 3742 890 3812 hujus
909 3742 1298 3797 commentarii
1320 3742 1666 3812 praestantia
1691 3741 1760 3795 cf.

471 3812 539 3865 R.
561 3812 694 3866 Sim
709 3813 856 3867 onis
870 3812 1154 3883 judicium
1173 3830 1347 3884 supra
1366 3832 1420 3884 p.
1441 3817 1549 3871 484
1568 3816 1760 3868 annot.

545 3890 587 3949 ²)
616 3882 887 3954 Bibliogr.
912 3885 1037 3944 crit,
1059 3884 1155 3951 III,
1179 3890 1300 3943 110.
1329 3885 1414 3938 Ita
1443 3885 1616 3938 etiam
1642 3885 1761 3938 Fel-

467 3956 570 4020 ler,
598 3953 662 4009 R.
684 3953 876 4009 Simon
902 3956 941 4009 1.
967 3973 1031 4021 c..
1058 3955 1252 4025 Dupin
1273 3958 1359 4021 17,
1383 3960 1510 4025 132;
1537 3956 1760 4009 Kaulen

469 4026 579 4082 KL.
598 4024 776 4091 Vnst.
795 4031 924 4087 1523
952 4027 1192 4095 Cornely
1210 4046 1263 4098 p.
1281 4031 1406 4085 682:
1437 4026 1762 4089 „Commen-

463 4100 650 4151 tarius
679 4114 907 4167 qnoque
931 4098 994 4151 in
1022 4097 1292 4163 Psalmos,
1329 4098 1584 4166 quamvis
1611 4099 1762 4167 justo

467 4168 555 4251 sit.
568 4168 856 4239 prolixior,
885 4187 1001 4223 non
1027 4173 1114 4221 est
1141 4170 1520 4238 spernendus:
1549 4169 1763 4225 multas

465 4257 616 4295 enim
644 4241 702 4293 et
727 4240 983 4310 egregias
1023 4239 1083 4291 in
1110 4240 1210 4293 illo
1250 4245 1479 4310 patrum
1520 4240 1761 4309 explica·
1805 4288 1806 4291 ,

1822 2594 2167 2655 catholicam
2215 2599 2276 2653 et
2319 2593 2668 2669 religionem
2717 2612 2760 2650 S·
2801 2591 3111 2651 Benedicti

1824 2680 2052 2765 (1599)
2089 2684 2393 2760 amplexus
2423 2683 2490 2741 in
2520 2682 2814 2740 academia
2845 2682 3107 2740 duacena

1821 2774 2082 2849 linguam
2105 2772 2305 2832 docuit
2323 2771 2685 2841 hebraicam3
2719 2773 2948 2830 creatus
2968 2770 3106 2828 inde

1823 2857 2000 2942 fuit1)
2048 2861 2528 2939 congregationis
2575 2861 2922 2937 anglicanae
2955 2859 3019 2921 Ο.
3054 2852 3109 2920 S.

1822 2953 1963 3009 Ben.
1980 2969 2217 3026 praeses
2233 2950 2527 3027 generalis
2546 2946 2608 3031 (†
2627 2958 2660 3010 2
2673 2960 2705 3012 7
2714 2994 2727 3006 .
2739 2951 2877 3008 Dec.
2900 2960 2925 3011 1
2941 2958 2973 3009 6
2985 2957 3019 3010 3
3032 2944 3108 3030 5).

1822 3039 1966 3113 Ejus
1986 3058 2163 3116 opera
2184 3042 2245 3098 et
2278 3039 2478 3098 studio
2502 3039 2881 3115 prodierunt:
2916 3038 3108 3099 Biblia

1821 3147 1866 3186 s.
1890 3129 2069 3203 juxta
2102 3129 2373 3187 editiones
2404 3136 2535 3186 ante
2564 3129 2966 3186 correctionem
2998 3127 3104 3185 cle-

1822 3219 2133 3275 mentinam
2155 3219 2417 3293 vulyatas
2436 3235 2571 3275 cum
2599 3216 2795 3292 glossa
2815 3215 3110 3274 ordinaria

1821 3306 2084 3381 primum
2134 3326 2167 3364 a
2219 3305 2602 3363 Strabone
2652 3303 2935 3364 Fuldensi
2985 3306 3106 3363 col-

1822 3395 1988 3465 lecta,
2022 3413 2181 3453 nunc
2215 3394 2382 3453 novis
2419 3392 2912 3469 explicationibus
2944 3392 3107 3451 locu-

1820 3484 2064 3559 pletata,
2100 3501 2235 3540 cum
2268 3482 2528 3558 postillis
2560 3481 2792 3539 Nicolai
2824 3479 2896 3538 de
2928 3481 2973 3538 L
2983 3502 3109 3557 yra

1820 3589 2052 3631 necnon
2084 3571 2489 3630 additionibus
2524 3569 2751 3629 Pauli
2782 3570 3105 3646 Burgensis

1821 3665 1882 3719 et
1926 3659 2211 3718 Matthiae
2264 3657 2508 3736 Doringi
2559 3657 2814 3733 repliciS.
2876 3657 2945 3715 In
2990 3658 3107 3718 fine

1822 3751 2112 3825 cujusque
2145 3748 2283 3807 tomi
2320 3748 2687 3822 adjiciuntur
2731 3747 3107 3807 correctionis

1820 3857 2095 3898 romanae
2128 3837 2253 3897 loca
2287 3836 2614 3914 insigniora
2643 3857 2677 3894 a
2697 3837 2899 3895 Franc.
2922 3836 3108 3896 Luca

1819 3928 2116 4004 Brugensi
2136 3928 2386 3986 collecta
2405 3945 2540 3985 cum
2564 3925 2833 4001 ejusdem
2853 3926 3105 3984 Leandri

1820 4017 2196 4093 conjecturis,
2230 4016 2413 4075 Dnaci
2445 4025 2607 4078 1617
2636 4034 2688 4077 v,
2714 4025 2748 4077 6
2771 4015 2836 4072 in
2856 4015 2926 4085 f.;
2953 4016 3104 4073 Ant-

1820 4105 2075 4181 werpiae
2114 4115 2279 4168 1634
2314 4100 2417 4186 (m.
2448 4099 2595 4185 120)
2630 4103 2811 4162 editio
2842 4104 3104 4164 omnium

1820 4196 2044 4270 optima
2081 4194 2283 4269 judice
2316 4195 2393 4252 Le
2425 4194 2604 4268 Long.
2659 4192 2892 4268 Adjecit
2934 4212 3104 4268 prae·

462 4311 653 4366 tiones
678 4312 942 4365 collectas
970 4310 1159 4375 habes,
1185 4314 1252 4364 ut
1277 4329 1379 4380 pro
1408 4311 1620 4365 Catena
1647 4312 1760 4365 fere
1818 4288 1981 4342 terea
2000 4283 2203 4359 Plures
2237 4286 2297 4341 ‘³¹²
2315 4283 2594 4356 antiquos
2618 4284 2926 4348 tractatu*
2961 4301 3104 4339 ΜΕ·

468 4382 739 4436 inservire
767 4382 1000 4451 possit.“

545 4460 585 4519 ⁸)
613 4452 695 4507 Cf.
725 4453 1008 4507 Lauchert
1048 4453 1184 4522 allg.
1212 4453 1266 4506 d.
1291 4454 1372 4508 Bi.
1403 4453 1594 4517 XLIII,
1623 4457 1760 4514 6553

472 4523 890 4595 Sommervogel
937 4523 1084 4588 VIII,
1138 4527 1293 4582 1186.
1341 4559 1408 4566 -—
1454 4524 1759 4595 Philippus

464 4593 562 4649 Ca
578 4612 607 4648 r
622 4612 653 4648 o
670 4595 690 4647 l
705 4595 744 4659 i,
771 4596 1104 4659 Germanus,
1133 4595 1366 4650 Neobur
1406 4595 1572 4661 ensis,
1600 4596 1758 4666 prius

465 4665 848 4731 Lutheranus‚
877 4666 1011 4720 dein
1040 4668 1178 4724 1629
1205 4667 1370 4721 catho
1396 4668 1519 4721 icus
1535 4670 1582 4739 (†
1599 4670 1760 4737 1638)

470 4737 750 4791 nonnulla
775 4738 848 4792 ad
870 4737 1153 4808 exegesim
1174 4740 1487 4861 spectantia
1509 4738 1759 4806 reliquit,

466 4816 618 4874 quae
645 4809 716 4861 cf.
740 4809 802 4862 in
828 4809 903 4864 Le
932 4807 1090 4877 Long
1113 4809 1215 4863 bib
1242 4849 1254 4861 .
1281 4828 1321 4871 e,

1819 4373 1993 4449 lyses,
2040 4372 2338 4448 parallela‚
2386 4371 2620 4429 tabulas
2667 4369 3103 4445 chronologicas

1819 4466 1880 4519 et
1927 4461 2414 4538 prosographicas
2480 4479 2613 4517 cum
2663 4457 2957 4516 indicibus
3010 4475 3103 4515 co-

1818 4550 2185 4626 piosissimis,
2232 4553 2303 4608 ut
2334 4549 2542 4607 merito
2587 4548 2729 4605 haec
2769 4546 2950 4604 editio
2985 4545 3102 4604 dici

1894 4742 1937 4861 ’ὲ
1964 4737 2135 4818 Plura
2161 4737 2230 4789 cf.
2270 4754 2360 4806 ap.
2389 4735 2767 4804 Ziegelbauer,
2805 4751 2861 4803 p.
2888 4739 2938 4789 2.
2978 4751 3019 4787 c.
3051 4738 3099 4789 1.

1821 4825 1908 4862 sec
1940 4851 1951 4863 .
1977 4812 2040 4881 33
2069 4807 2275 4862 Glllow
2301 4809 2394 4873 ΙΙΙ,
2422 4811 2650 4865 660-6.
