3625 5193
448 278 577 333 937
1173 261 1420 315 'rhomae
1448 260 1802 333 interpretes,
1832 263 2047 317 Xantes
2074 260 2353 317 Mariales.
2945 280 3069 334 933

445 447 726 506 ciliorum
759 450 820 505 et
849 445 1155 506 bullarum
1188 466 1223 506 a
1253 447 1309 509 d.
1339 449 1514 507 Petro
1546 466 1739 524 usque
1793 449 1993 508 virum
2005 467 2142 509 eum
2155 448 2341 507 fuisse
2355 445 3077 526 testanturhaecoperal):

451 536 523 594 ad
586 537 962 612 praesentem
1033 555 1329 595 summum
1398 536 1738 613 pontificem
1794 539 2145 599 Bibliotheca
2193 539 2568 613 interpretum
2618 538 2698 595 ad
2744 539 3075 596 universam

442 643 581 684 cum
604 623 970 701 expositione
989 625 1253 685 laconica
1267 625 1738 701 paraphrastica:
1794 627 2097 687 Summam
2128 647 2174 688 3.
2200 626 2447 684 T’homae
2484 627 2592 702 Δρ.
2618 675 2631 689 .
2653 668 2666 681 .
2688 673 2701 686 .
2721 626 2780 687 h.
2810 645 2858 685 e.
2891 628 3076 685 solers

441 713 633 772 etiam
685 713 965 789 applicati
1011 714 1086 772 ad
1131 732 1206 773 ss.
1258 732 1513 774 canones
1558 718 1619 773 et
1662 715 1738 773 ad
1792 735 2035 776 examen
2049 717 2483 785 universorum,
2518 733 2670 792 quae
2703 734 2739 774 a
2768 714 3076 789 scriptori·

447 802 799 879 margaritas
830 801 1204 862 abecedarias
1238 821 1485 863 casuum
1511 804 1735 862 consci-
1790 805 1906 865 bus
1949 807 2410 882 quibuscunque
2454 806 2584 864 tum
2633 803 2900 878 antiquis
2942 807 3075 863 tum

449 891 647 950 entiae
692 909 799 967 pro
848 890 1287 951 confessoribus
1318 895 1426 950 etc.
1460 937 1472 949 .
1507 936 1520 949 .
1555 935 1568 949 .
1601 910 1735 952 cum
1792 895 2132 955 recentibus
2163 893 2239 955 ad
2272 893 2681 952 scholasticam
2721 893 3078 970 theologiam

443 979 731 1056 apostilla
778 979 1125 1040 abecedaria
1172 981 1439 1040 omnium
1491 1000 1733 1041 casuum
1791 983 2082 1042 hactenus
2126 982 2404 1059 evulgata
2449 984 2624 1041 sunt:
2687 1001 2821 1042 cum
2865 982 3075 1058 primis

444 1068 858 1138 conscientiae,
892 1087 1276 1128 censurarum
1315 1073 1376 1129 et
1408 1088 1735 1129 sacramen·
1793 1091 1930 1132 vero
1976 1073 2272 1132 uberrime
2316 1070 2697 1148 exagitantur
2739 1073 3075 1130 nostrorum

451 1162 652 1218 torum
674 1162 736 1217 et
756 1176 1000 1216 casuum
1020 1162 1454 1218 reservatorum
1489 1178 1559 1219 ex
1578 1158 1735 1218 anti·
1793 1163 2128 1237 temporum
2161 1159 2556 1231 curiositates,
2609 1160 2761 1218 circa
2791 1178 2940 1236 quas
2971 1178 3077 1219 no·

440 1248 586 1323 quis
606 1250 670 1306 et
689 1246 1120 1305 recentioribus
1142 1248 1439 1319 casuistis,
1458 1248 1538 1309 ib.
1567 1258 1641 1311 16
1654 1257 1730 1310 42

451 1337 515 1394 in
540 1344 615 1398 12
635 1356 648 1404 ;
682 1335 990 1409 Expositio
1009 1337 1263 1395 laconica
1274 1337 1736 1413 paraphrastica

447 1426 704 1483 omnium
760 1425 1050 1484 bullarum
1082 1427 1162 1484 ad
1191 1444 1421 1485 sensum
1449 1428 1739 1501 prooemii

445 1533 519 1572 ex
538 1513 733 1590 prima
750 1514 863 1572 sub
883 1514 938 1572 d.
958 1514 1132 1574 Petro
1152 1533 1346 1590 usque
1364 1514 1439 1574 ad
1458 1532 1738 1591 praesen-

449 1606 569 1661 tem
603 1621 902 1663 summum
935 1601 1275 1678 pontificem
1321 1608 1529 1662 contra
1561 1603 1610 1673 Q
1622 1624 1664 1663 u
1680 1624 1738 1662 a·

448 1696 629 1750 rant
648 1711 773 1762 am,
793 1691 1735 1766 Capelianum,Novarium‚

452 1780 941 1839 cherubinos
973 1783 1204 1855 patrem
1238 1784 1300 1839 et
1330 1780 1516 1840 filium
1548 1785 1611 1841 et
1640 1799 1734 1840 ce-

451 1872 614 1928 teros
646 1866 1011 1938 bullaristas‚
1053 1870 1160 1945 qui
1191 1869 1491 1947 incipiunt
1520 1870 1737 1929 solum-

442 1957 618 2016 modo
664 1977 732 2016 ex
766 1957 1050 2033 Gregorio
1084 1958 1212 2017 VII.
1242 1978 1291 2017 a.
1333 1967 1520 2029 1073,
1571 1959 1734 2018 dere·

453 2045 738 2122 linquunt
770 2046 949 2105 etiam
967 2047 1296 2106 multorum
1317 2047 1570 2107 aliorum
1590 2066 1737 2124 pon-

451 2134 680 2193 tificum
710 2135 906 2194 bullas
950 2137 1088 2212 post
1132 2136 1512 2213 Gregorium:
1563 2135 1738 2196 modo

449 2241 586 2283 vere
617 2224 999 2283 adducuntur
1030 2242 1251 2295 omnes,
1298 2225 1386 2283 ita
1415 2227 1486 2284 ut
1529 2225 1738 2283 nullus

447 2316 754 2382 remaneat
771 2313 1055 2388 pontifex,
1090 2315 1195 2390 qui
1216 2332 1338 2372 non
1357 2314 1598 2373 fecisset
1619 2314 1737 2373 sal-

450 2406 574 2460 tem
593 2421 774 2460 unam
797 2402 1030 2462 bullam
1050 2421 1156 2461 seu
1180 2402 1610 2463 ordinationem
1627 2405 1737 2462 etc.

1791 1250 2007 1309 vitiosa
2023 1249 2386 1310 modernitas
2405 1248 2688 1308 adversus
2712 1248 3079 1325 sapientissi-

1792 1359 1951 1397 mam
1970 1339 2387 1414 antiquitatem
2404 1341 2719 1414 tantopere
2734 1337 3081 1397 discruciari

1792 1427 2050 1498 videtur,
2075 1427 2340 1487 Venetiis
2368 1437 2531 1491 1660
2567 1446 2621 1485 v.
2658 1435 2696 1487 4
2731 1427 2795 1484 in
2825 1427 2864 1484 f.
2897 1426 2962 1485 in
2981 1445 3078 1503 qq.

1803 1526 1853 1578 1.
1884 1536 1941 1592 p.
1970 1525 2557 1586 1-10-14-46,
2591 1534 2723 1575 cum
2745 1515 3080 1575 relectioni-

1792 1607 1908 1664 bus
1949 1616 2024 1668 16
2059 1605 2133 1663 ad
2164 1625 2219 1682 q.
2261 1616 2356 1667 14.
2390 1606 2462 1663 de
2493 1605 2739 1664 scientia
2768 1604 2894 1674 Dei,
2945 1608 3007 1664 et
3042 1615 3076 1666 9

1794 1695 1868 1753 ad
1907 1714 1960 1770 q.
2006 1705 2055 1758 1.
2091 1693 2529 1770 prooemialem,
2570 1711 2718 1770 opus
2751 1712 2951 1752 rarum
2984 1689 3081 1775 (fr.

1803 1778 1970 1864 130).
2016 1784 2264 1842 Decreto
2295 1786 2494 1842 tamen
2527 1801 2570 1840 s.
2604 1782 3081 1859 congregationis

1793 1871 2009 1931 indicis
2045 1880 2145 1936 20.
2179 1873 2320 1931 Jun.
2359 1880 2524 1934 1662
2567 1872 2865 1948 quondam
2903 1871 3079 1947 jube-

1793 1961 1976 2020 batur
2034 1961 2296 2038 expungi
2358 1960 2754 2020 controversia
2806 1960 3080 2037 prolego-

1794 2069 1968 2109 mena
1997 2053 2041 2113 t.
2083 2060 2133 2112 l.
2179 2050 2462 2109 adversus
2506 2052 2819 2108 novatores
2865 2048 2939 2107 ob
2986 2049 3025 2107 J
3028 2067 3078 2106 o.

1792 2139 1860 2196 Β.
1893 2139 2129 2197 Pozae
2160 2132 2257 2217 (cf.
2279 2157 2463 2213 supra
2486 2157 2542 2213 p.
2566 2132 2721 2218 932)
2756 2137 3078 2195 sociorum-

1793 2245 1911 2303 que
1945 2223 2001 2308 (e
2034 2226 2317 2285 societate
2332 2228 2371 2286 J
2373 2223 2504 2300 esu)
2537 2225 2867 2284 doctrinam
2888 2225 3081 2284 acrius

1793 2316 2191 2392 perstrictam,
2226 2319 2299 2374 ut
2328 2317 2589 2374 testatur
2617 2314 2861 2373 Echard.
2895 2314 3078 2372 Maxi-

1794 2405 1910 2463 mis
1943 2422 2084 2463 vero
2130 2404 2412 2463 encomiis
2462 2402 2694 2462 extollit
2725 2421 2769 2461 s.
2804 2403 3085 2462 Thomam

450 2507 582 2548 cum
606 2490 786 2550 variis
818 2492 1265 2568 appendicibus,
1299 2491 1542 2568 Neapoli
1570 2503 1595 2554 1
1612 2501 1735 2556 645
1795 2513 1933 2553 eum
1954 2512 2169 2552 vocans
2194 2493 2522 2562 ,calamum
2544 2495 2605 2550 et
2619 2492 2892 2569 linguam
2912 2493 3084 2568 quasi

447 2579 514 2639 in
545 2581 617 2651 f.;
658 2589 842 2643 1649.
865 2580 1323 2658 Enoyclopaedia
1341 2581 1377 2640 i.
1399 2601 1448 2642 e.
1475 2580 1739 2642 omnium
1796 2583 2262 2643 instrumentum
2314 2581 2678 2658 disjunctum
2724 2580 3079 2653 divinitatis,

451 2670 839 2728 scientiarum
871 2669 1132 2729 circulus
1164 2670 1239 2729 ad
1259 2689 1503 2731 sensum
1534 2689 1740 2748 prooe-
1795 2692 1947 2749 quae
1980 2672 2184 2731 fallere
2216 2671 2461 2747 fallique
2506 2689 2623 2729 non
2656 2673 2929 2747 potest3‘
2980 2671 3085 2745 qui

452 2759 555 2817 mii
604 2759 667 2816 in
717 2758 797 2816 IV
850 2759 910 2816 ll.
944 2762 1149 2819 contra
1180 2765 1392 2837 gentes
1413 2805 1427 2831 ,
1490 2760 1741 2836 Neapoli
1799 2762 2089 2831 ,sortitus
2133 2765 2227 2820 est
2257 2780 2291 2819 a
2320 2762 2441 2820 Deo
2483 2760 2704 2819 donum
2751 2759 3080 2818 infallibili-

462 2857 622 2909 1652
659 2850 769 2909 etc.
1796 2851 2005 2921 tatis,‘
2042 2850 2187 2927 ,qui
2209 2849 2462 2908 habebat
2484 2848 2885 2908 assistentiam
2897 2849 3081 2925 Spiri-

1796 2944 1898 2998 tus
1933 2958 1975 2997 s,
2008 2943 2080 2997 ut
2112 2957 2500 3015 quaecunque
2542 2938 2827 2997 scriberet
2858 2938 3086 2997 lumine

546 3034 687 3089 397.
711 3025 887 3084 Multi
908 3025 974 3083 in
994 3027 1334 3102 exponendo
1355 3044 1401 3088 a.
1421 3021 1738 3106 Thoma1)
1797 3028 1937 3105 plus
1969 3047 2146 3102 quam
2180 3028 2438 3087 humano
2471 3027 2814 3087 scriberet.‘
2867 3027 3086 3086 Dolen-

451 3113 672 3172 versati
707 3117 869 3185 sunt,
925 3132 992 3173 ex
1038 3114 1259 3190 quibus
1305 3115 1535 3190 primus
1582 3133 1740 3174 com·
1797 3116 1942 3176 dum
1962 3120 2164 3175 tamen
2182 3119 2272 3176 est
2302 3136 2428 3176 eam
2450 3116 2774 3175 editionem
2796 3112 3084 3196 (unicam)

452 3204 866 3262 memorandus
904 3206 998 3261 est
1034 3203 1256 3262 Xantes
1294 3203 1660 3263 Mariales
1710 3223 1741 3261 e
1800 3205 2127 3263 innumeris
2160 3205 2381 3264 foedari
2411 3205 2662 3263 mendiS.
2699 3204 2853 3262 Eum
2885 3223 3084 3280 agres-

453 3291 641 3350 nobili
662 3291 884 3350 familia
896 3292 1159 3362 Pinardi‚
1176 3291 1458 3355 O.Praed.
1476 3293 1740 3352 Venetus
1797 3312 1902 3354 sus
1935 3297 2025 3353 est
2056 3294 2127 3351 ad
2161 3293 2415 3353 tuendos
2438 3310 2441 3313 ’
2468 3292 2697 3352 sodales
2726 3292 2876 3350 Hon.
2909 3292 3086 3350 Fabri

452 3399 512 3438 n.
546 3380 699 3439 circa
730 3400 780 3439 a.
809 3389 995 3450 1580,
1029 3381 1122 3439 vir
1149 3381 1406 3458 insignis
1440 3382 1741 3441 doctrinae
1796 3385 1955 3443 tecto
2000 3383 2239 3442 nomine
2271 3382 2392 3441 scil.
2439 3381 2552 3440 sub
2593 3381 2831 3440 nomine
2862 3380 3081 3439 Ludov.

450 3473 634 3543 atque
666 3468 925 3540 virtuti8‚
975 3470 1219 3530 lectioni
1264 3472 1325 3529 et
1365 3471 1622 3531 orationi
1668 3472 1742 3529 ad
1798 3471 2044 3532 carterii
2087 3472 2151 3529 in
2197 3472 2235 3528 1.
2267 3471 2443 3529 Justa
2493 3470 2869 3545 expostulatio
2914 3469 2986 3527 de
3019 3470 3082 3532 P.

453 3558 817 3635 decrepitam
837 3576 1029 3633 usque
1062 3561 1315 3618 aetatem
1341 3560 1512 3618 unice
1544 3560 1741 3619 inten-
1797 3561 1872 3619 M.
1905 3561 2127 3619 Xantes
2173 3559 2443 3617 Mariales
2490 3559 2556 3620 O.
2587 3560 2650 3616 P.
2698 3560 2936 3617 auctore
2981 3558 3084 3615 Bi-

446 3651 555 3705 tus
590 3643 650 3728 (†
690 3641 903 3728 1660),
951 3647 1057 3722 qui
1087 3648 1267 3706 etiam
1298 3651 1541 3725 propter
1569 3649 1740 3708 lucu·
1796 3648 2128 3709 bliothecae
2200 3648 2598 3723 interpretum
2621 3691 2634 3716 ‚
2713 3647 2820 3723 qui
2881 3650 3085 3705 tamen

453 3736 753 3795 brationes
817 3736 1025 3813 lingua
1073 3737 1309 3813 vulgari
1357 3756 1464 3813 pro
1512 3736 1742 3796 romani
1798 3736 2140 3813 prohibitus
2173 3736 2293 3794 fuit
2328 3745 2383 3799 2.
2417 3735 2542 3797 Oct.
2582 3743 2768 3798 1673.
2807 3735 3083 3794 Praeive·

452 3825 751 3902 pontificis
783 3828 1080 3903 potestate
1112 3826 1300 3885 editas
1332 3846 1367 3884 a
1397 3829 1608 3885 senatu
1639 3845 1739 3885 ve·
1798 3830 1963 3887 rant:
1999 3826 2432 3884 Controversiae
2460 3825 2538 3883 ad
2566 3826 2897 3883 universam
2928 3843 3082 3883 sum-

455 3917 592 3973 neto
624 3934 655 3973 e
688 3914 965 3974 coenobio
1015 3933 1124 3974 suo
1155 3916 1382 3991 ejectus
1426 3915 1547 3974 fuit
1586 3917 1648 3974 et
1677 3916 1743 3973 in
1797 3936 1952 3974 mam
1983 3916 2288 3992 theoloqiae
2316 3934 2363 3978 s,
2397 3915 2647 3972 Thomas
2676 3914 2805 3990 Aq„
2840 3932 2940 3972 nec
2969 3932 3085 3972 non

445 4003 726 4062 exsilium
759 4004 990 4079 pulsus,
1023 4007 1097 4063 ut
1125 4003 1302 4063 modo
1321 4004 1738 4076 Mediolanum,
1798 4007 1878 4064 ad
1912 4007 1951 4062 4
1982 4006 2037 4062 ll.
2070 4005 2339 4080 maqistri
2368 4004 2543 4079 Sena,
2597 4003 2661 4062 in
2691 4003 2915 4079 quibus
2959 4004 3082 4079 pri·

451 4092 628 4152 -modo
643 4092 975 4152 Ferrariam
991 4092 1086 4152 vel
1098 4093 1423 4152 Bononiam
1442 4093 1535 4151 illi
1553 4092 1742 4152 fuerit

448 4182 945 4258 confugiendum:
992 4181 1230 4240 demum
1262 4182 1316 4240 ei
1346 4181 1622 4240 Venetiae
1666 4182 1740 4239 li-

446 4270 582 4328 cuit
612 4270 821 4329 redire.
853 4269 1240 4329 Laboriosum
1273 4289 1340 4329 ac
1367 4270 1739 4347 ingeniosum

1879 4177 1916 4245 ¹)
1943 4173 2027 4229 cf.
2055 4171 2340 4226 Echard
2368 4173 2435 4239 11,
2461 4177 2643 4245 600s;
2683 4171 2935 4242 Morgott
2972 4171 3084 4226 KL.

1798 4244 1947 4309 vm,
1976 4248 2070 4301 791
2086 4248 2240 4310 —95,
2268 4243 2371 4313 qui
2396 4244 2466 4298 de
2492 4261 2559 4299 eo
2585 4242 2808 4298 scribit:
2833 4242 2941 4295 Mit
2965 4258 3085 4294 um·

1800 4315 2088 4370 fassender
2103 4314 2554 4370 Gelehrsamkeit
2572 4313 2871 4368 verbindet
2887 4329 2948 4366 er
3068 4343 3086 4353 -

1799 4388 1901 4440 ssen
1930 4386 2277 4452 Scharfsinn,
2317 4385 2661 4457 polemische
2688 4382 2966 4437 Gewandt
3007 4382 3087 4437 eit

528 4462 570 4530 ¹)
597 4458 781 4540 Hujus
802 4460 1072 4540 Summam
1101 4461 1438 4541 thpoloyieam
1465 4476 1499 4512 a.
1517 4456 1744 4512 mendis
1798 4458 1919 4511 und
1948 4458 2072 4512 eine
2132 4458 2328 4540 ewisse
2354 4455 2752 4540 Leichtigkeit,
2787 4452 3086 4535 scheinbar

453 4529 1743 4674 ffi‘ttsstxissffiffi‘t}ffiffizifssssassi
1840 4529 2251 4655 gfflmff
2270 4523 3084 4653 itnsisstssethsssstssffisssssssffi

456 4673 513 4724 et
536 4670 755 4745 purior)
782 4669 1086 4742 Gregorius
1112 4671 1159 4725 D
1177 4673 1426 4727 onatus
1455 4669 1517 4725 O.
1544 4670 1743 4727 Praed.
1799 4670 2121 4737 Bitterkeit‚
2144 4670 2295 4726 aeine
2308 4668 2674 4738 Darstellung
2692 4668 2771 4723 ist
2788 4666 2931 4733 klnr,
2949 4666 3086 4721 aber

456 4740 759 4886 {³333an
801 4743 1070 4813 magister
1109 4761 1151 4798 s.
1177 4742 1387 4797 Palatii
1426 4746 1474 4814 (†
1499 4746 1586 4799 21.
1611 4742 1745 4814 Maj.
1799 4742 1961 4867 brgit,
2008 4742 2109 4797 das
2127 4741 2356 4824 ‘Latein
2396 4741 2477 4794 ist
2518 4740 2606 4794 oft
2660 4738 2921 4810 helperig
2963 4736 3084 4793 und

624 4855 635 4867 .
1800 4828 1860 4869 sc
1905 4811 2199 4884 werssfflig.
