<?xml version="1.0" encoding="UTF-8"?>
<!DOCTYPE html PUBLIC "-//W3C//DTD XHTML 1.0 Transitional//EN"
    "http://www.w3.org/TR/xhtml1/DTD/xhtml1-transitional.dtd">
<html xmlns="http://www.w3.org/1999/xhtml" xml:lang="en" lang="en">
 <head>
  <title>
</title>
<meta http-equiv="Content-Type" content="text/html;charset=utf-8" />
  <meta name='ocr-system' content='tesseract 3.04.00' />
  <meta name='ocr-capabilities' content='ocr_page ocr_carea ocr_par ocr_line ocrx_word'/>
</head>
<body>
  <div class='ocr_page' id='page_1' title='image "./nomenclatorlite11hurtgoog_0105.png"; bbox 0 0 3625 5193; ppageno 0'>
   <div class='ocr_carea' id='block_1_1' title="bbox 365 289 481 343">
    <p class='ocr_par' dir='ltr' id='par_1_1' title="bbox 365 289 481 343">
     <span class='ocr_line' id='line_1_1' title="bbox 365 289 481 343; baseline 0.009 -1"><span class='ocrx_word' id='word_1_1' title='bbox 365 289 481 343; x_wconf 86' lang='lat'><strong>193</strong></span> 
     </span>
    </p>
   </div>
   <div class='ocr_carea' id='block_1_2' title="bbox 353 456 1636 1510">
    <p class='ocr_par' dir='ltr' id='par_1_2' title="bbox 353 456 1636 1510">
     <span class='ocr_line' id='line_1_2' title="bbox 355 456 1628 534; baseline -0.002 -18"><span class='ocrx_word' id='word_1_2' title='bbox 355 458 684 534; x_wconf 77' lang='lat' dir='ltr'><strong>theologiae</strong></span> <span class='ocrx_word' id='word_1_3' title='bbox 716 456 992 533; x_wconf 78' lang='lat' dir='ltr'>dogmata</span> <span class='ocrx_word' id='word_1_4' title='bbox 1023 458 1236 532; x_wconf 87' lang='lat' dir='ltr'><strong>purius</strong></span> <span class='ocrx_word' id='word_1_5' title='bbox 1268 460 1447 532; x_wconf 77' lang='lat' dir='ltr'><strong>atque</strong></span> <span class='ocrx_word' id='word_1_6' title='bbox 1486 457 1628 516; x_wconf 87' lang='lat' dir='ltr'><strong>niti-</strong></span> 
     </span>
     <span class='ocr_line' id='line_1_3' title="bbox 355 546 1631 621; baseline -0.001 -16"><span class='ocrx_word' id='word_1_7' title='bbox 355 547 487 605; x_wconf 84' lang='lat' dir='ltr'><strong>dius</strong></span> <span class='ocrx_word' id='word_1_8' title='bbox 518 546 907 621; x_wconf 78' lang='lat' dir='ltr'><strong>explicarunt,</strong></span> <span class='ocrx_word' id='word_1_9' title='bbox 951 547 1123 621; x_wconf 89' lang='lat' dir='ltr'><strong>pauci</strong></span> <span class='ocrx_word' id='word_1_10' title='bbox 1170 564 1396 605; x_wconf 89' lang='lat' dir='ltr'><strong>errores</strong></span> <span class='ocrx_word' id='word_1_11' title='bbox 1445 549 1631 605; x_wconf 90' lang='lat' dir='ltr'><strong>secta-</strong></span> 
     </span>
     <span class='ocr_line' id='line_1_4' title="bbox 355 635 1631 710; baseline -0.001 -16"><span class='ocrx_word' id='word_1_12' title='bbox 355 636 575 694; x_wconf 84' lang='lat' dir='ltr'>riorum</span> <span class='ocrx_word' id='word_1_13' title='bbox 606 635 984 710; x_wconf 80' lang='lat' dir='ltr'><strong>eloquentius</strong></span> <span class='ocrx_word' id='word_1_14' title='bbox 1014 638 1194 710; x_wconf 88' lang='lat' dir='ltr'><strong>atque</strong></span> <span class='ocrx_word' id='word_1_15' title='bbox 1219 636 1474 693; x_wconf 82' lang='lat' dir='ltr'><strong>validius</strong></span> <span class='ocrx_word' id='word_1_16' title='bbox 1494 654 1631 694; x_wconf 88' lang='lat' dir='ltr'><strong>con·</strong></span> 
     </span>
     <span class='ocr_line' id='line_1_5' title="bbox 355 724 1631 783; baseline 0 -1"><span class='ocrx_word' id='word_1_17' title='bbox 355 725 689 783; x_wconf 79' lang='lat' dir='ltr'><strong>futarunt.‘</strong></span> <span class='ocrx_word' id='word_1_18' title='bbox 728 724 1076 782; x_wconf 79' lang='lat' dir='ltr'><strong>Academiae</strong></span> <span class='ocrx_word' id='word_1_19' title='bbox 1126 724 1362 782; x_wconf 89' lang='lat' dir='ltr'><strong>nomine</strong></span> <span class='ocrx_word' id='word_1_20' title='bbox 1412 724 1631 782; x_wconf 73' lang='lat' dir='ltr'><strong>doctri-</strong></span> 
     </span>
     <span class='ocr_line' id='line_1_6' title="bbox 353 813 1634 888; baseline -0.001 -17"><span class='ocrx_word' id='word_1_21' title='bbox 353 833 461 872; x_wconf 87' lang='lat' dir='ltr'><strong>nae</strong></span> <span class='ocrx_word' id='word_1_22' title='bbox 495 814 728 872; x_wconf 90' lang='lat' dir='ltr'><strong>schema</strong></span> <span class='ocrx_word' id='word_1_23' title='bbox 760 813 1089 888; x_wconf 80' lang='lat' dir='ltr'><strong>composuit</strong></span> <span class='ocrx_word' id='word_1_24' title='bbox 1126 813 1634 888; x_wconf 80' lang='lat' dir='ltr'><strong>propositionibus</strong></span> 
     </span>
     <span class='ocr_line' id='line_1_7' title="bbox 356 897 1620 982; baseline 0.003 -22"><span class='ocrx_word' id='word_1_25' title='bbox 356 904 481 977; x_wconf 84' lang='lat' dir='ltr'><strong>Baji</strong></span> <span class='ocrx_word' id='word_1_26' title='bbox 529 902 873 977; x_wconf 87' lang='lat' dir='ltr'><strong>oppositum</strong></span> <span class='ocrx_word' id='word_1_27' title='bbox 919 897 1012 982; x_wconf 89' lang='lat' dir='ltr'><strong>(cf.</strong></span> <span class='ocrx_word' id='word_1_28' title='bbox 1054 902 1235 976; x_wconf 88' lang='lat' dir='ltr'><strong>hujus</strong></span> <span class='ocrx_word' id='word_1_29' title='bbox 1268 920 1359 977; x_wconf 91' lang='lat' dir='ltr'><strong>op.</strong></span> <span class='ocrx_word' id='word_1_30' title='bbox 1392 902 1467 972; x_wconf 93' lang='grc' dir='ltr'><strong>ΙΙ,</strong></span> <span class='ocrx_word' id='word_1_31' title='bbox 1509 912 1620 964; x_wconf 89' lang='grc'><strong>161</strong></span> 
     </span>
     <span class='ocr_line' id='line_1_8' title="bbox 356 991 1634 1071; baseline -0.001 -22"><span class='ocrx_word' id='word_1_32' title='bbox 356 992 486 1071; x_wconf 88' lang='lat' dir='ltr'><strong>ss.):</strong></span> <span class='ocrx_word' id='word_1_33' title='bbox 531 993 795 1050; x_wconf 89' lang='lat' dir='ltr'><strong>ceterum</strong></span> <span class='ocrx_word' id='word_1_34' title='bbox 825 995 1024 1066; x_wconf 88' lang='lat' dir='ltr'><strong>partes</strong></span> <span class='ocrx_word' id='word_1_35' title='bbox 1057 1007 1294 1069; x_wconf 88' lang='lat' dir='ltr'><strong>quoque</strong></span> <span class='ocrx_word' id='word_1_36' title='bbox 1327 991 1540 1049; x_wconf 91' lang='lat' dir='ltr'><strong>habuit</strong></span> <span class='ocrx_word' id='word_1_37' title='bbox 1571 991 1634 1048; x_wconf 90' lang='lat' dir='ltr'><strong>in</strong></span> 
     </span>
     <span class='ocr_line' id='line_1_9' title="bbox 354 1079 1633 1139; baseline -0.003 0"><span class='ocrx_word' id='word_1_38' title='bbox 354 1080 774 1139; x_wconf 87' lang='lat' dir='ltr'><strong>conscribenda</strong></span> <span class='ocrx_word' id='word_1_39' title='bbox 810 1098 1063 1137; x_wconf 84' lang='lat' dir='ltr'><strong>censura</strong></span> <span class='ocrx_word' id='word_1_40' title='bbox 1108 1080 1393 1138; x_wconf 86' lang='lat' dir='ltr'><strong>adversus</strong></span> <span class='ocrx_word' id='word_1_41' title='bbox 1443 1079 1633 1138; x_wconf 88' lang='lat' dir='ltr'><strong>Lessii</strong></span> 
     </span>
     <span class='ocr_line' id='line_1_10' title="bbox 353 1168 1636 1227; baseline -0.001 0"><span class='ocrx_word' id='word_1_42' title='bbox 353 1169 694 1227; x_wconf 88' lang='lat' dir='ltr'><strong>doctrinam.</strong></span> <span class='ocrx_word' id='word_1_43' title='bbox 728 1170 892 1227; x_wconf 85' lang='lat' dir='ltr'><strong>Inter</strong></span> <span class='ocrx_word' id='word_1_44' title='bbox 924 1168 1038 1226; x_wconf 89' lang='lat' dir='ltr'><strong>alia</strong></span> <span class='ocrx_word' id='word_1_45' title='bbox 1069 1169 1257 1227; x_wconf 79' lang='lat' dir='ltr'><strong>edidit</strong></span> <span class='ocrx_word' id='word_1_46' title='bbox 1281 1169 1349 1226; x_wconf 82' lang='lat' dir='ltr'><strong>de</strong></span> <span class='ocrx_word' id='word_1_47' title='bbox 1380 1169 1636 1227; x_wconf 81' lang='lat' dir='ltr'><strong>libertate</strong></span> 
     </span>
     <span class='ocr_line' id='line_1_11' title="bbox 353 1257 1632 1332; baseline 0.004 -17"><span class='ocrx_word' id='word_1_48' title='bbox 353 1260 673 1316; x_wconf 70' lang='lat' dir='ltr'><strong>christiana</strong></span> <span class='ocrx_word' id='word_1_49' title='bbox 724 1258 785 1319; x_wconf 91' lang='lat' dir='ltr'><strong>ll.</strong></span> <span class='ocrx_word' id='word_1_50' title='bbox 837 1257 957 1327; x_wconf 87' lang='lat' dir='ltr'><strong>XV,</strong></span> <span class='ocrx_word' id='word_1_51' title='bbox 1017 1257 1379 1332; x_wconf 84' lang='lat' dir='ltr'><strong>Antverpiae</strong></span> <span class='ocrx_word' id='word_1_52' title='bbox 1447 1267 1632 1326; x_wconf 87' lang='lat'><strong>1590,</strong></span> 
     </span>
     <span class='ocr_line' id='line_1_12' title="bbox 362 1346 1634 1423; baseline -0.001 -18"><span class='ocrx_word' id='word_1_53' title='bbox 362 1366 548 1423; x_wconf 87' lang='lat' dir='ltr'><strong>,quos</strong></span> <span class='ocrx_word' id='word_1_54' title='bbox 595 1346 833 1422; x_wconf 90' lang='lat' dir='ltr'><strong>quidem</strong></span> <span class='ocrx_word' id='word_1_55' title='bbox 880 1346 1077 1415; x_wconf 88' lang='lat' dir='ltr'><strong>libros,</strong></span> <span class='ocrx_word' id='word_1_56' title='bbox 1121 1347 1321 1422; x_wconf 89' lang='lat' dir='ltr'><strong>inquit</strong></span> <span class='ocrx_word' id='word_1_57' title='bbox 1365 1346 1634 1405; x_wconf 82' lang='lat' dir='ltr'><strong>Possevi-</strong></span> 
     </span>
     <span class='ocr_line' id='line_1_13' title="bbox 355 1434 1632 1510; baseline 0 -16"><span class='ocrx_word' id='word_1_58' title='bbox 355 1454 486 1505; x_wconf 78' lang='lat' dir='ltr'><strong>nu8‚</strong></span> <span class='ocrx_word' id='word_1_59' title='bbox 520 1436 665 1494; x_wconf 88' lang='lat' dir='ltr'><strong>bibl.</strong></span> <span class='ocrx_word' id='word_1_60' title='bbox 699 1434 798 1493; x_wconf 89' lang='lat' dir='ltr'><strong>sel.</strong></span> <span class='ocrx_word' id='word_1_61' title='bbox 830 1435 875 1505; x_wconf 86' lang='grc' dir='ltr'><strong>Ι,</strong></span> <span class='ocrx_word' id='word_1_62' title='bbox 915 1444 1013 1506; x_wconf 84' lang='grc'><strong>26,</strong></span> <span class='ocrx_word' id='word_1_63' title='bbox 1059 1436 1311 1493; x_wconf 81' lang='lat' dir='ltr'><strong>maxime</strong></span> <span class='ocrx_word' id='word_1_64' title='bbox 1341 1454 1632 1510; x_wconf 89' lang='lat' dir='ltr'><strong>cuperem,</strong></span> 
     </span>
    </p>
   </div>
   <div class='ocr_carea' id='block_1_3' title="bbox 1389 271 1946 338">
    <p class='ocr_par' dir='ltr' id='par_1_3' title="bbox 1389 271 1946 338">
     <span class='ocr_line' id='line_1_14' title="bbox 1389 271 1946 338; baseline 0.007 -14"><span class='ocrx_word' id='word_1_65' title='bbox 1389 271 1577 338; x_wconf 89' lang='lat' dir='ltr'><strong>Vicus,</strong></span> <span class='ocrx_word' id='word_1_66' title='bbox 1605 272 1946 328; x_wconf 88' lang='lat' dir='ltr'><strong>Torrentius.</strong></span> 
     </span>
    </p>
   </div>
   <div class='ocr_carea' id='block_1_4' title="bbox 2850 290 2969 342">
    <p class='ocr_par' dir='ltr' id='par_1_4' title="bbox 2850 290 2969 342">
     <span class='ocr_line' id='line_1_15' title="bbox 2850 290 2969 342; baseline 0 -1"><span class='ocrx_word' id='word_1_67' title='bbox 2850 290 2969 342; x_wconf 82' lang='lat'><strong>194</strong></span> 
     </span>
    </p>
   </div>
   <div class='ocr_carea' id='block_1_5' title="bbox 1689 457 2973 1071">
    <p class='ocr_par' dir='ltr' id='par_1_5' title="bbox 1689 457 2973 1071">
     <span class='ocr_line' id='line_1_16' title="bbox 1689 457 2973 532; baseline 0 -17"><span class='ocrx_word' id='word_1_68' title='bbox 1689 490 1775 500; x_wconf 92' lang='lat'>—</span> <span class='ocrx_word' id='word_1_69' title='bbox 1796 458 2087 515; x_wconf 89' lang='lat' dir='ltr'><strong>Henricus</strong></span> <span class='ocrx_word' id='word_1_70' title='bbox 2120 458 2349 516; x_wconf 91' lang='lat' dir='ltr'><strong>Vicus</strong></span> <span class='ocrx_word' id='word_1_71' title='bbox 2384 457 2788 522; x_wconf 84' lang='lat' dir='ltr'><strong>Vallencenae‚</strong></span> <span class='ocrx_word' id='word_1_72' title='bbox 2818 476 2973 532; x_wconf 92' lang='lat' dir='ltr'><strong>quae</strong></span> 
     </span>
     <span class='ocr_line' id='line_1_17' title="bbox 1689 544 2971 627; baseline 0.002 -22"><span class='ocrx_word' id='word_1_73' title='bbox 1689 549 1781 605; x_wconf 91' lang='lat' dir='ltr'><strong>est</strong></span> <span class='ocrx_word' id='word_1_74' title='bbox 1827 547 1970 605; x_wconf 89' lang='lat' dir='ltr'><strong>urbs</strong></span> <span class='ocrx_word' id='word_1_75' title='bbox 2016 547 2379 617; x_wconf 88' lang='lat' dir='ltr'><strong>Hannoniae‚</strong></span> <span class='ocrx_word' id='word_1_76' title='bbox 2444 551 2622 605; x_wconf 86' lang='lat' dir='ltr'><strong>natus</strong></span> <span class='ocrx_word' id='word_1_77' title='bbox 2683 544 2971 627; x_wconf 79' lang='grc'><strong>(1536-</strong></span> 
     </span>
     <span class='ocr_line' id='line_1_18' title="bbox 1696 631 2972 716; baseline -0.005 -18"><span class='ocrx_word' id='word_1_78' title='bbox 1696 631 1911 716; x_wconf 86' lang='grc'><strong>1596),</strong></span> <span class='ocrx_word' id='word_1_79' title='bbox 1946 636 2128 694; x_wconf 88' lang='lat' dir='ltr'><strong>laicus</strong></span> <span class='ocrx_word' id='word_1_80' title='bbox 2161 636 2417 710; x_wconf 89' lang='lat' dir='ltr'><strong>quidem,</strong></span> <span class='ocrx_word' id='word_1_81' title='bbox 2442 636 2542 694; x_wconf 84' lang='lat' dir='ltr'><strong>sed</strong></span> <span class='ocrx_word' id='word_1_82' title='bbox 2565 636 2819 711; x_wconf 84' lang='lat' dir='ltr'><strong>insignis</strong></span> <span class='ocrx_word' id='word_1_83' title='bbox 2840 636 2972 710; x_wconf 88' lang='lat' dir='ltr'><strong>phi-</strong></span> 
     </span>
     <span class='ocr_line' id='line_1_19' title="bbox 1689 724 2969 801; baseline 0.001 -20"><span class='ocrx_word' id='word_1_84' title='bbox 1689 724 1969 800; x_wconf 88' lang='lat' dir='ltr'><strong>losophus</strong></span> <span class='ocrx_word' id='word_1_85' title='bbox 2001 728 2062 782; x_wconf 92' lang='lat' dir='ltr'><strong>et</strong></span> <span class='ocrx_word' id='word_1_86' title='bbox 2092 724 2420 801; x_wconf 84' lang='lat' dir='ltr'><strong>theologus,</strong></span> <span class='ocrx_word' id='word_1_87' title='bbox 2449 725 2717 801; x_wconf 80' lang='lat' dir='ltr'><strong>praeside</strong></span> <span class='ocrx_word' id='word_1_88' title='bbox 2750 725 2969 782; x_wconf 88' lang='lat' dir='ltr'><strong>doctis-</strong></span> 
     </span>
     <span class='ocr_line' id='line_1_20' title="bbox 1691 812 2973 872; baseline -0.001 -1"><span class='ocrx_word' id='word_1_89' title='bbox 1691 814 1840 871; x_wconf 89' lang='lat' dir='ltr'><strong>simo</strong></span> <span class='ocrx_word' id='word_1_90' title='bbox 1874 815 2130 872; x_wconf 82' lang='lat' dir='ltr'><strong>Martino</strong></span> <span class='ocrx_word' id='word_1_91' title='bbox 2161 814 2435 872; x_wconf 82' lang='lat' dir='ltr'><strong>Bit-hovio</strong></span> <span class='ocrx_word' id='word_1_92' title='bbox 2480 816 2675 872; x_wconf 90' lang='lat' dir='ltr'><strong>theses</strong></span> <span class='ocrx_word' id='word_1_93' title='bbox 2722 813 2791 870; x_wconf 91' lang='lat' dir='ltr'><strong>de</strong></span> <span class='ocrx_word' id='word_1_94' title='bbox 2836 812 2973 871; x_wconf 90' lang='lat' dir='ltr'><strong>fidei</strong></span> 
     </span>
     <span class='ocr_line' id='line_1_21' title="bbox 1689 902 2972 977; baseline -0.001 -17"><span class='ocrx_word' id='word_1_95' title='bbox 1689 902 2106 961; x_wconf 84' lang='lat' dir='ltr'><strong>controversiis</strong></span> <span class='ocrx_word' id='word_1_96' title='bbox 2121 903 2357 976; x_wconf 89' lang='lat' dir='ltr'><strong>publice</strong></span> <span class='ocrx_word' id='word_1_97' title='bbox 2375 902 2652 971; x_wconf 81' lang='lat' dir='ltr'><strong>defendit,</strong></span> <span class='ocrx_word' id='word_1_98' title='bbox 2666 903 2972 977; x_wconf 88' lang='lat' dir='ltr'><strong>pluribus-</strong></span> 
     </span>
     <span class='ocr_line' id='line_1_22' title="bbox 1692 986 2972 1071; baseline -0.001 -22"><span class='ocrx_word' id='word_1_99' title='bbox 1692 1010 1807 1065; x_wconf 88' lang='lat' dir='ltr'><strong>que</strong></span> <span class='ocrx_word' id='word_1_100' title='bbox 1839 992 2021 1050; x_wconf 88' lang='lat' dir='ltr'><strong>etiam</strong></span> <span class='ocrx_word' id='word_1_101' title='bbox 2054 986 2287 1071; x_wconf 89' lang='lat' dir='ltr'><strong>libris¹)</strong></span> <span class='ocrx_word' id='word_1_102' title='bbox 2333 991 2661 1049; x_wconf 77' lang='lat' dir='ltr'><strong>doctrinam</strong></span> <span class='ocrx_word' id='word_1_103' title='bbox 2709 1010 2972 1068; x_wconf 86' lang='lat' dir='ltr'><strong>propug-</strong></span> 
     </span>
    </p>
   </div>
   <div class='ocr_carea' id='block_1_6' title="bbox 1677 1079 2972 1155">
    <p class='ocr_par' dir='ltr' id='par_1_6' title="bbox 1677 1079 2972 1155">
     <span class='ocr_line' id='line_1_23' title="bbox 1677 1079 2972 1155; baseline 0 -18"><span class='ocrx_word' id='word_1_104' title='bbox 1677 1079 1860 1139; x_wconf 83' lang='lat' dir='ltr'><strong>navit</strong></span> <span class='ocrx_word' id='word_1_105' title='bbox 1904 1080 2266 1138; x_wconf 89' lang='lat' dir='ltr'><strong>catholicam.</strong></span> <span class='ocrx_word' id='word_1_106' title='bbox 2296 1080 2637 1155; x_wconf 86' lang='lat' dir='ltr'><strong>Disputavit</strong></span> <span class='ocrx_word' id='word_1_107' title='bbox 2681 1080 2972 1155; x_wconf 89' lang='lat' dir='ltr'><strong>siquidem</strong></span> 
     </span>
    </p>
   </div>
   <div class='ocr_carea' id='block_1_7' title="bbox 1689 1169 2974 1505">
    <p class='ocr_par' dir='ltr' id='par_1_7' title="bbox 1689 1169 2974 1505">
     <span class='ocr_line' id='line_1_24' title="bbox 1689 1169 2971 1243; baseline 0.001 -17"><span class='ocrx_word' id='word_1_108' title='bbox 1689 1171 1758 1227; x_wconf 80' lang='lat' dir='ltr'><strong>de</strong></span> <span class='ocrx_word' id='word_1_109' title='bbox 1788 1171 2057 1227; x_wconf 78' lang='lat' dir='ltr'><strong>descensu</strong></span> <span class='ocrx_word' id='word_1_110' title='bbox 2093 1169 2310 1227; x_wconf 76' lang='lat' dir='ltr'><strong>Christi</strong></span> <span class='ocrx_word' id='word_1_111' title='bbox 2340 1171 2418 1226; x_wconf 84' lang='lat' dir='ltr'><strong>ad</strong></span> <span class='ocrx_word' id='word_1_112' title='bbox 2448 1172 2683 1243; x_wconf 75' lang='lat' dir='ltr'><strong>inferos,</strong></span> <span class='ocrx_word' id='word_1_113' title='bbox 2717 1170 2971 1227; x_wconf 87' lang='lat' dir='ltr'><strong>Antver-</strong></span> 
     </span>
     <span class='ocr_line' id='line_1_25' title="bbox 1690 1257 2972 1333; baseline 0.001 -18"><span class='ocrx_word' id='word_1_114' title='bbox 1690 1257 1825 1333; x_wconf 83' lang='lat' dir='ltr'><strong>piae</strong></span> <span class='ocrx_word' id='word_1_115' title='bbox 1851 1269 1921 1321; x_wconf 88' lang='lat'><strong>15</strong></span> <span class='ocrx_word' id='word_1_116' title='bbox 1935 1267 2012 1319; x_wconf 77' lang='lat'><strong>86</strong></span> <span class='ocrx_word' id='word_1_117' title='bbox 2032 1258 2095 1315; x_wconf 84' lang='lat' dir='ltr'><strong>in</strong></span> <span class='ocrx_word' id='word_1_118' title='bbox 2118 1267 2155 1323; x_wconf 85' lang='lat'>4</span> <span class='ocrx_word' id='word_1_119' title='bbox 2178 1280 2191 1328; x_wconf 91' lang='lat'>;</span> <span class='ocrx_word' id='word_1_120' title='bbox 2213 1260 2282 1316; x_wconf 81' lang='lat' dir='ltr'><strong>de</strong></span> <span class='ocrx_word' id='word_1_121' title='bbox 2300 1259 2747 1316; x_wconf 75' lang='lat' dir='ltr'><strong>christianorum</strong></span> <span class='ocrx_word' id='word_1_122' title='bbox 2769 1277 2972 1316; x_wconf 74' lang='lat' dir='ltr'><strong>sacra·</strong></span> 
     </span>
     <span class='ocr_line' id='line_1_26' title="bbox 1693 1346 2971 1423; baseline 0.001 -19"><span class='ocrx_word' id='word_1_123' title='bbox 1693 1354 2008 1405; x_wconf 64' lang='lat' dir='ltr'><strong>mentorum</strong></span> <span class='ocrx_word' id='word_1_124' title='bbox 2056 1352 2293 1423; x_wconf 75' lang='lat' dir='ltr'><strong>natura,</strong></span> <span class='ocrx_word' id='word_1_125' title='bbox 2343 1346 2556 1407; x_wconf 87' lang='lat' dir='ltr'><strong>officiis</strong></span> <span class='ocrx_word' id='word_1_126' title='bbox 2600 1350 2661 1405; x_wconf 90' lang='lat' dir='ltr'><strong>et</strong></span> <span class='ocrx_word' id='word_1_127' title='bbox 2706 1366 2971 1415; x_wconf 90' lang='lat' dir='ltr'><strong>numer0,</strong></span> 
     </span>
     <span class='ocr_line' id='line_1_27' title="bbox 1691 1436 2974 1505; baseline -0.001 -11"><span class='ocrx_word' id='word_1_128' title='bbox 1691 1436 1950 1504; x_wconf 85' lang='lat' dir='ltr'><strong>Lovanii‚</strong></span> <span class='ocrx_word' id='word_1_129' title='bbox 2009 1445 2168 1498; x_wconf 82' lang='lat'>1571</span> <span class='ocrx_word' id='word_1_130' title='bbox 2229 1437 2292 1493; x_wconf 90' lang='lat' dir='ltr'><strong>in</strong></span> <span class='ocrx_word' id='word_1_131' title='bbox 2348 1444 2414 1505; x_wconf 80' lang='lat'><strong>83</strong></span> <span class='ocrx_word' id='word_1_132' title='bbox 2466 1437 2534 1493; x_wconf 81' lang='lat' dir='ltr'><strong>de</strong></span> <span class='ocrx_word' id='word_1_133' title='bbox 2578 1438 2974 1494; x_wconf 77' lang='lat' dir='ltr'><strong>controversiis</strong></span> 
     </span>
    </p>
   </div>
   <div class='ocr_carea' id='block_1_8' title="bbox 356 1524 2975 1601">
    <p class='ocr_par' dir='ltr' id='par_1_8' title="bbox 356 1524 2975 1601">
     <span class='ocr_line' id='line_1_28' title="bbox 356 1524 2975 1601; baseline 0.001 -19"><span class='ocrx_word' id='word_1_134' title='bbox 356 1530 424 1582; x_wconf 92' lang='lat' dir='ltr'><strong>ut</strong></span> <span class='ocrx_word' id='word_1_135' title='bbox 455 1542 657 1584; x_wconf 92' lang='lat' dir='ltr'><strong>omnes</strong></span> <span class='ocrx_word' id='word_1_136' title='bbox 688 1524 917 1599; x_wconf 78' lang='lat' dir='ltr'><strong>politici</strong></span> <span class='ocrx_word' id='word_1_137' title='bbox 949 1525 1335 1601; x_wconf 81' lang='lat' dir='ltr'><strong>perlegerent.</strong></span> <span class='ocrx_word' id='word_1_138' title='bbox 1367 1525 1510 1601; x_wconf 86' lang='lat' dir='ltr'><strong>Agit</strong></span> <span class='ocrx_word' id='word_1_139' title='bbox 1530 1543 1633 1582; x_wconf 87' lang='lat' dir='ltr'><strong>au·</strong></span> <span class='ocrx_word' id='word_1_140' title='bbox 1689 1525 1863 1598; x_wconf 81' lang='lat' dir='ltr'><strong>hujus</strong></span> <span class='ocrx_word' id='word_1_141' title='bbox 1892 1526 2181 1600; x_wconf 71' lang='lat' dir='ltr'><strong>temporis,</strong></span> <span class='ocrx_word' id='word_1_142' title='bbox 2217 1525 2489 1583; x_wconf 81' lang='lat' dir='ltr'><strong>Atrebati</strong></span> <span class='ocrx_word' id='word_1_143' title='bbox 2535 1534 2696 1587; x_wconf 75' lang='grc'><strong>1598</strong></span> <span class='ocrx_word' id='word_1_144' title='bbox 2721 1526 2783 1583; x_wconf 90' lang='lat' dir='ltr'><strong>in</strong></span> <span class='ocrx_word' id='word_1_145' title='bbox 2807 1536 2870 1595; x_wconf 81' lang='lat'><strong>83</strong></span> <span class='ocrx_word' id='word_1_146' title='bbox 2905 1525 2975 1584; x_wconf 81' lang='lat' dir='ltr'><strong>de</strong></span> 
     </span>
    </p>
   </div>
   <div class='ocr_carea' id='block_1_9' title="bbox 354 1613 1638 4534">
    <p class='ocr_par' dir='ltr' id='par_1_9' title="bbox 354 1613 1638 4534">
     <span class='ocr_line' id='line_1_29' title="bbox 354 1613 1635 1688; baseline -0.002 -16"><span class='ocrx_word' id='word_1_147' title='bbox 354 1617 474 1672; x_wconf 91' lang='lat' dir='ltr'><strong>tem</strong></span> <span class='ocrx_word' id='word_1_148' title='bbox 506 1613 801 1688; x_wconf 83' lang='lat' dir='ltr'><strong>prioribus</strong></span> <span class='ocrx_word' id='word_1_149' title='bbox 834 1613 894 1670; x_wconf 91' lang='lat' dir='ltr'><strong>ll.</strong></span> <span class='ocrx_word' id='word_1_150' title='bbox 927 1613 998 1671; x_wconf 91' lang='lat' dir='ltr'><strong>de</strong></span> <span class='ocrx_word' id='word_1_151' title='bbox 1031 1614 1335 1683; x_wconf 83' lang='lat' dir='ltr'><strong>servitute,</strong></span> <span class='ocrx_word' id='word_1_152' title='bbox 1361 1614 1425 1671; x_wconf 90' lang='lat' dir='ltr'><strong>in</strong></span> <span class='ocrx_word' id='word_1_153' title='bbox 1455 1632 1635 1687; x_wconf 90' lang='lat' dir='ltr'><strong>quam</strong></span> 
     </span>
     <span class='ocr_line' id='line_1_30' title="bbox 354 1702 1633 1778; baseline 0 -19"><span class='ocrx_word' id='word_1_154' title='bbox 354 1702 566 1761; x_wconf 85' lang='lat' dir='ltr'><strong>incidit</strong></span> <span class='ocrx_word' id='word_1_155' title='bbox 596 1702 772 1760; x_wconf 92' lang='lat' dir='ltr'><strong>homo</strong></span> <span class='ocrx_word' id='word_1_156' title='bbox 815 1702 889 1760; x_wconf 93' lang='lat' dir='ltr'><strong>ob</strong></span> <span class='ocrx_word' id='word_1_157' title='bbox 922 1705 1230 1778; x_wconf 90' lang='lat' dir='ltr'><strong>peccatum</strong></span> <span class='ocrx_word' id='word_1_158' title='bbox 1272 1702 1454 1778; x_wconf 90' lang='lat' dir='ltr'><strong>idque</strong></span> <span class='ocrx_word' id='word_1_159' title='bbox 1487 1703 1633 1761; x_wconf 80' lang='lat' dir='ltr'><strong>satis</strong></span> 
     </span>
     <span class='ocr_line' id='line_1_31' title="bbox 355 1791 1635 1866; baseline 0 -17"><span class='ocrx_word' id='word_1_160' title='bbox 355 1791 522 1850; x_wconf 86' lang='lat' dir='ltr'><strong>docte</strong></span> <span class='ocrx_word' id='word_1_161' title='bbox 568 1810 633 1849; x_wconf 91' lang='lat' dir='ltr'><strong>ac</strong></span> <span class='ocrx_word' id='word_1_162' title='bbox 680 1791 937 1866; x_wconf 87' lang='lat' dir='ltr'><strong>prolixe;</strong></span> <span class='ocrx_word' id='word_1_163' title='bbox 983 1809 1116 1849; x_wconf 86' lang='lat' dir='ltr'><strong>mox</strong></span> <span class='ocrx_word' id='word_1_164' title='bbox 1163 1791 1235 1849; x_wconf 90' lang='lat' dir='ltr'><strong>de</strong></span> <span class='ocrx_word' id='word_1_165' title='bbox 1281 1792 1635 1850; x_wconf 81' lang='lat' dir='ltr'><strong>necessitate</strong></span> 
     </span>
     <span class='ocr_line' id='line_1_32' title="bbox 355 1880 1634 1955; baseline 0.001 -19"><span class='ocrx_word' id='word_1_166' title='bbox 355 1880 692 1938; x_wconf 81' lang='lat' dir='ltr'><strong>liberatoris</strong></span> <span class='ocrx_word' id='word_1_167' title='bbox 743 1880 933 1955; x_wconf 89' lang='lat' dir='ltr'><strong>deque</strong></span> <span class='ocrx_word' id='word_1_168' title='bbox 978 1898 1114 1938; x_wconf 79' lang='lat' dir='ltr'><strong>vera</strong></span> <span class='ocrx_word' id='word_1_169' title='bbox 1159 1880 1468 1949; x_wconf 88' lang='lat' dir='ltr'><strong>libertate;</strong></span> <span class='ocrx_word' id='word_1_170' title='bbox 1515 1898 1634 1954; x_wconf 92' lang='lat' dir='ltr'><strong>quo</strong></span> 
     </span>
     <span class='ocr_line' id='line_1_33' title="bbox 354 1969 1635 2045; baseline -0.001 -19"><span class='ocrx_word' id='word_1_171' title='bbox 354 1969 534 2027; x_wconf 90' lang='lat' dir='ltr'><strong>etiam</strong></span> <span class='ocrx_word' id='word_1_172' title='bbox 566 1969 631 2026; x_wconf 90' lang='lat' dir='ltr'><strong>in</strong></span> <span class='ocrx_word' id='word_1_173' title='bbox 662 1987 982 2045; x_wconf 86' lang='lat' dir='ltr'><strong>progressu</strong></span> <span class='ocrx_word' id='word_1_174' title='bbox 1021 1969 1343 2029; x_wconf 84' lang='lat' dir='ltr'><strong>haereticos</strong></span> <span class='ocrx_word' id='word_1_175' title='bbox 1392 1974 1635 2028; x_wconf 85' lang='lat' dir='ltr'><strong>nostrae</strong></span> 
     </span>
     <span class='ocr_line' id='line_1_34' title="bbox 355 2057 1632 2118; baseline -0.002 0"><span class='ocrx_word' id='word_1_176' title='bbox 355 2057 572 2118; x_wconf 85' lang='lat' dir='ltr'><strong>aetatis</strong></span> <span class='ocrx_word' id='word_1_177' title='bbox 604 2058 869 2116; x_wconf 85' lang='lat' dir='ltr'><strong>ostendit</strong></span> <span class='ocrx_word' id='word_1_178' title='bbox 899 2058 964 2116; x_wconf 90' lang='lat' dir='ltr'><strong>in</strong></span> <span class='ocrx_word' id='word_1_179' title='bbox 996 2058 1412 2117; x_wconf 89' lang='lat' dir='ltr'><strong>constituenda</strong></span> <span class='ocrx_word' id='word_1_180' title='bbox 1455 2058 1632 2116; x_wconf 89' lang='lat' dir='ltr'><strong>liber—</strong></span> 
     </span>
     <span class='ocr_line' id='line_1_35' title="bbox 354 2146 1633 2223; baseline -0.002 -18"><span class='ocrx_word' id='word_1_181' title='bbox 354 2151 477 2205; x_wconf 88' lang='lat' dir='ltr'><strong>tate</strong></span> <span class='ocrx_word' id='word_1_182' title='bbox 509 2147 832 2204; x_wconf 90' lang='lat' dir='ltr'><strong>christiana</strong></span> <span class='ocrx_word' id='word_1_183' title='bbox 863 2146 1205 2221; x_wconf 85' lang='lat' dir='ltr'><strong>turpissime</strong></span> <span class='ocrx_word' id='word_1_184' title='bbox 1250 2148 1444 2223; x_wconf 90' lang='lat' dir='ltr'><strong>lapsos</strong></span> <span class='ocrx_word' id='word_1_185' title='bbox 1488 2165 1633 2205; x_wconf 88' lang='lat' dir='ltr'><strong>esse.</strong></span> 
     </span>
     <span class='ocr_line' id='line_1_36' title="bbox 354 2235 1634 2294; baseline -0.002 -1"><span class='ocrx_word' id='word_1_186' title='bbox 354 2235 531 2294; x_wconf 89' lang='lat' dir='ltr'><strong>Libro</strong></span> <span class='ocrx_word' id='word_1_187' title='bbox 592 2239 792 2293; x_wconf 90' lang='lat' dir='ltr'><strong>autem</strong></span> <span class='ocrx_word' id='word_1_188' title='bbox 840 2236 989 2293; x_wconf 85' lang='lat' dir='ltr'>XIV.</span> <span class='ocrx_word' id='word_1_189' title='bbox 1041 2236 1314 2294; x_wconf 82' lang='lat' dir='ltr'><strong>confutat</strong></span> <span class='ocrx_word' id='word_1_190' title='bbox 1365 2236 1634 2294; x_wconf 84' lang='lat' dir='ltr'><strong>libertini</strong></span> 
     </span>
     <span class='ocr_line' id='line_1_37' title="bbox 354 2324 1636 2401; baseline -0.002 -18"><span class='ocrx_word' id='word_1_191' title='bbox 354 2324 664 2401; x_wconf 81' lang='lat' dir='ltr'><strong>cujusdam</strong></span> <span class='ocrx_word' id='word_1_192' title='bbox 698 2327 1066 2400; x_wconf 84' lang='lat' dir='ltr'><strong>argumenta,</strong></span> <span class='ocrx_word' id='word_1_193' title='bbox 1113 2326 1217 2400; x_wconf 91' lang='lat' dir='ltr'><strong>qui</strong></span> <span class='ocrx_word' id='word_1_194' title='bbox 1262 2325 1636 2399; x_wconf 87' lang='lat' dir='ltr'><strong>pestilentem</strong></span> 
     </span>
     <span class='ocr_line' id='line_1_38' title="bbox 354 2413 1633 2488; baseline 0 -17"><span class='ocrx_word' id='word_1_195' title='bbox 354 2413 622 2471; x_wconf 88' lang='lat' dir='ltr'><strong>ediderat</strong></span> <span class='ocrx_word' id='word_1_196' title='bbox 652 2414 941 2481; x_wconf 90' lang='lat' dir='ltr'><strong>libellum,</strong></span> <span class='ocrx_word' id='word_1_197' title='bbox 976 2432 1093 2488; x_wconf 91' lang='lat' dir='ltr'><strong>quo</strong></span> <span class='ocrx_word' id='word_1_198' title='bbox 1126 2413 1461 2471; x_wconf 85' lang='lat' dir='ltr'><strong>libertatem</strong></span> <span class='ocrx_word' id='word_1_199' title='bbox 1509 2414 1633 2471; x_wconf 89' lang='lat' dir='ltr'><strong>cui-</strong></span> 
     </span>
     <span class='ocr_line' id='line_1_39' title="bbox 356 2501 1634 2578; baseline 0.001 -17"><span class='ocrx_word' id='word_1_200' title='bbox 356 2522 470 2578; x_wconf 89' lang='lat' dir='ltr'><strong>que</strong></span> <span class='ocrx_word' id='word_1_201' title='bbox 502 2502 812 2577; x_wconf 85' lang='lat' dir='ltr'><strong>religionis</strong></span> <span class='ocrx_word' id='word_1_202' title='bbox 844 2520 972 2560; x_wconf 84' lang='lat' dir='ltr'><strong>esse</strong></span> <span class='ocrx_word' id='word_1_203' title='bbox 1009 2501 1456 2577; x_wconf 86' lang='lat' dir='ltr'><strong>relinquendam</strong></span> <span class='ocrx_word' id='word_1_204' title='bbox 1499 2521 1634 2577; x_wconf 90' lang='lat' dir='ltr'><strong>pro-</strong></span> 
     </span>
     <span class='ocr_line' id='line_1_40' title="bbox 355 2584 1635 2672; baseline 0 -22"><span class='ocrx_word' id='word_1_205' title='bbox 355 2593 496 2650; x_wconf 88' lang='lat' dir='ltr'><strong>bare</strong></span> <span class='ocrx_word' id='word_1_206' title='bbox 546 2584 933 2672; x_wconf 80' lang='lat' dir='ltr'><strong>nitebatur1).</strong></span> <span class='ocrx_word' id='word_1_207' title='bbox 987 2591 1078 2649; x_wconf 90' lang='lat' dir='ltr'><strong>Ad</strong></span> <span class='ocrx_word' id='word_1_208' title='bbox 1124 2594 1450 2650; x_wconf 84' lang='lat' dir='ltr'><strong>extremum</strong></span> <span class='ocrx_word' id='word_1_209' title='bbox 1497 2611 1635 2650; x_wconf 80' lang='lat' dir='ltr'><strong>vero</strong></span> 
     </span>
     <span class='ocr_line' id='line_1_41' title="bbox 356 2680 1634 2756; baseline -0.002 -17"><span class='ocrx_word' id='word_1_210' title='bbox 356 2681 473 2739; x_wconf 81' lang='lat' dir='ltr'><strong>XV.</strong></span> <span class='ocrx_word' id='word_1_211' title='bbox 507 2680 647 2739; x_wconf 90' lang='lat' dir='ltr'><strong>libri</strong></span> <span class='ocrx_word' id='word_1_212' title='bbox 677 2680 852 2738; x_wconf 89' lang='lat' dir='ltr'><strong>finem</strong></span> <span class='ocrx_word' id='word_1_213' title='bbox 888 2681 1106 2755; x_wconf 91' lang='lat' dir='ltr'><strong>adjecit</strong></span> <span class='ocrx_word' id='word_1_214' title='bbox 1133 2681 1205 2739; x_wconf 93' lang='lat' dir='ltr'><strong>de</strong></span> <span class='ocrx_word' id='word_1_215' title='bbox 1225 2681 1336 2750; x_wconf 87' lang='lat' dir='ltr'><strong>his,</strong></span> <span class='ocrx_word' id='word_1_216' title='bbox 1361 2681 1463 2756; x_wconf 91' lang='lat' dir='ltr'><strong>qui</strong></span> <span class='ocrx_word' id='word_1_217' title='bbox 1483 2681 1634 2755; x_wconf 87' lang='lat' dir='ltr'><strong>poli-</strong></span> 
     </span>
     <span class='ocr_line' id='line_1_42' title="bbox 354 2769 1638 2846; baseline 0.001 -20"><span class='ocrx_word' id='word_1_218' title='bbox 354 2770 457 2828; x_wconf 90' lang='lat' dir='ltr'><strong>tici</strong></span> <span class='ocrx_word' id='word_1_219' title='bbox 491 2771 675 2846; x_wconf 81' lang='lat' dir='ltr'><strong>vulgo</strong></span> <span class='ocrx_word' id='word_1_220' title='bbox 708 2773 1014 2838; x_wconf 82' lang='lat' dir='ltr'><strong>vocantur,</strong></span> <span class='ocrx_word' id='word_1_221' title='bbox 1050 2769 1545 2845; x_wconf 87' lang='lat' dir='ltr'><strong>compendiariam</strong></span> <span class='ocrx_word' id='word_1_222' title='bbox 1576 2773 1638 2827; x_wconf 87' lang='lat' dir='ltr'><strong>et</strong></span> 
     </span>
     <span class='ocr_line' id='line_1_43' title="bbox 356 2858 1635 2934; baseline -0.001 -18"><span class='ocrx_word' id='word_1_223' title='bbox 356 2859 593 2917; x_wconf 85' lang='lat' dir='ltr'><strong>brevem</strong></span> <span class='ocrx_word' id='word_1_224' title='bbox 645 2859 1100 2917; x_wconf 86' lang='lat' dir='ltr'><strong>instructionem</strong></span> <span class='ocrx_word' id='word_1_225' title='bbox 1150 2859 1308 2917; x_wconf 89' lang='lat' dir='ltr'><strong>lectu</strong></span> <span class='ocrx_word' id='word_1_226' title='bbox 1354 2858 1635 2934; x_wconf 87' lang='lat' dir='ltr'><strong>dignissi-</strong></span> 
     </span>
     <span class='ocr_line' id='line_1_44' title="bbox 356 2948 1638 3020; baseline -0.001 -15"><span class='ocrx_word' id='word_1_227' title='bbox 356 2955 569 3006; x_wconf 76' lang='lat' dir='ltr'><strong>mam.‘</strong></span> <span class='ocrx_word' id='word_1_228' title='bbox 618 2948 706 3004; x_wconf 86' lang='lat' dir='ltr'><strong>De</strong></span> <span class='ocrx_word' id='word_1_229' title='bbox 746 2948 879 3019; x_wconf 81' lang='lat' dir='ltr'><strong>fide,</strong></span> <span class='ocrx_word' id='word_1_230' title='bbox 925 2965 1024 3020; x_wconf 81' lang='lat' dir='ltr'><strong>spe</strong></span> <span class='ocrx_word' id='word_1_231' title='bbox 1069 2954 1119 3005; x_wconf 83' lang='lat' dir='ltr'><strong>et</strong></span> <span class='ocrx_word' id='word_1_232' title='bbox 1151 2949 1390 3005; x_wconf 77' lang='lat' dir='ltr'><strong>caritate</strong></span> <span class='ocrx_word' id='word_1_233' title='bbox 1434 2950 1638 3006; x_wconf 87' lang='lat' dir='ltr'><strong>contra</strong></span> 
     </span>
     <span class='ocr_line' id='line_1_45' title="bbox 357 3035 1633 3110; baseline -0.002 -16"><span class='ocrx_word' id='word_1_234' title='bbox 357 3036 705 3105; x_wconf 77' lang='lat' dir='ltr'><strong>haereticoS,</strong></span> <span class='ocrx_word' id='word_1_235' title='bbox 740 3035 817 3093; x_wconf 89' lang='lat' dir='ltr'><strong>ib.</strong></span> <span class='ocrx_word' id='word_1_236' title='bbox 861 3046 1021 3098; x_wconf 86' lang='grc'><strong>1599</strong></span> <span class='ocrx_word' id='word_1_237' title='bbox 1059 3036 1120 3093; x_wconf 88' lang='lat' dir='ltr'><strong>in</strong></span> <span class='ocrx_word' id='word_1_238' title='bbox 1146 3045 1216 3104; x_wconf 73' lang='grc' dir='ltr'><strong>ὃς</strong></span> <span class='ocrx_word' id='word_1_239' title='bbox 1250 3038 1318 3094; x_wconf 79' lang='lat' dir='ltr'><strong>de</strong></span> <span class='ocrx_word' id='word_1_240' title='bbox 1337 3036 1508 3093; x_wconf 85' lang='lat' dir='ltr'><strong>limbo</strong></span> <span class='ocrx_word' id='word_1_241' title='bbox 1522 3055 1633 3110; x_wconf 82' lang='lat' dir='ltr'><strong>pa-</strong></span> 
     </span>
     <span class='ocr_line' id='line_1_46' title="bbox 356 3124 1634 3194; baseline 0.005 -12"><span class='ocrx_word' id='word_1_242' title='bbox 356 3132 528 3192; x_wconf 76' lang='lat' dir='ltr'><strong>trum,</strong></span> <span class='ocrx_word' id='word_1_243' title='bbox 584 3124 854 3184; x_wconf 86' lang='lat' dir='ltr'><strong>Coloniae</strong></span> <span class='ocrx_word' id='word_1_244' title='bbox 897 3134 1092 3193; x_wconf 88' lang='lat'>1583;</span> <span class='ocrx_word' id='word_1_245' title='bbox 1141 3125 1382 3184; x_wconf 85' lang='lat' dir='ltr'><strong>Lovanii</strong></span> <span class='ocrx_word' id='word_1_246' title='bbox 1438 3134 1634 3194; x_wconf 85' lang='lat'>1584;</span> 
     </span>
     <span class='ocr_line' id='line_1_47' title="bbox 355 3213 1635 3290; baseline 0 -18"><span class='ocrx_word' id='word_1_247' title='bbox 355 3215 424 3273; x_wconf 79' lang='lat' dir='ltr'><strong>de</strong></span> <span class='ocrx_word' id='word_1_248' title='bbox 455 3233 574 3272; x_wconf 84' lang='lat' dir='ltr'><strong>una</strong></span> <span class='ocrx_word' id='word_1_249' title='bbox 608 3213 823 3272; x_wconf 77' lang='lat' dir='ltr'><strong>Christi</strong></span> <span class='ocrx_word' id='word_1_250' title='bbox 853 3215 916 3271; x_wconf 79' lang='lat' dir='ltr'><strong>in</strong></span> <span class='ocrx_word' id='word_1_251' title='bbox 946 3216 1120 3272; x_wconf 74' lang='lat' dir='ltr'><strong>terris</strong></span> <span class='ocrx_word' id='word_1_252' title='bbox 1148 3215 1422 3290; x_wconf 76' lang='lat' dir='ltr'><strong>Ecclesia,</strong></span> <span class='ocrx_word' id='word_1_253' title='bbox 1446 3213 1635 3272; x_wconf 85' lang='lat' dir='ltr'><strong>Lova-</strong></span> 
     </span>
     <span class='ocr_line' id='line_1_48' title="bbox 356 3303 1636 3378; baseline 0.001 -18"><span class='ocrx_word' id='word_1_254' title='bbox 356 3304 441 3361; x_wconf 89' lang='lat' dir='ltr'><strong>nii</strong></span> <span class='ocrx_word' id='word_1_255' title='bbox 469 3312 669 3372; x_wconf 75' lang='lat'>15773</span> <span class='ocrx_word' id='word_1_256' title='bbox 703 3311 884 3372; x_wconf 62' lang='lat'><strong>1582,</strong></span> <span class='ocrx_word' id='word_1_257' title='bbox 905 3303 969 3360; x_wconf 90' lang='lat' dir='ltr'><strong>in</strong></span> <span class='ocrx_word' id='word_1_258' title='bbox 990 3322 1108 3378; x_wconf 91' lang='lat' dir='ltr'><strong>quo</strong></span> <span class='ocrx_word' id='word_1_259' title='bbox 1130 3321 1305 3378; x_wconf 89' lang='lat' dir='ltr'><strong>opere</strong></span> <span class='ocrx_word' id='word_1_260' title='bbox 1325 3304 1435 3361; x_wconf 89' lang='lat' dir='ltr'><strong>hoc</strong></span> <span class='ocrx_word' id='word_1_261' title='bbox 1459 3322 1636 3378; x_wconf 84' lang='lat' dir='ltr'><strong>argu-</strong></span> 
     </span>
     <span class='ocr_line' id='line_1_49' title="bbox 357 3391 1635 3466; baseline -0.001 -17"><span class='ocrx_word' id='word_1_262' title='bbox 357 3399 626 3450; x_wconf 84' lang='lat' dir='ltr'><strong>mentum</strong></span> <span class='ocrx_word' id='word_1_263' title='bbox 658 3392 741 3449; x_wconf 89' lang='lat' dir='ltr'><strong>ita</strong></span> <span class='ocrx_word' id='word_1_264' title='bbox 772 3391 1176 3466; x_wconf 82' lang='lat' dir='ltr'><strong>pertractavit,</strong></span> <span class='ocrx_word' id='word_1_265' title='bbox 1204 3396 1274 3450; x_wconf 90' lang='lat' dir='ltr'><strong>ut</strong></span> <span class='ocrx_word' id='word_1_266' title='bbox 1306 3391 1635 3450; x_wconf 84' lang='lat' dir='ltr'><strong>fatentibus</strong></span> 
     </span>
     <span class='ocr_line' id='line_1_50' title="bbox 357 3480 1635 3539; baseline -0.001 0"><span class='ocrx_word' id='word_1_267' title='bbox 357 3481 606 3539; x_wconf 87' lang='lat' dir='ltr'><strong>eruditis</strong></span> <span class='ocrx_word' id='word_1_268' title='bbox 637 3480 791 3538; x_wconf 87' lang='lat' dir='ltr'><strong>nihil</strong></span> <span class='ocrx_word' id='word_1_269' title='bbox 813 3481 937 3539; x_wconf 79' lang='lat' dir='ltr'><strong>sive</strong></span> <span class='ocrx_word' id='word_1_270' title='bbox 956 3480 1028 3538; x_wconf 91' lang='lat' dir='ltr'><strong>ad</strong></span> <span class='ocrx_word' id='word_1_271' title='bbox 1050 3481 1502 3539; x_wconf 86' lang='lat' dir='ltr'><strong>confirmandam</strong></span> <span class='ocrx_word' id='word_1_272' title='bbox 1533 3499 1635 3538; x_wconf 80' lang='lat' dir='ltr'><strong>ve·</strong></span> 
     </span>
     <span class='ocr_line' id='line_1_51' title="bbox 357 3569 1635 3628; baseline 0 -2"><span class='ocrx_word' id='word_1_273' title='bbox 357 3570 434 3628; x_wconf 82' lang='lat' dir='ltr'><strong>rit</strong></span> <span class='ocrx_word' id='word_1_274' title='bbox 447 3574 606 3628; x_wconf 90' lang='lat' dir='ltr'><strong>atem</strong></span> <span class='ocrx_word' id='word_1_275' title='bbox 640 3569 761 3628; x_wconf 87' lang='lat' dir='ltr'><strong>sive</strong></span> <span class='ocrx_word' id='word_1_276' title='bbox 795 3569 866 3627; x_wconf 83' lang='lat' dir='ltr'><strong>ad</strong></span> <span class='ocrx_word' id='word_1_277' title='bbox 899 3569 1274 3628; x_wconf 87' lang='lat' dir='ltr'><strong>evertendam</strong></span> <span class='ocrx_word' id='word_1_278' title='bbox 1315 3570 1635 3627; x_wconf 84' lang='lat' dir='ltr'><strong>falsitatem</strong></span> 
     </span>
     <span class='ocr_line' id='line_1_52' title="bbox 359 3658 1638 3734; baseline -0.001 -18"><span class='ocrx_word' id='word_1_279' title='bbox 359 3663 418 3716; x_wconf 88' lang='lat' dir='ltr'><strong>et</strong></span> <span class='ocrx_word' id='word_1_280' title='bbox 446 3659 689 3734; x_wconf 89' lang='lat' dir='ltr'><strong>penitus</strong></span> <span class='ocrx_word' id='word_1_281' title='bbox 705 3658 1069 3716; x_wconf 82' lang='lat' dir='ltr'><strong>obstruenda</strong></span> <span class='ocrx_word' id='word_1_282' title='bbox 1088 3658 1515 3717; x_wconf 84' lang='lat' dir='ltr'><strong>haereticorum</strong></span> <span class='ocrx_word' id='word_1_283' title='bbox 1534 3677 1638 3717; x_wconf 90' lang='lat' dir='ltr'><strong>ora</strong></span> 
     </span>
     <span class='ocr_line' id='line_1_53' title="bbox 359 3746 1635 3822; baseline -0.002 -16"><span class='ocrx_word' id='word_1_284' title='bbox 359 3748 621 3816; x_wconf 88' lang='lat' dir='ltr'><strong>solidius,</strong></span> <span class='ocrx_word' id='word_1_285' title='bbox 656 3747 962 3821; x_wconf 87' lang='lat' dir='ltr'><strong>potentius</strong></span> <span class='ocrx_word' id='word_1_286' title='bbox 995 3751 1057 3805; x_wconf 91' lang='lat' dir='ltr'><strong>et</strong></span> <span class='ocrx_word' id='word_1_287' title='bbox 1094 3746 1388 3806; x_wconf 86' lang='lat' dir='ltr'><strong>efficacius</strong></span> <span class='ocrx_word' id='word_1_288' title='bbox 1436 3747 1635 3822; x_wconf 87' lang='lat' dir='ltr'><strong>prola·</strong></span> 
     </span>
     <span class='ocr_line' id='line_1_54' title="bbox 357 3835 1638 3910; baseline -0.002 -16"><span class='ocrx_word' id='word_1_289' title='bbox 357 3839 486 3894; x_wconf 87' lang='lat' dir='ltr'><strong>tum</strong></span> <span class='ocrx_word' id='word_1_290' title='bbox 519 3855 585 3894; x_wconf 91' lang='lat' dir='ltr'><strong>eo</strong></span> <span class='ocrx_word' id='word_1_291' title='bbox 617 3839 883 3910; x_wconf 89' lang='lat' dir='ltr'><strong>tempore</strong></span> <span class='ocrx_word' id='word_1_292' title='bbox 929 3835 1143 3906; x_wconf 83' lang='lat' dir='ltr'><strong>fuerit3</strong></span> <span class='ocrx_word' id='word_1_293' title='bbox 1186 3838 1255 3894; x_wconf 83' lang='lat' dir='ltr'><strong>de</strong></span> <span class='ocrx_word' id='word_1_294' title='bbox 1300 3836 1638 3894; x_wconf 81' lang='lat' dir='ltr'><strong>admirabili</strong></span> 
     </span>
     <span class='ocr_line' id='line_1_55' title="bbox 360 3924 1635 3994; baseline 0.001 -10"><span class='ocrx_word' id='word_1_295' title='bbox 360 3924 641 3984; x_wconf 76' lang='lat' dir='ltr'><strong>Ecclesiae</strong></span> <span class='ocrx_word' id='word_1_296' title='bbox 655 3926 959 3982; x_wconf 74' lang='lat' dir='ltr'><strong>concordia</strong></span> <span class='ocrx_word' id='word_1_297' title='bbox 976 3925 1038 3986; x_wconf 89' lang='lat' dir='ltr'><strong>ll.</strong></span> <span class='ocrx_word' id='word_1_298' title='bbox 1055 3924 1151 3994; x_wconf 90' lang='lat' dir='ltr'><strong>VI,</strong></span> <span class='ocrx_word' id='word_1_299' title='bbox 1168 3925 1415 3984; x_wconf 87' lang='lat' dir='ltr'><strong>Lovanii</strong></span> <span class='ocrx_word' id='word_1_300' title='bbox 1439 3937 1462 3987; x_wconf 92' lang='lat'>1</span> <span class='ocrx_word' id='word_1_301' title='bbox 1481 3935 1512 3986; x_wconf 80' lang='lat'>5</span> <span class='ocrx_word' id='word_1_302' title='bbox 1525 3935 1558 3986; x_wconf 84' lang='grc'>8</span> <span class='ocrx_word' id='word_1_303' title='bbox 1573 3935 1601 3985; x_wconf 81' lang='lat'>2</span> <span class='ocrx_word' id='word_1_304' title='bbox 1623 3946 1635 3993; x_wconf 92' lang='grc'>;</span> 
     </span>
     <span class='ocr_line' id='line_1_56' title="bbox 358 4013 1638 4087; baseline 0.001 -18"><span class='ocrx_word' id='word_1_305' title='bbox 358 4013 423 4070; x_wconf 82' lang='lat' dir='ltr'><strong>de</strong></span> <span class='ocrx_word' id='word_1_306' title='bbox 453 4014 826 4072; x_wconf 75' lang='lat' dir='ltr'><strong>ecclesiastica</strong></span> <span class='ocrx_word' id='word_1_307' title='bbox 869 4014 1261 4087; x_wconf 76' lang='lat' dir='ltr'><strong>satisfactione</strong></span> <span class='ocrx_word' id='word_1_308' title='bbox 1295 4015 1638 4087; x_wconf 76' lang='lat' dir='ltr'><strong>poenitentis</strong></span> 
     </span>
     <span class='ocr_line' id='line_1_57' title="bbox 359 4101 1635 4172; baseline -0.001 -13"><span class='ocrx_word' id='word_1_309' title='bbox 359 4101 637 4160; x_wconf 80' lang='lat' dir='ltr'><strong>adversus</strong></span> <span class='ocrx_word' id='word_1_310' title='bbox 667 4103 810 4164; x_wconf 88' lang='lat' dir='ltr'><strong>Ben.</strong></span> <span class='ocrx_word' id='word_1_311' title='bbox 842 4103 1111 4161; x_wconf 88' lang='lat' dir='ltr'><strong>Aretium</strong></span> <span class='ocrx_word' id='word_1_312' title='bbox 1142 4103 1510 4172; x_wconf 72' lang='lat' dir='ltr'><strong>bernemem,</strong></span> <span class='ocrx_word' id='word_1_313' title='bbox 1558 4102 1635 4159; x_wconf 91' lang='lat' dir='ltr'><strong>ib.</strong></span> 
     </span>
     <span class='ocr_line' id='line_1_58' title="bbox 370 4191 1636 4266; baseline -0.002 -16"><span class='ocrx_word' id='word_1_314' title='bbox 370 4191 633 4258; x_wconf 78' lang='lat' dir='ltr'><strong>15853de</strong></span> <span class='ocrx_word' id='word_1_315' title='bbox 649 4191 814 4248; x_wconf 82' lang='lat' dir='ltr'><strong>verbo</strong></span> <span class='ocrx_word' id='word_1_316' title='bbox 835 4191 942 4249; x_wconf 81' lang='lat' dir='ltr'><strong>Dei</strong></span> <span class='ocrx_word' id='word_1_317' title='bbox 957 4191 1176 4266; x_wconf 87' lang='lat' dir='ltr'><strong>scripto</strong></span> <span class='ocrx_word' id='word_1_318' title='bbox 1196 4195 1255 4249; x_wconf 90' lang='lat' dir='ltr'><strong>et</strong></span> <span class='ocrx_word' id='word_1_319' title='bbox 1280 4210 1399 4249; x_wconf 90' lang='lat' dir='ltr'><strong>non</strong></span> <span class='ocrx_word' id='word_1_320' title='bbox 1418 4191 1636 4266; x_wconf 83' lang='lat' dir='ltr'><strong>scripto</strong></span> 
     </span>
     <span class='ocr_line' id='line_1_59' title="bbox 361 4279 1636 4349; baseline 0 -12"><span class='ocrx_word' id='word_1_321' title='bbox 361 4297 463 4337; x_wconf 89' lang='lat' dir='ltr'><strong>seu</strong></span> <span class='ocrx_word' id='word_1_322' title='bbox 493 4280 566 4337; x_wconf 89' lang='lat' dir='ltr'><strong>de</strong></span> <span class='ocrx_word' id='word_1_323' title='bbox 599 4279 1020 4337; x_wconf 89' lang='lat' dir='ltr'><strong>traditionibus</strong></span> <span class='ocrx_word' id='word_1_324' title='bbox 1042 4279 1468 4349; x_wconf 85' lang='lat' dir='ltr'><strong>ecclesiasticis,</strong></span> <span class='ocrx_word' id='word_1_325' title='bbox 1487 4281 1636 4337; x_wconf 86' lang='lat' dir='ltr'><strong>Ant-</strong></span> 
     </span>
     <span class='ocr_line' id='line_1_60' title="bbox 360 4368 1637 4443; baseline -0.001 -17"><span class='ocrx_word' id='word_1_326' title='bbox 360 4370 590 4443; x_wconf 84' lang='lat' dir='ltr'><strong>verpiae</strong></span> <span class='ocrx_word' id='word_1_327' title='bbox 646 4377 801 4431; x_wconf 85' lang='lat'>1591</span> <span class='ocrx_word' id='word_1_328' title='bbox 862 4368 924 4426; x_wconf 90' lang='lat' dir='ltr'><strong>in</strong></span> <span class='ocrx_word' id='word_1_329' title='bbox 977 4378 1045 4437; x_wconf 72' lang='grc' dir='ltr'><strong>ὃς</strong></span> <span class='ocrx_word' id='word_1_330' title='bbox 1103 4370 1172 4426; x_wconf 83' lang='lat' dir='ltr'><strong>de</strong></span> <span class='ocrx_word' id='word_1_331' title='bbox 1212 4370 1471 4441; x_wconf 81' lang='lat' dir='ltr'><strong>fidelium</strong></span> <span class='ocrx_word' id='word_1_332' title='bbox 1510 4370 1637 4425; x_wconf 85' lang='lat' dir='ltr'><strong>ani-</strong></span> 
     </span>
     <span class='ocr_line' id='line_1_61' title="bbox 363 4457 1636 4534; baseline -0.003 -18"><span class='ocrx_word' id='word_1_333' title='bbox 363 4476 592 4516; x_wconf 79' lang='lat' dir='ltr'><strong>marum</strong></span> <span class='ocrx_word' id='word_1_334' title='bbox 614 4459 965 4534; x_wconf 76' lang='lat' dir='ltr'><strong>puryatorio</strong></span> <span class='ocrx_word' id='word_1_335' title='bbox 996 4458 1057 4514; x_wconf 93' lang='lat' dir='ltr'><strong>ll.</strong></span> <span class='ocrx_word' id='word_1_336' title='bbox 1096 4467 1152 4526; x_wconf 89' lang='lat'><strong>2,</strong></span> <span class='ocrx_word' id='word_1_337' title='bbox 1186 4457 1636 4518; x_wconf 80' lang='lat' dir='ltr'><strong>Lovanii1584.</strong></span> 
     </span>
    </p>
   </div>
   <div class='ocr_carea' id='block_1_10' title="bbox 364 4597 678 4604">
    <p class='ocr_par' dir='ltr' id='par_1_10' title="bbox 364 4597 678 4604">
     <span class='ocr_line' id='line_1_62' title="bbox 364 4597 678 4604; baseline 0 589"><span class='ocrx_word' id='word_1_338' title='bbox 364 4597 678 4604; x_wconf 95' lang='lat' dir='ltr'><strong> </strong></span> 
     </span>
    </p>
   </div>
   <div class='ocr_carea' id='block_1_11' title="bbox 1690 1614 2977 2839">
    <p class='ocr_par' dir='ltr' id='par_1_11' title="bbox 1690 1614 2977 2839">
     <span class='ocr_line' id='line_1_63' title="bbox 1690 1614 2974 1690; baseline 0 -19"><span class='ocrx_word' id='word_1_339' title='bbox 1690 1631 1867 1671; x_wconf 82' lang='lat' dir='ltr'><strong>comm</strong></span> <span class='ocrx_word' id='word_1_340' title='bbox 1875 1616 2081 1672; x_wconf 76' lang='lat' dir='ltr'><strong>unione</strong></span> <span class='ocrx_word' id='word_1_341' title='bbox 2094 1622 2425 1673; x_wconf 80' lang='lat' dir='ltr'><strong>sanctorum</strong></span> <span class='ocrx_word' id='word_1_342' title='bbox 2446 1634 2512 1671; x_wconf 79' lang='lat' dir='ltr'><strong>ac</strong></span> <span class='ocrx_word' id='word_1_343' title='bbox 2526 1614 2791 1690; x_wconf 79' lang='lat' dir='ltr'><strong>symbolo,</strong></span> <span class='ocrx_word' id='word_1_344' title='bbox 2808 1633 2974 1672; x_wconf 89' lang='lat' dir='ltr'><strong>sanc-</strong></span> 
     </span>
     <span class='ocr_line' id='line_1_64' title="bbox 1691 1702 2973 1771; baseline 0.002 -12"><span class='ocrx_word' id='word_1_345' title='bbox 1691 1702 1771 1759; x_wconf 90' lang='lat' dir='ltr'><strong>tis</strong></span> <span class='ocrx_word' id='word_1_346' title='bbox 1805 1702 1994 1761; x_wconf 90' lang='lat' dir='ltr'><strong>literis</strong></span> <span class='ocrx_word' id='word_1_347' title='bbox 2026 1706 2089 1761; x_wconf 88' lang='lat' dir='ltr'><strong>et</strong></span> <span class='ocrx_word' id='word_1_348' title='bbox 2120 1703 2373 1761; x_wconf 88' lang='lat' dir='ltr'><strong>historia</strong></span> <span class='ocrx_word' id='word_1_349' title='bbox 2388 1703 2804 1771; x_wconf 87' lang='lat' dir='ltr'><strong>ecclesiastica,</strong></span> <span class='ocrx_word' id='word_1_350' title='bbox 2825 1706 2973 1761; x_wconf 84' lang='lat' dir='ltr'><strong>Ant·</strong></span> 
     </span>
     <span class='ocr_line' id='line_1_65' title="bbox 1691 1792 2973 1866; baseline 0.001 -18"><span class='ocrx_word' id='word_1_351' title='bbox 1691 1792 1928 1866; x_wconf 85' lang='lat' dir='ltr'><strong>verpiae</strong></span> <span class='ocrx_word' id='word_1_352' title='bbox 1981 1802 2163 1854; x_wconf 83' lang='lat'><strong>1596.</strong></span> <span class='ocrx_word' id='word_1_353' title='bbox 2197 1825 2284 1835; x_wconf 92' lang='lat'>—</span> <span class='ocrx_word' id='word_1_354' title='bbox 2314 1792 2611 1851; x_wconf 84' lang='lat' dir='ltr'><strong>Laevinus</strong></span> <span class='ocrx_word' id='word_1_355' title='bbox 2657 1792 2973 1849; x_wconf 87' lang='lat' dir='ltr'><strong>Torren-</strong></span> 
     </span>
     <span class='ocr_line' id='line_1_66' title="bbox 1691 1875 2973 1960; baseline 0.002 -24"><span class='ocrx_word' id='word_1_356' title='bbox 1691 1880 1854 1938; x_wconf 89' lang='lat' dir='ltr'><strong>tius</strong></span> <span class='ocrx_word' id='word_1_357' title='bbox 1906 1877 2178 1960; x_wconf 86' lang='lat' dir='ltr'><strong>(Livinus</strong></span> <span class='ocrx_word' id='word_1_358' title='bbox 2224 1899 2338 1939; x_wconf 85' lang='lat' dir='ltr'><strong>van</strong></span> <span class='ocrx_word' id='word_1_359' title='bbox 2370 1881 2475 1939; x_wconf 92' lang='lat' dir='ltr'><strong>der</strong></span> <span class='ocrx_word' id='word_1_360' title='bbox 2507 1881 2713 1950; x_wconf 88' lang='lat' dir='ltr'><strong>Becke,</strong></span> <span class='ocrx_word' id='word_1_361' title='bbox 2747 1875 2973 1960; x_wconf 87' lang='lat' dir='ltr'><strong>Beken)</strong></span> 
     </span>
     <span class='ocr_line' id='line_1_67' title="bbox 1690 1969 2973 2046; baseline 0.001 -20"><span class='ocrx_word' id='word_1_362' title='bbox 1690 1969 1886 2043; x_wconf 88' lang='lat' dir='ltr'><strong>patria</strong></span> <span class='ocrx_word' id='word_1_363' title='bbox 1932 1969 2334 2028; x_wconf 83' lang='lat' dir='ltr'><strong>Gandavensis</strong></span> <span class='ocrx_word' id='word_1_364' title='bbox 2381 1969 2574 2028; x_wconf 88' lang='lat' dir='ltr'><strong>literis</strong></span> <span class='ocrx_word' id='word_1_365' title='bbox 2621 1974 2682 2028; x_wconf 91' lang='lat' dir='ltr'><strong>et</strong></span> <span class='ocrx_word' id='word_1_366' title='bbox 2727 1970 2973 2046; x_wconf 86' lang='lat' dir='ltr'><strong>legatio-</strong></span> 
     </span>
     <span class='ocr_line' id='line_1_68' title="bbox 1691 2057 2975 2133; baseline 0.001 -19"><span class='ocrx_word' id='word_1_367' title='bbox 1691 2057 1870 2115; x_wconf 88' lang='lat' dir='ltr'><strong>nibus</strong></span> <span class='ocrx_word' id='word_1_368' title='bbox 1890 2057 2050 2115; x_wconf 91' lang='lat' dir='ltr'><strong>domi</strong></span> <span class='ocrx_word' id='word_1_369' title='bbox 2070 2058 2332 2133; x_wconf 83' lang='lat' dir='ltr'><strong>forisque</strong></span> <span class='ocrx_word' id='word_1_370' title='bbox 2357 2060 2665 2132; x_wconf 87' lang='lat' dir='ltr'><strong>spectatus</strong></span> <span class='ocrx_word' id='word_1_371' title='bbox 2688 2078 2757 2115; x_wconf 84' lang='lat' dir='ltr'><strong>ex</strong></span> <span class='ocrx_word' id='word_1_372' title='bbox 2782 2058 2975 2116; x_wconf 88' lang='lat' dir='ltr'><strong>archi-</strong></span> 
     </span>
     <span class='ocr_line' id='line_1_69' title="bbox 1691 2145 2976 2221; baseline 0.003 -19"><span class='ocrx_word' id='word_1_373' title='bbox 1691 2145 1933 2204; x_wconf 87' lang='lat' dir='ltr'><strong>diacono</strong></span> <span class='ocrx_word' id='word_1_374' title='bbox 1965 2150 2028 2205; x_wconf 89' lang='lat' dir='ltr'><strong>et</strong></span> <span class='ocrx_word' id='word_1_375' title='bbox 2058 2147 2343 2221; x_wconf 86' lang='lat' dir='ltr'><strong>principis</strong></span> <span class='ocrx_word' id='word_1_376' title='bbox 2390 2147 2705 2205; x_wconf 90' lang='lat' dir='ltr'><strong>leodiensis</strong></span> <span class='ocrx_word' id='word_1_377' title='bbox 2758 2147 2976 2206; x_wconf 88' lang='lat' dir='ltr'><strong>vicario</strong></span> 
     </span>
     <span class='ocr_line' id='line_1_70' title="bbox 1692 2234 2973 2311; baseline 0.002 -20"><span class='ocrx_word' id='word_1_378' title='bbox 1692 2234 2805 2311; x_wconf 86' lang='lat' dir='ltr'><strong>generalisecundusAntwerpiensium</strong></span> <span class='ocrx_word' id='word_1_379' title='bbox 2817 2235 2973 2309; x_wconf 87' lang='lat' dir='ltr'><strong>epis-</strong></span> 
     </span>
     <span class='ocr_line' id='line_1_71' title="bbox 1692 2316 2972 2401; baseline 0 -21"><span class='ocrx_word' id='word_1_380' title='bbox 1692 2341 1873 2398; x_wconf 84' lang='lat' dir='ltr'><strong>copus</strong></span> <span class='ocrx_word' id='word_1_381' title='bbox 1924 2327 1984 2381; x_wconf 92' lang='lat' dir='ltr'><strong>et</strong></span> <span class='ocrx_word' id='word_1_382' title='bbox 2033 2324 2250 2382; x_wconf 83' lang='lat' dir='ltr'><strong>tertius</strong></span> <span class='ocrx_word' id='word_1_383' title='bbox 2300 2324 2740 2401; x_wconf 81' lang='lat' dir='ltr'><strong>mechliniensis</strong></span> <span class='ocrx_word' id='word_1_384' title='bbox 2783 2316 2972 2381; x_wconf 83' lang='lat' dir='ltr'><strong>archi-</strong></span> 
     </span>
     <span class='ocr_line' id='line_1_72' title="bbox 1691 2410 2971 2493; baseline 0.005 -24"><span class='ocrx_word' id='word_1_385' title='bbox 1691 2412 2001 2487; x_wconf 85' lang='lat' dir='ltr'><strong>episcopus</strong></span> <span class='ocrx_word' id='word_1_386' title='bbox 2019 2413 2363 2489; x_wconf 84' lang='lat' dir='ltr'><strong>designatus</strong></span> <span class='ocrx_word' id='word_1_387' title='bbox 2386 2410 2447 2493; x_wconf 85' lang='lat'><strong>(†</strong></span> <span class='ocrx_word' id='word_1_388' title='bbox 2466 2422 2563 2474; x_wconf 88' lang='lat'><strong>26.</strong></span> <span class='ocrx_word' id='word_1_389' title='bbox 2587 2415 2727 2488; x_wconf 86' lang='lat' dir='ltr'><strong>Apr.</strong></span> <span class='ocrx_word' id='word_1_390' title='bbox 2760 2426 2778 2475; x_wconf 86' lang='lat'>1</span> <span class='ocrx_word' id='word_1_391' title='bbox 2800 2414 2971 2492; x_wconf 86' lang='lat'><strong>595),</strong></span> 
     </span>
     <span class='ocr_line' id='line_1_73' title="bbox 1692 2500 2973 2576; baseline 0.001 -19"><span class='ocrx_word' id='word_1_392' title='bbox 1692 2500 1942 2575; x_wconf 83' lang='lat' dir='ltr'><strong>insignis</strong></span> <span class='ocrx_word' id='word_1_393' title='bbox 1981 2506 2108 2560; x_wconf 89' lang='lat' dir='ltr'><strong>erat</strong></span> <span class='ocrx_word' id='word_1_394' title='bbox 2152 2505 2344 2576; x_wconf 87' lang='lat' dir='ltr'><strong>poeta,</strong></span> <span class='ocrx_word' id='word_1_395' title='bbox 2394 2502 2496 2576; x_wconf 90' lang='lat' dir='ltr'><strong>qui</strong></span> <span class='ocrx_word' id='word_1_396' title='bbox 2542 2520 2777 2560; x_wconf 89' lang='lat' dir='ltr'><strong>carmen</strong></span> <span class='ocrx_word' id='word_1_397' title='bbox 2825 2520 2973 2576; x_wconf 89' lang='lat' dir='ltr'><strong>pan-</strong></span> 
     </span>
     <span class='ocr_line' id='line_1_74' title="bbox 1692 2590 2973 2666; baseline 0.001 -18"><span class='ocrx_word' id='word_1_398' title='bbox 1692 2591 1869 2666; x_wconf 85' lang='lat' dir='ltr'><strong>gebat</strong></span> <span class='ocrx_word' id='word_1_399' title='bbox 1901 2610 2198 2660; x_wconf 89' lang='lat' dir='ltr'><strong>sonorum,</strong></span> <span class='ocrx_word' id='word_1_400' title='bbox 2249 2610 2487 2665; x_wconf 90' lang='lat' dir='ltr'><strong>purum,</strong></span> <span class='ocrx_word' id='word_1_401' title='bbox 2537 2591 2863 2651; x_wconf 88' lang='lat' dir='ltr'><strong>Horatiano</strong></span> <span class='ocrx_word' id='word_1_402' title='bbox 2895 2590 2973 2650; x_wconf 91' lang='lat' dir='ltr'><strong>si-</strong></span> 
     </span>
     <span class='ocr_line' id='line_1_75' title="bbox 1693 2675 2973 2761; baseline 0.002 -26"><span class='ocrx_word' id='word_1_403' title='bbox 1693 2675 2091 2761; x_wconf 65' lang='lat' dir='ltr'><strong>millimumss),</strong></span> <span class='ocrx_word' id='word_1_404' title='bbox 2109 2681 2194 2738; x_wconf 82' lang='lat' dir='ltr'><strong>ita</strong></span> <span class='ocrx_word' id='word_1_405' title='bbox 2213 2682 2283 2738; x_wconf 80' lang='lat' dir='ltr'><strong>de</strong></span> <span class='ocrx_word' id='word_1_406' title='bbox 2297 2688 2476 2756; x_wconf 81' lang='lat' dir='ltr'><strong>partu</strong></span> <span class='ocrx_word' id='word_1_407' title='bbox 2524 2680 2776 2758; x_wconf 76' lang='lat' dir='ltr'><strong>Viryinis</strong></span> <span class='ocrx_word' id='word_1_408' title='bbox 2805 2681 2866 2738; x_wconf 93' lang='lat' dir='ltr'><strong>ll.</strong></span> <span class='ocrx_word' id='word_1_409' title='bbox 2887 2681 2973 2748; x_wconf 77' lang='lat'><strong>113</strong></span> 
     </span>
     <span class='ocr_line' id='line_1_76' title="bbox 1692 2767 2977 2839; baseline 0 -13"><span class='ocrx_word' id='word_1_410' title='bbox 1692 2769 1760 2826; x_wconf 78' lang='lat' dir='ltr'><strong>de</strong></span> <span class='ocrx_word' id='word_1_411' title='bbox 1791 2771 1909 2827; x_wconf 78' lang='lat' dir='ltr'><strong>vita</strong></span> <span class='ocrx_word' id='word_1_412' title='bbox 1939 2770 1995 2829; x_wconf 82' lang='lat' dir='ltr'><strong>d.</strong></span> <span class='ocrx_word' id='word_1_413' title='bbox 2029 2767 2204 2828; x_wconf 79' lang='lat' dir='ltr'><strong>Pauli</strong></span> <span class='ocrx_word' id='word_1_414' title='bbox 2242 2770 2303 2826; x_wconf 91' lang='lat' dir='ltr'><strong>ll.</strong></span> <span class='ocrx_word' id='word_1_415' title='bbox 2339 2770 2426 2839; x_wconf 75' lang='lat'><strong>113</strong></span> <span class='ocrx_word' id='word_1_416' title='bbox 2478 2769 2767 2828; x_wconf 86' lang='lat' dir='ltr'><strong>disseruit</strong></span> <span class='ocrx_word' id='word_1_417' title='bbox 2815 2778 2864 2826; x_wconf 80' lang='lat' dir='ltr'><strong>et</strong></span> <span class='ocrx_word' id='word_1_418' title='bbox 2909 2770 2977 2827; x_wconf 79' lang='lat' dir='ltr'><strong>de</strong></span> 
     </span>
    </p>
   </div>
   <div class='ocr_carea' id='block_1_12' title="bbox 1695 2910 2012 2915">
    <p class='ocr_par' dir='ltr' id='par_1_12' title="bbox 1695 2910 2012 2915">
     <span class='ocr_line' id='line_1_77' title="bbox 1695 2910 2012 2915; baseline 0 0"><span class='ocrx_word' id='word_1_419' title='bbox 1695 2910 2012 2915; x_wconf 95' lang='lat' dir='ltr'><strong> </strong></span> 
     </span>
    </p>
   </div>
   <div class='ocr_carea' id='block_1_13' title="bbox 1691 2972 2980 4676">
    <p class='ocr_par' dir='ltr' id='par_1_13' title="bbox 1691 2972 2980 4676">
     <span class='ocr_line' id='line_1_78' title="bbox 1769 2972 2977 3044; baseline 0 -17"><span class='ocrx_word' id='word_1_420' title='bbox 1769 2977 1809 3044; x_wconf 87' lang='lat'><strong>¹)</strong></span> <span class='ocrx_word' id='word_1_421' title='bbox 1838 2972 1920 3027; x_wconf 86' lang='lat' dir='ltr'><strong>cf.</strong></span> <span class='ocrx_word' id='word_1_422' title='bbox 1943 2990 2137 3027; x_wconf 88' lang='lat' dir='ltr'><strong>eorum</strong></span> <span class='ocrx_word' id='word_1_423' title='bbox 2166 2975 2491 3043; x_wconf 82' lang='lat' dir='ltr'><strong>catalogum</strong></span> <span class='ocrx_word' id='word_1_424' title='bbox 2520 2990 2613 3043; x_wconf 87' lang='lat' dir='ltr'><strong>ap.</strong></span> <span class='ocrx_word' id='word_1_425' title='bbox 2632 2973 2825 3027; x_wconf 90' lang='lat' dir='ltr'><strong>Zedler</strong></span> <span class='ocrx_word' id='word_1_426' title='bbox 2842 2972 2977 3027; x_wconf 91' lang='lat' dir='ltr'><strong>Uni·</strong></span> 
     </span>
     <span class='ocr_line' id='line_1_79' title="bbox 1696 3044 2977 3115; baseline 0.001 -18"><span class='ocrx_word' id='word_1_427' title='bbox 1696 3045 2097 3099; x_wconf 85' lang='lat' dir='ltr'><strong>versallexicon</strong></span> <span class='ocrx_word' id='word_1_428' title='bbox 2137 3049 2225 3108; x_wconf 82' lang='grc'><strong>48,</strong></span> <span class='ocrx_word' id='word_1_429' title='bbox 2261 3049 2416 3101; x_wconf 88' lang='grc'><strong>1017.</strong></span> <span class='ocrx_word' id='word_1_430' title='bbox 2468 3077 2526 3084; x_wconf 79' lang='lat'>—</span> <span class='ocrx_word' id='word_1_431' title='bbox 2573 3044 2673 3098; x_wconf 90' lang='lat' dir='ltr'><strong>His</strong></span> <span class='ocrx_word' id='word_1_432' title='bbox 2705 3044 2836 3098; x_wconf 86' lang='lat' dir='ltr'><strong>addi</strong></span> <span class='ocrx_word' id='word_1_433' title='bbox 2882 3062 2977 3115; x_wconf 91' lang='lat' dir='ltr'><strong>po-</strong></span> 
     </span>
     <span class='ocr_line' id='line_1_80' title="bbox 1694 3115 2973 3180; baseline -0.001 -12"><span class='ocrx_word' id='word_1_434' title='bbox 1694 3119 1805 3169; x_wconf 88' lang='lat' dir='ltr'><strong>test</strong></span> <span class='ocrx_word' id='word_1_435' title='bbox 1832 3115 2129 3170; x_wconf 89' lang='lat' dir='ltr'><strong>Cornelius</strong></span> <span class='ocrx_word' id='word_1_436' title='bbox 2156 3117 2204 3168; x_wconf 92' lang='lat' dir='ltr'><strong>A</strong></span> <span class='ocrx_word' id='word_1_437' title='bbox 2219 3117 2254 3168; x_wconf 91' lang='lat' dir='ltr'><strong>d</strong></span> <span class='ocrx_word' id='word_1_438' title='bbox 2272 3133 2300 3168; x_wconf 90' lang='lat' dir='ltr'><strong>r</strong></span> <span class='ocrx_word' id='word_1_439' title='bbox 2314 3115 2333 3167; x_wconf 91' lang='lat' dir='ltr'><strong>i</strong></span> <span class='ocrx_word' id='word_1_440' title='bbox 2347 3132 2381 3168; x_wconf 89' lang='lat' dir='ltr'><strong>a</strong></span> <span class='ocrx_word' id='word_1_441' title='bbox 2396 3133 2426 3168; x_wconf 94' lang='lat' dir='ltr'><strong>e</strong></span> <span class='ocrx_word' id='word_1_442' title='bbox 2446 3134 2480 3166; x_wconf 92' lang='lat' dir='ltr'><strong>n</strong></span> <span class='ocrx_word' id='word_1_443' title='bbox 2498 3133 2523 3168; x_wconf 88' lang='lat' dir='ltr'><strong>s</strong></span> <span class='ocrx_word' id='word_1_444' title='bbox 2540 3135 2568 3168; x_wconf 89' lang='lat' dir='ltr'>z</span> <span class='ocrx_word' id='word_1_445' title='bbox 2616 3115 2973 3180; x_wconf 87' lang='lat' dir='ltr'><strong>(Adriansen,</strong></span> 
     </span>
     <span class='ocr_line' id='line_1_81' title="bbox 1692 3185 2975 3257; baseline 0.001 -17"><span class='ocrx_word' id='word_1_446' title='bbox 1692 3186 1999 3257; x_wconf 84' lang='lat' dir='ltr'><strong>Adrianus)</strong></span> <span class='ocrx_word' id='word_1_447' title='bbox 2045 3186 2441 3240; x_wconf 86' lang='lat' dir='ltr'><strong>Dordracenus</strong></span> <span class='ocrx_word' id='word_1_448' title='bbox 2481 3185 2544 3240; x_wconf 93' lang='lat' dir='ltr'><strong>O.</strong></span> <span class='ocrx_word' id='word_1_449' title='bbox 2585 3189 2636 3241; x_wconf 76' lang='lat' dir='ltr'><strong>S.</strong></span> <span class='ocrx_word' id='word_1_450' title='bbox 2665 3187 2752 3239; x_wconf 88' lang='lat' dir='ltr'><strong>Fr.</strong></span> <span class='ocrx_word' id='word_1_451' title='bbox 2798 3185 2975 3256; x_wconf 82' lang='lat' dir='ltr'><strong>vulgo</strong></span> 
     </span>
     <span class='ocr_line' id='line_1_82' title="bbox 1693 3257 2974 3327; baseline -0.001 -17"><span class='ocrx_word' id='word_1_452' title='bbox 1693 3259 1869 3312; x_wconf 81' lang='lat' dir='ltr'><strong>frater</strong></span> <span class='ocrx_word' id='word_1_453' title='bbox 1896 3257 2189 3311; x_wconf 81' lang='lat' dir='ltr'><strong>Cornelius</strong></span> <span class='ocrx_word' id='word_1_454' title='bbox 2217 3259 2556 3327; x_wconf 75' lang='lat' dir='ltr'><strong>appellatuS,</strong></span> <span class='ocrx_word' id='word_1_455' title='bbox 2596 3258 2974 3327; x_wconf 87' lang='lat' dir='ltr'><strong>Brugensium</strong></span> 
     </span>
     <span class='ocr_line' id='line_1_83' title="bbox 1692 3328 2975 3399; baseline -0.001 -18"><span class='ocrx_word' id='word_1_456' title='bbox 1692 3331 2005 3399; x_wconf 87' lang='lat' dir='ltr'><strong>apostolus,</strong></span> <span class='ocrx_word' id='word_1_457' title='bbox 2034 3329 2137 3397; x_wconf 88' lang='lat' dir='ltr'><strong>qui</strong></span> <span class='ocrx_word' id='word_1_458' title='bbox 2163 3346 2211 3381; x_wconf 86' lang='lat' dir='ltr'><strong>a.</strong></span> <span class='ocrx_word' id='word_1_459' title='bbox 2240 3334 2310 3385; x_wconf 85' lang='lat'><strong>30</strong></span> <span class='ocrx_word' id='word_1_460' title='bbox 2338 3329 2619 3399; x_wconf 90' lang='lat' dir='ltr'><strong>populum</strong></span> <span class='ocrx_word' id='word_1_461' title='bbox 2646 3331 2704 3382; x_wconf 89' lang='lat' dir='ltr'><strong>in</strong></span> <span class='ocrx_word' id='word_1_462' title='bbox 2725 3328 2831 3380; x_wconf 87' lang='lat' dir='ltr'><strong>fide</strong></span> <span class='ocrx_word' id='word_1_463' title='bbox 2849 3346 2975 3381; x_wconf 89' lang='lat' dir='ltr'><strong>con-</strong></span> 
     </span>
     <span class='ocr_line' id='line_1_84' title="bbox 1694 3399 2976 3468; baseline -0.001 -15"><span class='ocrx_word' id='word_1_464' title='bbox 1694 3400 1943 3454; x_wconf 84' lang='lat' dir='ltr'><strong>firmavit</strong></span> <span class='ocrx_word' id='word_1_465' title='bbox 1968 3400 2233 3468; x_wconf 89' lang='lat' dir='ltr'><strong>interque</strong></span> <span class='ocrx_word' id='word_1_466' title='bbox 2274 3400 2640 3453; x_wconf 82' lang='lat' dir='ltr'><strong>frementium</strong></span> <span class='ocrx_word' id='word_1_467' title='bbox 2671 3399 2976 3452; x_wconf 87' lang='lat' dir='ltr'><strong>haeretico-</strong></span> 
     </span>
     <span class='ocr_line' id='line_1_85' title="bbox 1693 3469 2977 3538; baseline -0.002 -14"><span class='ocrx_word' id='word_1_468' title='bbox 1693 3489 1821 3526; x_wconf 90' lang='lat' dir='ltr'><strong>rum</strong></span> <span class='ocrx_word' id='word_1_469' title='bbox 1872 3471 2185 3525; x_wconf 88' lang='lat' dir='ltr'><strong>calumnias</strong></span> <span class='ocrx_word' id='word_1_470' title='bbox 2235 3470 2677 3538; x_wconf 86' lang='lat' dir='ltr'><strong>libellorumque</strong></span> <span class='ocrx_word' id='word_1_471' title='bbox 2725 3469 2977 3522; x_wconf 90' lang='lat' dir='ltr'><strong>ludibria</strong></span> 
     </span>
     <span class='ocr_line' id='line_1_86' title="bbox 1693 3540 2976 3623; baseline -0.002 -28"><span class='ocrx_word' id='word_1_472' title='bbox 1693 3559 1914 3623; x_wconf 86' lang='lat' dir='ltr'><strong>semper</strong></span> <span class='ocrx_word' id='word_1_473' title='bbox 1942 3544 2206 3598; x_wconf 87' lang='lat' dir='ltr'><strong>constans</strong></span> <span class='ocrx_word' id='word_1_474' title='bbox 2234 3544 2291 3596; x_wconf 86' lang='lat' dir='ltr'><strong>et</strong></span> <span class='ocrx_word' id='word_1_475' title='bbox 2314 3541 2561 3594; x_wconf 86' lang='lat' dir='ltr'><strong>invictus</strong></span> <span class='ocrx_word' id='word_1_476' title='bbox 2588 3540 2815 3605; x_wconf 87' lang='lat' dir='ltr'><strong>mansit,</strong></span> <span class='ocrx_word' id='word_1_477' title='bbox 2851 3540 2976 3593; x_wconf 89' lang='lat' dir='ltr'><strong>reli·</strong></span> 
     </span>
     <span class='ocr_line' id='line_1_87' title="bbox 1691 3610 2977 3683; baseline -0.002 -17"><span class='ocrx_word' id='word_1_478' title='bbox 1691 3614 1979 3683; x_wconf 73' lang='lat' dir='ltr'><strong>giosisque</strong></span> <span class='ocrx_word' id='word_1_479' title='bbox 2007 3613 2271 3667; x_wconf 90' lang='lat' dir='ltr'><strong>omnibus</strong></span> <span class='ocrx_word' id='word_1_480' title='bbox 2292 3629 2462 3665; x_wconf 84' lang='lat' dir='ltr'><strong>causa</strong></span> <span class='ocrx_word' id='word_1_481' title='bbox 2482 3611 2615 3664; x_wconf 89' lang='lat' dir='ltr'><strong>fidei</strong></span> <span class='ocrx_word' id='word_1_482' title='bbox 2643 3610 2977 3682; x_wconf 84' lang='lat' dir='ltr'><strong>proscriptis</strong></span> 
     </span>
     <span class='ocr_line' id='line_1_88' title="bbox 1694 3683 2977 3751; baseline -0.002 -13"><span class='ocrx_word' id='word_1_483' title='bbox 1694 3683 1839 3738; x_wconf 91' lang='lat' dir='ltr'><strong>obiit</strong></span> <span class='ocrx_word' id='word_1_484' title='bbox 1876 3689 1960 3740; x_wconf 77' lang='lat'><strong>14.</strong></span> <span class='ocrx_word' id='word_1_485' title='bbox 2000 3683 2114 3738; x_wconf 86' lang='lat' dir='ltr'><strong>Jul.</strong></span> <span class='ocrx_word' id='word_1_486' title='bbox 2157 3687 2312 3740; x_wconf 84' lang='lat'><strong>1581.</strong></span> <span class='ocrx_word' id='word_1_487' title='bbox 2365 3688 2646 3739; x_wconf 72' lang='lat' dir='ltr'><strong>conciones</strong></span> <span class='ocrx_word' id='word_1_488' title='bbox 2690 3683 2812 3750; x_wconf 88' lang='lat' dir='ltr'><strong>ejus</strong></span> <span class='ocrx_word' id='word_1_489' title='bbox 2852 3698 2977 3751; x_wconf 90' lang='lat' dir='ltr'><strong>pro-</strong></span> 
     </span>
     <span class='ocr_line' id='line_1_89' title="bbox 1693 3753 2976 3823; baseline -0.003 -14"><span class='ocrx_word' id='word_1_490' title='bbox 1693 3756 1926 3809; x_wconf 87' lang='lat' dir='ltr'><strong>dierunt</strong></span> <span class='ocrx_word' id='word_1_491' title='bbox 1967 3755 2195 3823; x_wconf 88' lang='lat' dir='ltr'><strong>quidem</strong></span> <span class='ocrx_word' id='word_1_492' title='bbox 2238 3754 2649 3810; x_wconf 84' lang='lat' dir='ltr'><strong>malevolorum</strong></span> <span class='ocrx_word' id='word_1_493' title='bbox 2676 3753 2976 3807; x_wconf 88' lang='lat' dir='ltr'><strong>hominum</strong></span> 
     </span>
     <span class='ocr_line' id='line_1_90' title="bbox 1693 3824 2976 3895; baseline -0.004 -14"><span class='ocrx_word' id='word_1_494' title='bbox 1693 3831 1752 3881; x_wconf 92' lang='lat' dir='ltr'><strong>et</strong></span> <span class='ocrx_word' id='word_1_495' title='bbox 1799 3827 2215 3880; x_wconf 88' lang='lat' dir='ltr'><strong>haereticorum</strong></span> <span class='ocrx_word' id='word_1_496' title='bbox 2259 3824 2482 3880; x_wconf 87' lang='lat' dir='ltr'><strong>malitia</strong></span> <span class='ocrx_word' id='word_1_497' title='bbox 2526 3827 2694 3895; x_wconf 89' lang='lat' dir='ltr'><strong>plane</strong></span> <span class='ocrx_word' id='word_1_498' title='bbox 2742 3825 2976 3877; x_wconf 84' lang='lat' dir='ltr'><strong>vitiatae</strong></span> 
     </span>
     <span class='ocr_line' id='line_1_91' title="bbox 1695 3896 2977 3964; baseline -0.005 -10"><span class='ocrx_word' id='word_1_499' title='bbox 1695 3902 1834 3954; x_wconf 83' lang='lat'>1566</span> <span class='ocrx_word' id='word_1_500' title='bbox 1861 3901 1916 3951; x_wconf 86' lang='lat' dir='ltr'><strong>et</strong></span> <span class='ocrx_word' id='word_1_501' title='bbox 1943 3902 2100 3955; x_wconf 85' lang='grc'><strong>1569.</strong></span> <span class='ocrx_word' id='word_1_502' title='bbox 2152 3896 2467 3950; x_wconf 82' lang='lat' dir='ltr'><strong>Calumniis</strong></span> <span class='ocrx_word' id='word_1_503' title='bbox 2508 3897 2569 3949; x_wconf 90' lang='lat' dir='ltr'><strong>in</strong></span> <span class='ocrx_word' id='word_1_504' title='bbox 2610 3913 2739 3950; x_wconf 89' lang='lat' dir='ltr'><strong>eum</strong></span> <span class='ocrx_word' id='word_1_505' title='bbox 2768 3897 2977 3964; x_wconf 84' lang='lat' dir='ltr'><strong>sparsis</strong></span> 
     </span>
     <span class='ocr_line' id='line_1_92' title="bbox 1693 3967 2975 4038; baseline -0.003 -16"><span class='ocrx_word' id='word_1_506' title='bbox 1693 3969 1960 4038; x_wconf 83' lang='lat' dir='ltr'><strong>apologia</strong></span> <span class='ocrx_word' id='word_1_507' title='bbox 1988 3968 2247 4032; x_wconf 87' lang='lat' dir='ltr'><strong>occurrit,</strong></span> <span class='ocrx_word' id='word_1_508' title='bbox 2277 3985 2424 4036; x_wconf 83' lang='lat' dir='ltr'><strong>quae</strong></span> <span class='ocrx_word' id='word_1_509' title='bbox 2452 3971 2643 4020; x_wconf 86' lang='lat' dir='ltr'><strong>tamen</strong></span> <span class='ocrx_word' id='word_1_510' title='bbox 2663 3967 2975 4020; x_wconf 87' lang='lat' dir='ltr'><strong>mansitin·</strong></span> 
     </span>
     <span class='ocr_line' id='line_1_93' title="bbox 1693 4036 2979 4109; baseline -0.005 -15"><span class='ocrx_word' id='word_1_511' title='bbox 1693 4040 1865 4094; x_wconf 86' lang='lat' dir='ltr'><strong>edita.</strong></span> <span class='ocrx_word' id='word_1_512' title='bbox 1908 4040 1990 4094; x_wconf 87' lang='lat' dir='ltr'><strong>Cf.</strong></span> <span class='ocrx_word' id='word_1_513' title='bbox 2020 4040 2283 4109; x_wconf 85' lang='lat' dir='ltr'><strong>Foppens</strong></span> <span class='ocrx_word' id='word_1_514' title='bbox 2352 4080 2363 4094; x_wconf 84' lang='lat'><strong>.</strong></span> <span class='ocrx_word' id='word_1_515' title='bbox 2395 4043 2495 4095; x_wconf 87' lang='grc'><strong>191</strong></span> <span class='ocrx_word' id='word_1_516' title='bbox 2526 4056 2598 4096; x_wconf 86' lang='lat' dir='ltr'><strong>s.;</strong></span> <span class='ocrx_word' id='word_1_517' title='bbox 2626 4036 2979 4106; x_wconf 87' lang='lat' dir='ltr'><strong>Alberdingk</strong></span> 
     </span>
     <span class='ocr_line' id='line_1_94' title="bbox 1693 4109 2978 4180; baseline -0.003 -15"><span class='ocrx_word' id='word_1_518' title='bbox 1693 4111 1884 4180; x_wconf 86' lang='lat' dir='ltr'><strong>Thijm</strong></span> <span class='ocrx_word' id='word_1_519' title='bbox 1912 4110 2023 4166; x_wconf 89' lang='lat' dir='ltr'><strong>KL.</strong></span> <span class='ocrx_word' id='word_1_520' title='bbox 2052 4112 2095 4175; x_wconf 93' lang='lat' dir='ltr'><strong>I,</strong></span> <span class='ocrx_word' id='word_1_521' title='bbox 2120 4115 2241 4167; x_wconf 71' lang='lat'><strong>⁶248.</strong></span> <span class='ocrx_word' id='word_1_522' title='bbox 2339 4110 2543 4163; x_wconf 89' lang='lat' dir='ltr'><strong>ibellus</strong></span> <span class='ocrx_word' id='word_1_523' title='bbox 2580 4109 2978 4162; x_wconf 85' lang='lat' dir='ltr'><strong>infamatorius</strong></span> 
     </span>
     <span class='ocr_line' id='line_1_95' title="bbox 1693 4179 2977 4237; baseline -0.004 -1"><span class='ocrx_word' id='word_1_524' title='bbox 1693 4184 1936 4237; x_wconf 71' lang='lat' dir='ltr'><strong>Historia</strong></span> <span class='ocrx_word' id='word_1_525' title='bbox 1974 4202 2077 4236; x_wconf 82' lang='lat' dir='ltr'><strong>van</strong></span> <span class='ocrx_word' id='word_1_526' title='bbox 2119 4186 2391 4236; x_wconf 63' lang='lat' dir='ltr'><strong>vor-nelias</strong></span> <span class='ocrx_word' id='word_1_527' title='bbox 2434 4183 2736 4235; x_wconf 78' lang='lat' dir='ltr'><strong>Adriansen</strong></span> <span class='ocrx_word' id='word_1_528' title='bbox 2763 4198 2815 4235; x_wconf 78' lang='lat' dir='ltr'><strong>v,</strong></span> <span class='ocrx_word' id='word_1_529' title='bbox 2845 4179 2977 4233; x_wconf 90' lang='lat' dir='ltr'><strong>Dor-</strong></span> 
     </span>
     <span class='ocr_line' id='line_1_96' title="bbox 1694 4253 2978 4320; baseline -0.002 -13"><span class='ocrx_word' id='word_1_530' title='bbox 1694 4254 1896 4307; x_wconf 88' lang='lat' dir='ltr'><strong>drecht</strong></span> <span class='ocrx_word' id='word_1_531' title='bbox 1920 4256 2118 4307; x_wconf 87' lang='lat' dir='ltr'><strong>contra</strong></span> <span class='ocrx_word' id='word_1_532' title='bbox 2144 4269 2273 4307; x_wconf 90' lang='lat' dir='ltr'><strong>eum</strong></span> <span class='ocrx_word' id='word_1_533' title='bbox 2299 4257 2438 4309; x_wconf 86' lang='grc'><strong>1569</strong></span> <span class='ocrx_word' id='word_1_534' title='bbox 2466 4253 2653 4305; x_wconf 89' lang='lat' dir='ltr'><strong>editus</strong></span> <span class='ocrx_word' id='word_1_535' title='bbox 2671 4269 2837 4320; x_wconf 77' lang='lat' dir='ltr'><strong>saepe</strong></span> <span class='ocrx_word' id='word_1_536' title='bbox 2857 4267 2978 4320; x_wconf 89' lang='lat' dir='ltr'><strong>pro-</strong></span> 
     </span>
     <span class='ocr_line' id='line_1_97' title="bbox 1694 4320 2979 4392; baseline -0.005 -13"><span class='ocrx_word' id='word_1_537' title='bbox 1694 4324 1821 4379; x_wconf 91' lang='lat' dir='ltr'><strong>diit.</strong></span> <span class='ocrx_word' id='word_1_538' title='bbox 1848 4358 1916 4366; x_wconf 85' lang='lat'><strong>—</strong></span> <span class='ocrx_word' id='word_1_539' title='bbox 1944 4327 2031 4378; x_wconf 86' lang='lat' dir='ltr'><strong>Ab</strong></span> <span class='ocrx_word' id='word_1_540' title='bbox 2054 4325 2163 4377; x_wconf 89' lang='lat' dir='ltr'><strong>hoc</strong></span> <span class='ocrx_word' id='word_1_541' title='bbox 2190 4323 2469 4392; x_wconf 88' lang='lat' dir='ltr'><strong>distingui</strong></span> <span class='ocrx_word' id='word_1_542' title='bbox 2486 4323 2655 4376; x_wconf 88' lang='lat' dir='ltr'><strong>debet</strong></span> <span class='ocrx_word' id='word_1_543' title='bbox 2681 4323 2775 4375; x_wconf 85' lang='lat' dir='ltr'><strong>Ha</strong></span> <span class='ocrx_word' id='word_1_544' title='bbox 2793 4322 2827 4374; x_wconf 91' lang='lat' dir='ltr'><strong>d</strong></span> <span class='ocrx_word' id='word_1_545' title='bbox 2846 4338 2873 4373; x_wconf 90' lang='lat' dir='ltr'><strong>r</strong></span> <span class='ocrx_word' id='word_1_546' title='bbox 2889 4320 2909 4372; x_wconf 93' lang='lat' dir='ltr'><strong>i</strong></span> <span class='ocrx_word' id='word_1_547' title='bbox 2925 4338 2979 4372; x_wconf 87' lang='lat' dir='ltr'><strong>a·</strong></span> 
     </span>
     <span class='ocr_line' id='line_1_98' title="bbox 1695 4392 2978 4461; baseline -0.003 -14"><span class='ocrx_word' id='word_1_548' title='bbox 1695 4415 1732 4447; x_wconf 89' lang='lat' dir='ltr'><strong>n</strong></span> <span class='ocrx_word' id='word_1_549' title='bbox 1745 4414 1783 4448; x_wconf 89' lang='lat' dir='ltr'><strong>u</strong></span> <span class='ocrx_word' id='word_1_550' title='bbox 1796 4413 1821 4448; x_wconf 90' lang='lat' dir='ltr'><strong>s</strong></span> <span class='ocrx_word' id='word_1_551' title='bbox 1840 4396 2147 4449; x_wconf 87' lang='lat' dir='ltr'><strong>Adriaensz</strong></span> <span class='ocrx_word' id='word_1_552' title='bbox 2161 4394 2576 4460; x_wconf 77' lang='lat' dir='ltr'><strong>(Adriaensens,</strong></span> <span class='ocrx_word' id='word_1_553' title='bbox 2597 4392 2834 4446; x_wconf 86' lang='lat' dir='ltr'><strong>Adriani</strong></span> <span class='ocrx_word' id='word_1_554' title='bbox 2853 4393 2978 4461; x_wconf 89' lang='lat' dir='ltr'><strong>etc.)</strong></span> 
     </span>
     <span class='ocr_line' id='line_1_99' title="bbox 1696 4462 2980 4535; baseline -0.004 -16"><span class='ocrx_word' id='word_1_555' title='bbox 1696 4467 1748 4520; x_wconf 73' lang='lat' dir='ltr'><strong>S.</strong></span> <span class='ocrx_word' id='word_1_556' title='bbox 1764 4466 1831 4529; x_wconf 86' lang='lat' dir='ltr'><strong>J.,</strong></span> <span class='ocrx_word' id='word_1_557' title='bbox 1859 4467 1962 4535; x_wconf 88' lang='lat' dir='ltr'><strong>qui</strong></span> <span class='ocrx_word' id='word_1_558' title='bbox 1988 4466 2185 4521; x_wconf 92' lang='lat' dir='ltr'><strong>eodem</strong></span> <span class='ocrx_word' id='word_1_559' title='bbox 2210 4482 2260 4518; x_wconf 92' lang='lat' dir='ltr'><strong>a.</strong></span> <span class='ocrx_word' id='word_1_560' title='bbox 2289 4465 2587 4520; x_wconf 86' lang='lat' dir='ltr'><strong>decessisse</strong></span> <span class='ocrx_word' id='word_1_561' title='bbox 2610 4463 2836 4534; x_wconf 85' lang='lat' dir='ltr'><strong>legitur,</strong></span> <span class='ocrx_word' id='word_1_562' title='bbox 2857 4462 2980 4531; x_wconf 88' lang='lat' dir='ltr'><strong>qui-</strong></span> 
     </span>
     <span class='ocr_line' id='line_1_100' title="bbox 1697 4533 2979 4607; baseline -0.003 -17"><span class='ocrx_word' id='word_1_563' title='bbox 1697 4553 1807 4605; x_wconf 89' lang='lat' dir='ltr'><strong>que</strong></span> <span class='ocrx_word' id='word_1_564' title='bbox 1830 4538 2070 4606; x_wconf 90' lang='lat' dir='ltr'><strong>reliquit</strong></span> <span class='ocrx_word' id='word_1_565' title='bbox 2081 4538 2282 4606; x_wconf 88' lang='lat' dir='ltr'><strong>lingua</strong></span> <span class='ocrx_word' id='word_1_566' title='bbox 2298 4536 2485 4607; x_wconf 85' lang='lat' dir='ltr'><strong>patria</strong></span> <span class='ocrx_word' id='word_1_567' title='bbox 2502 4536 2668 4606; x_wconf 86' lang='lat' dir='ltr'><strong>plura</strong></span> <span class='ocrx_word' id='word_1_568' title='bbox 2703 4533 2979 4603; x_wconf 77' lang='lat' dir='ltr'><strong>opuscula</strong></span> 
     </span>
     <span class='ocr_line' id='line_1_101' title="bbox 1696 4604 2979 4676; baseline -0.003 -15"><span class='ocrx_word' id='word_1_569' title='bbox 1696 4608 1955 4675; x_wconf 83' lang='lat' dir='ltr'><strong>ascetica,</strong></span> <span class='ocrx_word' id='word_1_570' title='bbox 2001 4609 2069 4663; x_wconf 90' lang='lat' dir='ltr'><strong>de</strong></span> <span class='ocrx_word' id='word_1_571' title='bbox 2118 4608 2330 4676; x_wconf 87' lang='lat' dir='ltr'><strong>quibus</strong></span> <span class='ocrx_word' id='word_1_572' title='bbox 2369 4607 2441 4661; x_wconf 86' lang='lat' dir='ltr'><strong>cf.</strong></span> <span class='ocrx_word' id='word_1_573' title='bbox 2485 4606 2911 4676; x_wconf 78' lang='lat' dir='ltr'><strong>Sommervogel</strong></span> <span class='ocrx_word' id='word_1_574' title='bbox 2938 4604 2979 4669; x_wconf 87' lang='lat'><strong>1,</strong></span> 
     </span>
    </p>
   </div>
   <div class='ocr_carea' id='block_1_14' title="bbox 437 4680 1925 4752">
    <p class='ocr_par' dir='ltr' id='par_1_14' title="bbox 437 4680 1925 4752">
     <span class='ocr_line' id='line_1_102' title="bbox 437 4680 1925 4752; baseline -0.001 -17"><span class='ocrx_word' id='word_1_575' title='bbox 437 4683 472 4752; x_wconf 83' lang='lat'><strong>¹)</strong></span> <span class='ocrx_word' id='word_1_576' title='bbox 499 4680 711 4736; x_wconf 85' lang='lat' dir='ltr'><strong>Contra</strong></span> <span class='ocrx_word' id='word_1_577' title='bbox 752 4697 925 4748; x_wconf 87' lang='lat' dir='ltr'><strong>quam</strong></span> <span class='ocrx_word' id='word_1_578' title='bbox 964 4680 1147 4734; x_wconf 86' lang='lat' dir='ltr'><strong>edidit</strong></span> <span class='ocrx_word' id='word_1_579' title='bbox 1184 4681 1356 4734; x_wconf 87' lang='lat' dir='ltr'><strong>etiam</strong></span> <span class='ocrx_word' id='word_1_580' title='bbox 1396 4684 1460 4733; x_wconf 81' lang='lat' dir='ltr'><strong>‹le</strong></span> <span class='ocrx_word' id='word_1_581' title='bbox 1485 4685 1640 4734; x_wconf 77' lang='lat' dir='ltr'><strong>unica</strong></span> <span class='ocrx_word' id='word_1_582' title='bbox 1696 4685 1925 4736; x_wconf 84' lang='grc'><strong>57-59.</strong></span> 
     </span>
    </p>
   </div>
   <div class='ocr_carea' id='block_1_15' title="bbox 361 4750 1637 4821">
    <p class='ocr_par' dir='ltr' id='par_1_15' title="bbox 361 4750 1637 4821">
     <span class='ocr_line' id='line_1_103' title="bbox 361 4750 1637 4821; baseline 0.001 -19"><span class='ocrx_word' id='word_1_583' title='bbox 361 4755 609 4821; x_wconf 72' lang='lat' dir='ltr'><strong>rele&#39;yione</strong></span> <span class='ocrx_word' id='word_1_584' title='bbox 635 4751 825 4805; x_wconf 87' lang='lat' dir='ltr'><strong>studio</strong></span> <span class='ocrx_word' id='word_1_585' title='bbox 852 4751 1265 4806; x_wconf 88' lang='lat' dir='ltr'><strong>catholicorum</strong></span> <span class='ocrx_word' id='word_1_586' title='bbox 1308 4750 1637 4821; x_wconf 90' lang='lat' dir='ltr'><strong>principum</strong></span> 
     </span>
    </p>
   </div>
   <div class='ocr_carea' id='block_1_16' title="bbox 1774 4747 2980 4822">
    <p class='ocr_par' dir='ltr' id='par_1_16' title="bbox 1774 4747 2980 4822">
     <span class='ocr_line' id='line_1_104' title="bbox 1774 4747 2980 4822; baseline -0.004 -18"><span class='ocrx_word' id='word_1_587' title='bbox 1774 4754 1814 4822; x_wconf 79' lang='lat'><strong>²)</strong></span> <span class='ocrx_word' id='word_1_588' title='bbox 1843 4751 1925 4804; x_wconf 85' lang='lat' dir='ltr'><strong>Cf.</strong></span> <span class='ocrx_word' id='word_1_589' title='bbox 1951 4752 2214 4819; x_wconf 80' lang='lat' dir='ltr'><strong>Foppens</strong></span> <span class='ocrx_word' id='word_1_590' title='bbox 2255 4770 2309 4819; x_wconf 89' lang='lat' dir='ltr'><strong>p.</strong></span> <span class='ocrx_word' id='word_1_591' title='bbox 2352 4753 2485 4808; x_wconf 83' lang='lat'>793;</span> <span class='ocrx_word' id='word_1_592' title='bbox 2540 4747 2628 4800; x_wconf 92' lang='lat' dir='ltr'><strong>Fr.</strong></span> <span class='ocrx_word' id='word_1_593' title='bbox 2674 4747 2980 4815; x_wconf 84' lang='lat' dir='ltr'><strong>Holdewey</strong></span> 
     </span>
    </p>
   </div>
   <div class='ocr_carea' id='block_1_17' title="bbox 361 4821 2289 4892">
    <p class='ocr_par' dir='ltr' id='par_1_17' title="bbox 361 4821 2289 4892">
     <span class='ocr_line' id='line_1_105' title="bbox 361 4821 2289 4892; baseline 0 -18"><span class='ocrx_word' id='word_1_594' title='bbox 361 4821 419 4874; x_wconf 90' lang='lat' dir='ltr'><strong>in</strong></span> <span class='ocrx_word' id='word_1_595' title='bbox 444 4821 742 4892; x_wconf 87' lang='lat' dir='ltr'><strong>republica</strong></span> <span class='ocrx_word' id='word_1_596' title='bbox 763 4823 1165 4888; x_wconf 83' lang='lat' dir='ltr'><strong>conservanda,</strong></span> <span class='ocrx_word' id='word_1_597' title='bbox 1194 4823 1463 4877; x_wconf 87' lang='lat' dir='ltr'><strong>Coloniae</strong></span> <span class='ocrx_word' id='word_1_598' title='bbox 1486 4826 1642 4878; x_wconf 86' lang='grc'><strong>1579.</strong></span> <span class='ocrx_word' id='word_1_599' title='bbox 1699 4823 1833 4890; x_wconf 87' lang='lat' dir='ltr'><strong>allg.</strong></span> <span class='ocrx_word' id='word_1_600' title='bbox 1862 4823 1915 4876; x_wconf 90' lang='lat' dir='ltr'><strong>d.</strong></span> <span class='ocrx_word' id='word_1_601' title='bbox 1942 4822 2025 4876; x_wconf 90' lang='lat' dir='ltr'><strong>Bi.</strong></span> <span class='ocrx_word' id='word_1_602' title='bbox 2053 4825 2139 4884; x_wconf 84' lang='lat'><strong>38,</strong></span> <span class='ocrx_word' id='word_1_603' title='bbox 2166 4825 2289 4876; x_wconf 81' lang='lat'><strong>457.</strong></span> 
     </span>
    </p>
   </div>
   <div class='ocr_carea' id='block_1_18' title="bbox 538 4919 1490 4977">
    <p class='ocr_par' dir='ltr' id='par_1_18' title="bbox 538 4919 1490 4977">
     <span class='ocr_line' id='line_1_106' title="bbox 538 4919 1490 4977; baseline -0.002 -10"><span class='ocrx_word' id='word_1_604' title='bbox 538 4921 797 4977; x_wconf 58' lang='lat' dir='ltr'><strong>Humor,</strong></span> <span class='ocrx_word' id='word_1_605' title='bbox 835 4922 1178 4969; x_wconf 81' lang='lat' dir='ltr'><strong>Nomenclator</strong></span> <span class='ocrx_word' id='word_1_606' title='bbox 1218 4922 1301 4971; x_wconf 90' lang='lat'>111.</span> <span class='ocrx_word' id='word_1_607' title='bbox 1333 4922 1409 4966; x_wconf 80' lang='lat' dir='ltr'><strong>ed.</strong></span> <span class='ocrx_word' id='word_1_608' title='bbox 1440 4919 1490 4965; x_wconf 88' lang='lat'><strong>3.</strong></span> 
     </span>
    </p>
   </div>
   <div class='ocr_carea' id='block_1_19' title="bbox 2625 4911 2654 4961">
    <p class='ocr_par' dir='ltr' id='par_1_19' title="bbox 2625 4911 2654 4961">
     <span class='ocr_line' id='line_1_107' title="bbox 2625 4911 2654 4961; baseline 0 0"><span class='ocrx_word' id='word_1_609' title='bbox 2625 4911 2654 4961; x_wconf 92' lang='grc'><strong>7</strong></span> 
     </span>
    </p>
   </div>
  </div>
 </body>
</html>
