3625 5193
613 281 733 338 771
1010 269 1380 323 1621—1640.
1409 266 1751 333 Interpretes
1779 282 1820 318 e.
1849 264 2173 334 Scripturas
2199 265 2260 319 in
2288 262 2579 333 Hispania.
2607 262 2835 328 Pineda,
3068 237 3075 242 .
3119 278 3243 332 77⁶)

3210 314 3241 331 ad

611 451 992 513 Aristotelem
1051 452 1341 509 Granatae
1390 451 1744 526 priusquam
1793 469 1901 526 per
1957 453 2255 512 Calmet
2298 450 2785 510 commentarium
2832 448 2980 507 dicit
3029 448 3249 517 ,diffu-

610 544 868 601 aetatem
899 539 1221 599 sacerdotio
1251 543 1452 615 posset
1469 539 1693 597 initiari
1712 540 1899 598 trien·
1957 542 2254 600 sissimum
2305 539 2565 616 quidem,
2601 537 2705 596 sed
2737 537 3250 613 probatissimum,

609 631 797 700 nium,
844 629 1121 704 deinceps
1151 628 1386 704 Hispali
1430 627 1738 687 biennium
1771 628 1899 686 feli·
1956 631 2018 688 in
2080 647 2199 705 quo
2262 628 2414 686 nihil
2474 626 2765 703 praeterit
2829 626 3248 688 indiscussum.

611 720 761 779 citer
809 717 1115 794 exposuit;
1168 717 1225 776 d.
1272 718 1554 776 Thomam
1599 716 1901 776 Cordubae
1957 719 2156 777 Unum
2186 718 2349 777 istud
2382 735 2534 793 opus
2554 734 2663 792 pro
2684 714 2961 774 omnibus
2980 715 3245 790 ejusdem

612 808 956 878 biennium3
1009 825 1053 865 s.
1085 807 1290 865 literas
1328 815 1404 870 18
1443 823 1628 865 anuos
1662 805 1899 876 ibidem,
1957 808 2190 884 generis
2221 807 2426 864 haberi
2455 807 2717 881 potest<
2752 804 2844 862 Ad
2876 822 3015 863 suos
3049 803 3111 862 in
3145 804 3245 863 Sa-

612 904 743 956 tum
774 895 1019 971 Hispali,
1049 899 1182 953 tum
1213 894 1450 953 demum
1471 895 1714 955 Matriti.
1748 895 1900 953 Con-
1957 897 2251 955 lomonem
2282 894 2733 954 commentarios
2765 893 3035 952 Salomon
3066 912 3245 968 prae·

616 987 873 1045 stitutus
907 989 998 1044 est
1028 983 1308 1043 visitator
1337 984 1603 1042 omnium
1635 1002 1742 1058 pei·
1772 1002 1901 1059 reg·
1958 988 2083 1044 vius
2127 985 2165 1048 i.
2198 1003 2246 1048 e.
2279 985 2350 1043 de
2396 983 2573 1042 rebus
2606 982 2931 1041 Salomonis
2978 983 3134 1059 regis
3181 983 3246 1040 11.

609 1093 761 1133 num
779 1073 1273 1134 bibliothecarum
1294 1074 1356 1130 et
1374 1090 1580 1131 censor
1593 1071 1899 1130 librorum.
1962 1084 2018 1145 8,
2042 1073 2318 1151 Lugduni
2359 1082 2559 1142 16093
2601 1071 2943 1148 Moguntiae
2982 1081 3149 1135 1613
3186 1072 3251 1129 in

613 1163 737 1240 Ipsi
782 1162 1161 1222 commissum
1200 1178 1419 1221 munus
1452 1160 1769 1238 colligendi
1801 1160 1902 1218 In-
1958 1162 2015 1234 f.,
2049 1162 2121 1220 de
2153 1181 2268 1237 quo
2301 1179 2478 1238 opere
2499 1163 2584 1219 ita
2600 1160 2847 1219 Calmet:
2873 1158 3250 1229 ,Quoad-‘Sa-

613 1253 796 1311 dicem
814 1253 873 1314 u.
885 1251 1312 1325 prohibitorum
1334 1247 1484 1331 (scil.
1506 1249 1569 1307 in
1589 1244 1902 1330 Hispania)
1958 1251 2210 1311 lomonis
2242 1269 2495 1328 regnum
2530 1252 2591 1308 et
2617 1249 2811 1324 quoad
2832 1249 3029 1307 omnia
3050 1250 3253 1324 ipsum

613 1341 1184 1418 eteccpuryandorum
1210 1348 1397 1410 1612,
1415 1341 1476 1397 et
1488 1339 1710 1398 iterum
1733 1346 1897 1401 1632
1960 1339 2293 1417 spectantia
2309 1339 2365 1398 J.
2387 1339 2573 1397 Pine
2589 1338 2625 1396 d
2646 1355 2681 1397 a
2711 1337 3016 1414 legendus,
3050 1338 3157 1412 qui
3176 1337 3251 1396 de

613 1448 818 1488 novum
850 1429 1122 1488 Indicam.
1170 1427 1333 1487 Vixit
1375 1430 1574 1486 autem
1608 1445 1798 1502 usque
1829 1426 1902 1485 ad
1961 1430 2268 1489 Salomone
2320 1428 2572 1503 scripsit.
2639 1427 2801 1503 Opus
2852 1426 2961 1485 hoc
3008 1427 3248 1485 maximi

614 1517 975 1594 decrepitam
1003 1519 1260 1596 aetatem
1293 1535 1527 1592 semper
1569 1516 1634 1574 in
1666 1515 1900 1586 studiis,
1960 1521 2022 1577 et
2052 1517 2480 1595 elegantissimi
2512 1516 2953 1575 ccommentarii
2986 1517 3113 1574 loco
3144 1515 3251 1573 ha-

618 1625 851 1682 semper
881 1605 1246 1681 reipublicae
1277 1606 1431 1663 bono
1451 1605 1739 1676 intentus,
1760 1623 1904 1663 nec-
1958 1607 2153 1665 betur.
2171 1615 2199 1645 ‘
2231 1605 2559 1665 Praelectio
2590 1623 2753 1663 sacra
2784 1606 2848 1661 in
2865 1606 3091 1663 camir-a
3110 1623 3252 1662 can-

614 1713 736 1755 non
781 1696 852 1753 de
896 1693 1168 1769 profectu
1212 1694 1275 1751 in
1317 1693 1542 1753 virtute
1588 1693 1901 1762 sollicituS,
1959 1698 2219 1767 ficorum,
2268 1694 2498 1772 Hispali
2539 1703 2701 1757 1602
2736 1694 2799 1753 in
2833 1703 2906 1765 43
2954 1711 3251 1751 commen-

618 1784 754 1842 hinc
786 1783 911 1843 veri
943 1782 1207 1858 religiosi
1223 1782 1552 1858 perfectum
1573 1782 1690 1841 fuit
1709 1800 1903 1840 exem·
1960 1784 2096 1843 tarii
2141 1788 2205 1843 in
2239 1785 2619 1843 Ecclesiasten
2662 1783 2701 1843 l.
2735 1800 2911 1855 unus,
2958 1781 3039 1840 ib.
3080 1792 3247 1844 1619

612 1874 764 1949 plar.
843 1871 1117 1930 Piissime
1182 1871 1331 1930 obiit
1379 1871 1442 1929 in
1491 1871 1745 1929 Domino
1795 1871 1905 1930 hoc
1960 1874 2025 1932 in
2069 1874 2126 1944 f.,
2172 1873 2244 1932 de
2289 1890 2407 1948 quo
2443 1872 2698 1935 calmet:
2745 1872 2828 1939 ,J.
2862 1869 3151 1930 Pineda
3196 1871 3254 1933 S.

613 1962 845 2038 patriae
890 1962 953 2020 et
995 1959 1331 2020 sodalitatis
1382 1977 1520 2019 suae
1569 1960 1904 2018 immortale
1960 1962 2016 2020 J.
2049 1962 2332 2022 eximium
2364 1960 2854 2021 commentarium
2884 1961 2943 2019 in
2966 1959 3252 2018 Ecclesia·

614 2050 797 2109 decus
856 2066 922 2108 ac
972 2050 1404 2118 ornamentum,
1454 2050 1527 2107 ut
1572 2051 1821 2109 vocatur
1871 2069 1906 2107 a
1961 2053 2092 2111 sten
2113 2050 2402 2127 vulgavit,
2436 2050 2667 2108 eximiis
2688 2048 3123 2126 prolegomenis
3157 2048 3252 2107 in-

614 2139 740 2198 Nic.
774 2139 1053 2207 Antoni0‚
1093 2147 1192 2200 27.
1223 2138 1358 2198 Jau.
1398 2146 1564 2201 1637
1599 2156 1773 2196 senex
1822 2145 1900 2201 80
1961 2143 2277 2213 structum,
2343 2139 2447 2197 ubi
2507 2138 2885 2214 quaestiones
2937 2149 3138 2196 omnes
3191 2138 3255 2195 in

613 2242 923 2287 annorum.
972 2226 1195 2298 Quanti
1240 2227 1431 2286 factus
1475 2227 1678 2297 fuerit,
1713 2227 1907 2302 liquet
1961 2229 2119 2287 idem
2152 2246 2301 2305 opus
2321 2227 2720 2286 resolvuntur.
2768 2227 2966 2303 Hujus
2989 2226 3252 2285 auctoris

612 2316 844 2389 exinde,
878 2316 1037 2392 quod
1082 2333 1218 2375 cum
1248 2315 1501 2375 Eboram
1532 2316 1835 2386 transiret,
1871 2335 1906 2374 a
1961 2336 2112 2394 opus
2131 2337 2253 2377 non
2274 2335 2503 2375 merum
2523 2318 2933 2375 tantummodo
2954 2334 3248 2374 commen-

613 2407 792 2481 pleno
834 2405 1193 2483 magistratu
1223 2404 1407 2463 fuerit
1438 2406 1733 2481 exceptus,
1767 2423 1900 2463 ora·
1961 2406 2179 2466 tarium
2202 2406 2467 2475 exhibet3
2501 2407 2641 2481 post
2670 2407 2901 2463 textum
2925 2405 3084 2463 enim
3099 2404 3252 2463 Vul-

612 2495 777 2553 tione
826 2494 1122 2553 salutatus
1179 2511 1247 2551 ac
1294 2493 1510 2569 parieti
1561 2492 1636 2551 ad
1685 2511 1904 2552 memo·
1961 2499 2135 2572 gatae
2193 2495 2404 2564 versia
2467 2513 2650 2569 quam
2712 2494 2989 2570 appellat,
3040 2495 3255 2552 veneta

611 2584 764 2643 riam
822 2583 1208 2659 inscriptum:
1277 2583 1388 2640 Hic
1440 2582 1662 2640 Pineda
1707 2580 1902 2659 fuitl).
1962 2585 2241 2655 succedit,
2289 2583 2446 2643 sicut
2488 2587 2551 2642 et
2588 2582 2779 2642 altera
2808 2581 3051 2642 Roberti
3083 2582 3253 2641 Shir-

611 2672 822 2731 Edidit
851 2671 949 2729 hic
978 2670 1312 2748 profundus
1354 2675 1416 2730 et
1446 2670 1717 2729 eruditus
1750 2670 1904 2729 divi·
1960 2674 2139 2745 vode;
2187 2674 2399 2732 deinde
2427 2674 2728 2732 variantes
2772 2691 2843 2731 ex
2880 2672 3147 2741 hebraeo,
3181 2690 3255 2729 ex

612 2779 725 2819 nae
757 2760 1099 2836 Scripturas
1119 2760 1412 2834 interpres
1453 2758 1903 2819 commentario·
1961 2763 2199 2837 optimis
2229 2761 2665 2838 interpretibus
2697 2761 3022 2830 derivatae;
3055 2760 3252 2819 versio

613 2868 750 2906 rum
795 2849 860 2906 in
904 2848 1014 2906 Job
1061 2847 1123 2910 ll.
1177 2858 1273 2918 13,
1308 2848 1536 2907 Matriti
1579 2867 1632 2906 v.
1669 2857 1703 2909 2
1755 2849 1822 2907 in
1867 2849 1903 2905 f.
1961 2851 2342 2928 paraphrasis
2393 2849 2725 2909 chaldaicae
2775 2869 2881 2926 per
2930 2848 3253 2908 Cirvellum

611 2948 648 2997 ·1
666 2945 785 3000 597
810 2968 899 2980 -
926 2945 1085 2999 1601
1114 2958 1128 3007 ;
1205 2937 1477 2996 Coloniae
1538 2937 1906 3014 Agrippinae
1961 2943 2023 2999 et
2044 2941 2346 2999 Zamoram
2379 2939 2536 2999 sicut
2568 2944 2629 2998 et
2664 2939 2910 2997 alterius
2932 2938 3254 3014 paraphra-

623 3034 1093 3105 1600—1603;
1128 3026 1363 3102 Hispali
1403 3034 1603 3097 16023
1637 3025 1904 3085 Venetiis
1963 3029 2044 3089 sis
2078 3029 2390 3088 chaldaeae
2430 3047 2539 3105 per
2568 3028 2813 3087 Petrum
2845 3027 3095 3086 Costam.
3144 3026 3254 3084 His

623 3124 649 3177 1
668 3124 788 3178 705
839 3118 968 3184 etc„
1009 3132 1158 3189 opus
1189 3115 1508 3190 septuplici
1540 3115 1906 3174 instructum
1962 3118 2240 3177 omnibus
2286 3117 2511 3177 accedit
2548 3117 2741 3176 versio
2773 3116 2998 3193 syriaca
3030 3119 3091 3174 et
3121 3134 3250 3173 ara-

614 3203 810 3262 indice
855 3207 915 3262 et
960 3204 1257 3262 communi
1307 3204 1679 3263 eruditorum
1724 3204 1904 3263 etiam
1961 3208 2091 3266 bica
2135 3224 2199 3265 ac
2249 3206 2492 3266 tandem
2544 3209 2749 3264 catena
2791 3208 3033 3282 patrum
3078 3223 3252 3281 grae-

612 3292 1077 3369 protestantium
1147 3292 1434 3370 suffragio
1494 3292 1806 3351 laudatum
1833 3289 1903 3374 ²).
1962 3314 2182 3365 corum,
2233 3296 2420 3354 latine
2468 3295 2684 3358 omnia.
2767 3294 3004 3370 Excipit
3056 3295 3255 3352 totum

1962 3403 2112 3461 opus
2160 3384 2593 3461 amplissimum
2645 3382 2907 3442 auctoris
2954 3400 3251 3442 commen·

1961 3474 2199 3543 tarium,
2234 3474 2393 3549 quod
2426 3492 2563 3531 sane
2596 3473 2869 3530 omnium
2899 3473 3025 3531 loco
3046 3471 3253 3529 haberi

693 3538 730 3603 ¹)
758 3536 838 3589 Cf.
865 3536 1035 3605 plura
1074 3534 1226 3603 apud
1262 3532 1577 3588 Sotvellum
1617 3552 1674 3603 p.
1698 3536 1821 3590 490.
1849 3536 1907 3587 et

612 3606 674 3659 in
699 3606 971 3662 Ludovici
1013 3606 1049 3660 d
1066 3623 1094 3660 e
1122 3606 1166 3659 T
1183 3622 1212 3660 e
1230 3622 1257 3657 r
1273 3623 1304 3660 o
1345 3605 1585 3675 epistola
1623 3605 1693 3659 de
1726 3607 1905 3658 morte

612 3680 671 3731 et
709 3677 1017 3737 virtutibus
1057 3676 1117 3733 P.
1144 3676 1379 3729 Joannis
1406 3676 1474 3729 de
1500 3675 1742 3745 Pineda;
1786 3675 1906 3730 Feli

613 3748 668 3802 S.
695 3749 745 3802 J.
772 3747 884 3802 KL.
915 3748 979 3809 X,
1007 3751 1072 3807 8=
1107 3746 1435 3801 Nierember
1502 3747 1753 3801 Varones
1778 3746 1906 3800 illu·
1961 3749 2044 3817 gli
2063 3749 2374 3817 impiegare
2402 3750 2453 3801 si
2471 3746 2649 3816 grossi
2668 3745 2891 3801 volumi
2924 3763 2989 3800 su
3008 3746 3030 3798 i
3048 3744 3249 3815 piccoli

615 3822 757 3872 atres
783 3819 852 3872 de
878 3819 937 3872 la.
962 3818 1155 3888 Comp.
1181 3818 1251 3871 de
1276 3817 1328 3872 J.
1353 3818 1441 3873 Bil
1481 3834 1547 3871 ao
1570 3821 1726 3883 1891,
1755 3817 1904 3873 Vll².
1962 3820 2095 3875 libri
2122 3820 2183 3873 di
2211 3820 2426 3874 Giobbe
2466 3822 2524 3873 et
2563 3817 3056 3872 dell'ecclesiaste:
3100 3816 3170 3871 ed
3198 3817 3252 3869 io

687 3893 732 3961 ¹)
788 3888 860 3940 W
877 3889 897 3942 i
913 3906 938 3940 s
954 3905 983 3941 e
1001 3905 1058 3941 m
1076 3905 1109 3941 a
1125 3908 1162 3941 n
1227 3888 1717 3960 Zusammenhang
1780 3889 1906 3942 zwi·
1961 3891 2157 3946 infatti
2185 3889 2366 3945 vorrci
2391 3889 2678 3944 reciderne
2700 3889 2901 3943 alcune
2928 3887 3252 3957 quaestioni

617 3960 786 4013 schen
799 3958 1695 4030 wissenschaftu.Offenbarung,
1718 3959 1904 4015 Vortr.
1961 3979 2100 4032 poco
2140 3962 2479 4032 importanti
2515 3978 2618 4030 per
2654 3962 2712 4015 la
2754 3959 2963 4014 biblica
2999 3959 3252 4012 illustra-

616 4034 703 4086 10.
744 4035 894 4097 521:
945 4028 1135 4092 „Noch
1176 4033 1402 4101 grbssere
1445 4030 1904 4101 Empfehlungen
1962 4034 2149 4103 zione;
2190 4050 2285 4087 ma
2311 4033 2724 4098 all’osservare‚
2763 4032 2864 4085 che
2900 4029 3089 4083 niente
3119 4029 3175 4081 vi
3202 4030 3249 4083 si

615 4100 839 4155 werden
866 4118 977 4155 von
1015 4101 1141 4155 dem
1169 4100 1460 4172 gelehrten
1496 4102 1614 4155 und
1653 4102 1906 4171 geistrei·
1962 4104 2226 4159 tralascia
2252 4120 2418 4160 senza
2445 4103 2853 4157 soddisfacente
2880 4099 3250 4163 discussione,

616 4172 761 4226 chen
782 4172 1220 4247 (Protestanten)
1237 4174 1271 4227 S
1285 4175 1362 4228 ch
1380 4173 1486 4227 ult
1500 4189 1576 4225 en
1590 4191 1615 4225 s
1631 4174 1756 4297 ἳοῑ)
1778 4191 1904 4226 cum
1961 4194 1990 4230 e
2006 4177 2109 4230 che
2130 4177 2319 4246 quelle
2337 4175 2453 4230 sole
2474 4190 2642 4243 opere
2664 4190 2901 4244 possono
2916 4171 3126 4227 servire
3147 4187 3251 4241 per

615 4260 764 4298 nova
784 4261 925 4300 vers.
945 4248 1001 4298 et
1023 4249 1320 4299 comment.
1342 4246 1617 4316 perpetuo
1680 4244 1904 4314 ugduni
1962 4247 2134 4302 molte
2178 4247 2237 4300 in
2280 4246 2466 4315 quelle
2507 4246 2760 4311 materie,
2802 4245 2885 4327 gli
2910 4243 2956 4297 si
2997 4242 3251 4313 perdona

617 4315 739 4369 Bat.
770 4320 905 4374 1737
935 4319 973 4370 t.
1008 4323 1051 4371 1.
1078 4317 1276 4387 praef.)
1304 4317 1431 4369 dem
1458 4315 1791 4441 spanischen
1818 4316 1905 4370 Je·
1961 4335 2066 4373 con
2089 4319 2309 4388 piacere
2326 4317 2384 4371 la
2400 4317 2713 4381 diffusione,
2741 4334 2771 4371 e
2791 4334 2839 4369 si
2858 4315 3124 4371 ricevono
3144 4330 3249 4368 con

614 4388 798 4442 suiten
825 4387 1034 4442 Piued
1051 4405 1085 4441 a
1152 4387 1438 4456 espendet,
1522 4403 1680 4441 essen
1713 4387 1903 4441 Noten
1960 4394 2124 4459 grata
2148 4391 2543 4444 riconosccnza
2569 4389 2587 4441 i
2615 4388 2776 4441 molti
2804 4405 2833 4442 e
2861 4387 2951 4442 bei
2978 4385 3122 4440 lumi
3147 4386 3250 4440 che

615 4458 757 4512 iiber
776 4459 881 4513 Job
908 4474 968 4512 er
989 4475 1125 4512 aner
1169 4461 1324 4522 eunt,
1352 4456 1480 4512 dass
1502 4458 1581 4512 sie
1601 4458 1722 4512 ihm
1751 4458 1904 4513 seine
1961 4462 2019 4514 in
2049 4460 2155 4515 essi
2182 4476 2385 4531 sparge
2410 4460 2557 4514 forse
2584 4476 2688 4513 con
2723 4458 2963 4528 qualche
2990 4456 3249 4538 prodiga-

616 4530 884 4584 Arbeiten
930 4529 1252 4585 bedeutencl
1297 4530 1617 4583 erleichtert
1659 4530 1897 4585 haben.⁴‘
1959 4533 2077 4586 lita.
2124 4532 2172 4585 11
2198 4531 2499 4586 medesimo
2522 4530 2735 4584 Pineda
2763 4533 2792 4583 e
2818 4533 2986 4584 autor
3017 4528 3249 4582 classico

618 4598 805 4652 Etiam
832 4619 866 4654 a
892 4600 1240 4655 Delitzsch
1281 4598 1712 4654 commendatur
1745 4602 1902 4654 Com·
1959 4620 2024 4657 su
2053 4607 2264 4673 quanto
2293 4604 2482 4672 spetta
2507 4601 2551 4655 il
2576 4617 2748 4671 regno
2776 4602 2835 4655 di
2862 4600 3179 4660 Salomone,
3220 4616 3249 4653 e

613 4672 838 4723 mentar
865 4677 915 4725 u.
945 4672 997 4725 d.
1027 4672 1182 4725 Bueh
1205 4673 1310 4726 Job
1337 4672 1558 4741 Lipsiae
1587 4676 1726 4729 1876
1752 4672 1838 4725 ed.
1869 4676 1902 4729 2
1959 4676 2014 4729 la
2041 4692 2144 4730 sua
2171 4690 2342 4744 opera
2369 4674 2399 4727 e
2426 4691 2504 4727 un
2525 4672 2824 4727 eccellente
2844 4669 3252 4726 commentario

614 4755 672 4809 p.
693 4745 779 4797 23.
808 4743 1071 4795 Andres
1089 4742 1126 4797 l.
1150 4760 1194 4796 c.
1215 4743 1253 4799 l.
1273 4749 1322 4800 2.
1346 4761 1390 4798 c.
1411 4749 1461 4801 3.
1483 4762 1539 4812 p.
1558 4748 1690 4801 563:
1721 4743 1902 4806 „Sem-
1958 4746 2016 4800 di
2037 4747 2199 4800 molti
2263 4747 2372 4800 assi
2393 4745 2451 4799 di
2469 4745 2586 4798 vari
2607 4744 2736 4797 libri
2759 4743 2909 4799 della
2923 4741 3246 4797 Scrittura.“

620 4813 777 4865 brera
805 4815 1007 4882 troppo
1044 4813 1251 4868 diffuso
1277 4815 1315 4867 il
1346 4814 1604 4869 Pineda
1631 4815 1685 4868 al
1711 4814 1902 4869 veder·
1960 4817 2042 4871 Cf.
2071 4816 2152 4871 de
2268 4819 2450 4882 ette,
2493 4816 2607 4871 Das*
2631 4815 2786 4869 Buch
2812 4816 2936 4870 Job.
2963 4831 3018 4883 p.
3049 4812 3249 4867 XXlll.
