3625 5193
459 294 483 345 1
507 293 620 346 141
1023 273 1290 342 Tamayo,
1317 271 1689 339 Chanowsky‚
1715 271 1935 338 Lahier,
1963 271 2230 341 Angelus,
2256 270 2506 341 Stengel.
2910 287 3075 340 1142

450 463 512 518 et
540 458 974 536 investigandis
1005 459 1398 517 monumentis
1445 476 1553 532 pro
1591 457 1730 516 illu·
1790 455 2051 515 absolvit
2081 455 2388 515 inchoatas
2419 456 2586 531 prius
2618 476 2651 513 a
2682 456 2743 514 P.
2776 455 2817 514 J
2820 474 2905 515 ac.
2930 457 3073 515 Bes·

449 549 687 607 stranda
717 547 940 607 ordinis
973 547 1239 616 historia,
1287 547 1352 605 in
1384 566 1505 623 qua
1534 549 1736 605 tamen
1789 545 1965 605 kovio
1997 545 2148 603 vitas
2182 545 2417 615 Christi,
2449 544 2505 606 b.
2520 543 2783 621 Virginis
2815 547 2878 602 et
2897 545 3073 605 Sanc-

449 637 627 713 paulo
673 636 789 695 fuit
829 635 1125 695 credulior
1157 630 1219 716 (†
1253 646 1309 698 9.
1343 637 1481 712 Apr.
1517 631 1730 717 1660).
1786 638 1986 693 torum
2050 633 2355 709 ediditque
2399 634 2438 697 l.
2485 633 2838 709 inscriptum
2914 633 3080 692 Vitae

448 727 692 784 Praeter
740 724 895 783 vitas
955 727 1289 783 sanctorum
1354 724 1731 800 quorundam
1791 723 2158 797 Sanctorum,
2189 722 2412 799 Pragae
2451 730 2614 785 1625
2652 723 2713 781 in
2745 722 2801 793 t,
2844 722 2951 798 qui
2981 726 3076 782 est

448 813 860 916 singularium,
893 813 957 871 in
987 812 1194 888 primis
1215 832 1259 872 s.
1282 813 1587 883 Dominici,
1622 814 1731 871 Pa·
1788 812 1962 887 quasi
2025 811 2184 870 Surii
2246 811 2674 887 compendium.
2763 811 3075 888 Vestiqium

448 903 605 962 risiis
647 910 830 972 1647,
883 902 1123 977 scripsit
1136 898 1181 985 1)
1214 901 1421 961 ordine
1450 902 1730 979 alphabe-
1786 901 2056 960 Boemiae
2077 902 2221 973 piae
2252 917 2360 958 seu
2389 917 2484 959 res
2529 900 2819 975 quaedam
2851 918 3075 959 memo-

448 992 566 1051 tico
600 992 715 1049 Les
745 992 858 1049 vies
888 997 940 1048 et
971 992 1190 1051 actions
1232 991 1603 1050 memor-ables
1631 992 1733 1049 des
1786 989 1876 1048 ria
1921 989 2151 1066 dignae,
2200 1008 2352 1066 quae
2382 988 2447 1048 in
2478 988 2802 1048 Bohemia.
2884 981 3076 1050 ,sunt

449 1081 679 1140 Saintes
711 1087 764 1139 et
793 1080 1242 1140 Bienheureuses
1289 1082 1424 1138 tant
1467 1079 1552 1139 du
1595 1099 1729 1157 pre·
1785 1078 1881 1154 pie
1912 1097 2056 1155 erga
2084 1079 2276 1137 Deum
2306 1080 2509 1154 gestae
2540 1078 2633 1137 vel
2666 1097 2699 1136 a
2730 1077 2849 1136 Deo
2881 1038 3072 1137 homi-

448 1169 598 1227 mier
640 1187 756 1244 que
802 1168 885 1227 du
928 1167 1073 1226 tiers
1118 1169 1289 1228 ordre
1334 1168 1417 1227 du
1460 1169 1729 1245 glorieux
1787 1166 1969 1226 nibus
2020 1166 2313 1244 singulari
2361 1166 2558 1227 favore
2621 1168 2727 1224 aut
2773 1166 2955 1225 etiam
3003 1167 3073 1225 in

446 1277 587 1334 pere
618 1261 680 1316 et
709 1256 1046 1332 patriarche
1078 1276 1124 1319 s,
1156 1256 1531 1332 Dominique,
1565 1258 1729 1316 Pari·
1785 1274 2036 1330 poenam
2086 1255 2443 1326 acciderunt,
2506 1254 2666 1331 quod
2719 1256 3071 1330 opusculum

448 1347 549 1406 siis
589 1355 754 1408 1635
790 1350 834 1404 t.
859 1354 892 1406 2
929 1346 994 1404 in
1030 1356 1104 1416 4.,
1138 1364 1289 1422 opus
1320 1346 1727 1416 aestimatum3
1785 1343 1875 1404 Jo.
1906 1345 2057 1404 Tan
2073 1363 2149 1403 er
2179 1344 2401 1404 sodalis
2421 1344 2581 1402 notis
2602 1344 2980 1402 illustratum
3010 1346 3072 1403 et

449 1435 564 1494 Les
594 1438 708 1494 vies
738 1442 789 1493 et
818 1437 1038 1494 actions
1066 1436 1168 1495 des
1199 1435 1398 1494 Saints
1426 1437 1731 1494 canonizez
1784 1437 2029 1493 auctum
2056 1434 2281 1509 Pragae
2301 1431 2491 1491 edidit
2516 1443 2681 1496 1659
2716 1432 2781 1490 in
2809 1441 2923 1502 12.‚
2956 1436 3075 1492 est-

446 1523 521 1582 de
571 1524 613 1581 l’
632 1523 801 1583 ordre
851 1523 955 1582 des
1002 1525 1109 1583 FF.
1158 1524 1487 1583 Precheurs
1546 1527 1606 1583 et
1655 1523 1728 1582 de
1785 1542 1903 1599 que
1919 1542 2011 1598 op.
2031 1521 2290 1598 maioris,
2325 1521 2483 1597 quod
2509 1521 2873 1597 Chanowsky
2904 1521 3065 1599 cog-i-

446 1612 745 1689 plusieurs
763 1612 1177 1671 Bienheureux
1209 1617 1270 1671 et
1297 1613 1562 1672 illustres
1592 1632 1728 1690 per·
1783 1613 2015 1671 taverat
2030 1656 2045 1683 ‚
2098 1611 2285 1669 veluti
2334 1609 2625 1687 quaedam
2673 1610 3069 1670 adumbratio.

447 1719 695 1779 sonages
728 1700 811 1759 du
843 1709 1031 1760 meme
1052 1703 1243 1773 ordre,
1276 1702 1356 1762 ib.
1385 1711 1549 1766 1647
1573 1702 1636 1759 ιιι
1659 1711 1725 1773 4;
1785 1735 1871 1744 —
1890 1700 2238 1759 Franciscus
2269 1698 2548 1758 Lahier
2567 1699 2623 1758 S.
2642 1699 2697 1758 J.
2720 1699 2920 1758 Gallus
2955 1699 3064 1758 ali-

446 1790 561 1849 Les
594 1790 956 1863 Beatifiezde
985 1790 1252 1867 l’Eylise,
1287 1791 1435 1850 dont
1466 1809 1544 1849 on
1575 1791 1725 1849 cele·
1783 1790 2071 1865 quamdiu
2115 1789 2446 1865 theologiae
2488 1789 2732 1847 moralis
2777 1788 3077 1864 professor

444 1878 550 1938 bre
582 1880 668 1938 les
711 1879 891 1938 festos
936 1898 1043 1954 par
1085 1883 1222 1938 tout
1273 1880 1310 1936 l‘
1328 1879 1501 1938 ordre
1544 1897 1621 1937 ou
1653 1899 1725 1939 en
1783 1875 1845 1960 (†
1883 1876 2076 1953 1656)
2127 1878 2364 1955 collegit
2410 1877 2493 1935 Le
2536 1879 2732 1954 yrand
2782 1876 3072 1953 Menoloye

444 1967 642 2027 divers
686 1967 949 2027 endroits
995 1986 1136 2027 avec
1183 1968 1239 2026 le
1283 1967 1578 2044 triomphe
1623 1968 1727 2026 des
1783 1968 1885 2025 des
1897 1966 2621 2036 Saintes,bienheureuses
2640 1970 2703 2024 et
2720 1967 3067 2025 venerables

445 2057 699 2133 Martyrs
732 2056 814 2114 du
844 2064 1033 2115 meme
1053 2056 1242 2126 ordre,
1273 2056 1352 2114 ib.
1383 2066 1547 2120 1650
1581 2057 1647 2114 ιιι
1668 2066 1722 2118 4.
1783 2055 2046 2132 Vierges‚
2079 2055 2261 2113 Lilles
2291 2065 2452 2117 1645
2478 2056 2519 2112 t.
2545 2064 2600 2115 2.
2622 2090 2708 2098 -—
2728 2054 3004 2131 Angeli
3035 2075 3075 2111 a

1782 2163 1827 2202 s,
1862 2144 2028 2202 Clara
2060 2143 2124 2203 Ο.
2156 2142 2298 2202 Μιιι.
2354 2146 2653 2202 Certamen
2686 2144 3069 2217 Seraphicum

537 2243 681 2296 496.
713 2234 974 2293 Joannes
1006 2234 1223 2292 Tama
1236 2252 1327 2310 ‚vo
1370 2233 1443 2292 de
1475 2234 1722 2303 salazar,
1779 2232 1919 2291 fidei
1952 2232 2295 2290 Provinciae
2335 2231 2607 2308 Angliae,
2655 2232 2838 2290 Duaci
2880 2240 3067 2301 1661,

444 2323 699 2381 vicarius
731 2322 1023 2399 generalis
1055 2321 1358 2381 abulensis
1406 2319 1469 2403 (†
1512 2317 1722 2404 1662),

443 2412 599 2469 male
631 2412 885 2470 meritus
919 2411 991 2469 de
1024 2411 1331 2488 hispanica
1363 2412 1606 2471 historia
1625 2416 1723 2470 ut·

443 2504 580 2576 pote
615 2500 1088 2559 Pseudo-Dextri
1107 2502 1168 2559 et
1200 2500 1539 2576 spuriorum
1560 2500 1722 2559 simi-

441 2589 591 2648 lium
611 2589 1027 2649 historicorum
1050 2589 1273 2649 assecla
1291 2593 1353 2649 et
1383 2608 1721 2668 propugna-

440 2681 554 2747 tor,
588 2697 619 2737 e
650 2697 904 2755 quorum
931 2678 1053 2737 fere
1085 2679 1318 2738 scriniis
1334 2679 1550 2738 misere
1581 2679 1722 2738 sim-

441 2767 576 2842 plex
607 2764 1100 2850 consarcinavit2)
1123 2767 1608 2847 Martyroloqium
1636 2770 1721 2826 hi-

437 2872 693 2929 spanum
723 2857 849 2915 sive
894 2857 1254 2915 anamnesim
1287 2857 1343 2918 h.
1376 2877 1425 2915 e.
1471 2875 1722 2916 comme-

436 2945 825 3004 morationem
858 2945 1124 3003 omnium
1152 2948 1493 3004 sanctorum
1524 2945 1722 3021 hispa-

437 3052 648 3092 norum
679 3033 1044 3110 pontificum,
1097 3036 1446 3110 martyrum,
1494 3034 1722 3094 confes-

438 3140 654 3193 sorum,
688 3122 1009 3199 virginum,
1042 3123 1356 3182 viduarum
1382 3140 1447 3181 ac
1479 3140 1556 3180 ss.
1589 3143 1720 3181 mu-

436 3211 668 3280 lierum,
702 3230 807 3287 per
838 3211 961 3269 dies
995 3212 1137 3269 anni
1161 3211 1454 3287 digestam
1488 3214 1550 3270 et
1581 3229 1720 3271 con-

436 3299 733 3358 cinnatam
767 3318 835 3359 ac
863 3300 1021 3358 notis
1068 3299 1411 3376 apodicticis
1449 3300 1721 3360 illustra-

433 3391 556 3446 tam
576 3388 650 3446 ad
672 3389 1019 3448 methodum
1044 3389 1452 3466 martyrologii
1473 3390 1718 3460 romani,

436 3477 715 3554 Lugduni
755 3487 1096 3541 1651—59
1132 3480 1173 3535 t.
1212 3487 1246 3539 6
1283 3477 1402 3535 inf.
1427 3475 1530 3559 (m.
1557 3480 1717 3554 130).

434 3601 486 3607 —
501 3566 785 3625 Albertus
801 3567 983 3626 Chen
996 3586 1095 3626 ow
1107 3585 1133 3624 s
1146 3567 1186 3624 k
1196 3586 1236 3642 y
1261 3567 1314 3624 S.
1332 3566 1387 3625 J.
1406 3567 1716 3637 BohemuS,

1780 2322 2001 2380 iterum
2050 2320 2279 2379 editum
2329 2320 2452 2378 fuit
2499 2323 2702 2380 nostra
2750 2323 2943 2379 aetate
2988 2320 3063 2378 ad

1779 2413 1983 2485 Aquas
2017 2410 2215 2468 Claras
2248 2403 2646 2493 (Quaracchi).

1872 2598 2015 2651 497.
2048 2588 2119 2646 In
2150 2586 2357 2664 primis
2387 2586 2562 2648 laude
2594 2587 2811 2664 dignus
2845 2589 2934 2646 est
2958 2588 3066 2646 Ca-

1777 2678 1943 2737 rolus
1978 2673 2358 2759 Stengell)
2393 2678 2458 2740 Ο.
2491 2680 2545 2739 S.
2587 2678 2728 2738 Ben.
2759 2678 3066 2753 Augusta·

1778 2785 1894 2825 nus
1942 2762 2024 2848 (ιι.
2062 2776 2162 2829 29.
2194 2766 2327 2826 Jan.
2381 2761 2595 2847 1581),
2642 2765 2822 2824 abbas
2869 2765 3060 2825 anhu-

1779 2874 1961 2915 sanus
1985 2853 2044 2938 (l
2059 2851 2232 2939 630),
2257 2857 2349 2915 vir
2367 2856 2695 2915 laboriosae
2714 2855 3065 2924 industriae,

1778 2945 1888 3003 otii
1937 2945 2260 3004 acerrimus
2307 2946 2510 3016 hostis,
2562 2945 2836 3004 eruditus
2882 2947 2944 3002 et
2988 2943 3070 3003 ob

1780 3033 1972 3092 editos
2038 3033 2223 3092 libros
2271 3053 2307 3091 a
2354 3035 2601 3093 summis
2663 3033 3065 3109 pontificibus,

1777 3122 2126 3197 purpuratis
2170 3123 2442 3197 patribus
2475 3123 2726 3197 aliisque
2772 3122 3066 3198 principi-

1778 3211 1893 3269 bus
1926 3215 1987 3269 et
2006 3210 2153 3269 viris
2183 3211 2527 3270 illustribus
2552 3211 2881 3287 plurimum
2901 3228 3063 3268 com-

1776 3299 2124 3358 mendatus:
2171 3313 2311 3359 nam
2342 3299 2512 3357 libris
2553 3300 2954 3357 undecentum
2989 3298 3060 3357 de

1775 3387 2009 3447 diverso
2043 3391 2394 3464 argumento
2414 3388 2613 3463 praelo
2648 3386 2930 3462 subjectis
2949 3386 3061 3444 im-

1778 3477 2026 3535 mortale
2058 3477 2172 3535 sibi
2203 3495 2422 3534 nomen
2440 3476 2691 3552 paravit,
2726 3475 2966 3551 perdius
3000 3478 3062 3533 et

1776 3583 1998 3639 pernox
2049 3566 2143 3624 vel
2194 3565 2457 3623 oratione
2504 3565 2601 3623 vel
2664 3564 2916 3623 lectione
2967 3564 3062 3622 vel

433 3673 540 3730 per
571 3655 888 3714 Moraviam
923 3659 983 3714 et
1015 3655 1358 3714 Bohemiam
1407 3656 1717 3714 missiona-
1776 3653 2098 3729 scriptione
2142 3653 2417 3730 gnaviter
2467 3655 2809 3729 occupatus.
2871 3653 3060 3711 Disci-

433 3744 559 3802 rius
580 3741 641 3826 (†
669 3744 914 3818 15.Maj.
946 3753 1128 3815 1645,
1154 3745 1330 3819 juxta
1347 3744 1494 3803 alios
1524 3741 1716 3825 1643)
1774 3741 2005 3817 plinam
2049 3742 2431 3800 monasticam
2476 3742 2656 3802 verbo
2689 3745 2748 3800 et
2792 3742 3060 3816 exemplo

509 3968 547 4037 ¹)
573 3966 706 4020 Alia
731 3983 779 4036 eJ
771 3966 984 4020 uadem
1010 3983 1180 4035 opera
1205 3964 1443 4020 ascetiea
1471 3967 1542 4021 cf.
1564 3966 1718 4037 apud

434 4035 655 4091 Echard
683 4038 750 4102 11,
757 3985 900 4092 ι1594.

1774 3831 2011 3908 egregie
2029 3830 2179 3890 fovit
2195 3834 2257 3889 et
2276 3830 2593 3906 promovit.
2627 3831 2730 3889 Bis
2749 3832 2823 3890 ob
2845 3830 3057 3889 turbas

1774 3920 2016 3978 bellicas
2035 3919 2141 3978 diu
2172 3921 2341 3979 exsul
2370 3940 2405 3979 a
2436 3938 2546 3979 suo
2564 3920 2922 3980 monasterio
2955 3938 3058 3995 pe-

1774 4008 2065 4085 regrinari
2112 4009 2335 4068 debuit.
2384 4009 2550 4068 Obiit
2585 4017 2617 4070 2
2632 4019 2685 4072 7.
2718 4010 2849 4069 Jan.
2892 4019 3009 4073 166
3021 4018 3055 4070 3

506 4113 547 4179 ²)
576 4108 659 4165 Cf.
687 4079 812 4161 Nic.
838 4108 1122 4163 Antonius
1149 4110 1191 4174 1,
1218 4111 1340 4171 784,
1380 4111 1439 4161 et
1470 4124 1717 4189 praeser-
1774 4116 1823 4155 a.
1859 4098 2071 4157 aetatis
2096 4107 2194 4160 82.
2227 4099 2313 4156 Ex
2346 4099 2474 4174 ejus
2496 4099 2774 4173 operibus
2794 4100 2889 4156 hic
2921 4104 3052 4155 tan-

431 4180 539 4231 tim
567 4178 727 4249 Hisp.
755 4182 870 4233 vet.
897 4180 1055 4244 11,30
1082 4179 1717 4246 n.113ss.qu1acerr1
1772 4188 1903 4243 tum
1936 4187 2136 4261 aliqua
2166 4183 2656 4263 indicabimus⁸):

432 4266 583 4303 mam
622 4251 692 4304 de
719 4266 784 4304 eo
824 4251 1166 4318 pronunciat
1203 4266 1512 4314 censuram,
1553 4248 1716 4317 eique

430 4322 733 4390 exprobrat
780 4319 1013 4392 linguae
1056 4321 1269 4375 latinae
1319 4321 1715 4390 ignorantiam,

432 4408 579 4459 quae
624 4391 890 4445 omnibus
937 4394 1047 4446 fere
1093 4392 1348 4447 versibus
1392 4409 1449 4445 se
1493 4392 1713 4462 prodat,

431 4463 703 4517 sermonis
740 4462 1168 4533 inelegantiam,
1209 4462 1361 4531 quod
1389 4480 1505 4517 sese
1531 4465 1715 4516 totum

2715 4186 2841 4244 Vita
2872 4202 2917 4243 3.
2950 4185 3055 4243 .Ῑο·

1773 4276 1946 4332 annis
1975 4276 2091 4347 Ap.
2078 4319 2112 4351 .‚
2159 4275 2513 4353 Ingolstadii
2571 4285 2766 4343 1653,
2816 4293 2861 4332 s.
2910 4273 3056 4330 Wie-

1852 4466 1886 4534 ¹)
1914 4460 2365 4533 Distinguendus
2403 4478 2437 4515 a
2464 4460 2763 4531 Georgio
2805 4459 3054 4530 Stengel,

431 4532 654 4588 dederit
692 4534 753 4586 in
798 4532 964 4588 ulnas
1006 4535 1374 4588 confictorum
1417 4536 1713 4589 auctorum
1769 4552 1861 4604 qu
1868 4551 1935 4587 us
1962 4534 2112 4588 facta
2138 4537 2225 4588 est
2249 4533 2461 4588 mentio
2494 4551 2550 4616 Ρ.
2577 4536 2735 4591 1023.

430 4620 740 4674 omnesque
779 4605 1018 4674 paginas
1047 4606 1215 4688 nugis
1242 4608 1299 4659 et
1332 4605 1542 4659 fabulis
1567 4603 1713 4659 into-

428 4675 675 4730 lerandis
703 4678 763 4728 et
787 4677 1109 4731 enormibus
1134 4677 1466 4746 impleverit
1492 4677 1714 4731 etc.1ta
1768 4676 1862 4747 gel

1836 4553 1953 4730 δῖα
1958 4605 1994 4659 f.
2022 4604 2266 4660 indicem
2295 4606 2423 4674 post
2462 4621 2509 4673 eJ
2517 4620 2583 4657 us
2612 4602 2789 4656 vitam
2822 4618 2913 4671 ap.
2940 4601 3054 4656 Zie-

1937 4693 2036 4731 uer
2077 4676 2156 4729 111
2195 4692 2242 4733 c.
2279 4681 2369 4741 45
2412 4679 2512 4732 11;
2567 4672 2766 4727 Kienle
2805 4672 3052 4740 KL.X1‚

432 4749 488 4800 et
514 4745 612 4799 alii
632 4745 790 4817 apud
807 4746 985 4801 Schfiz
1023 4748 1084 4800 in
1105 4748 1258 4802 Com.
1284 4747 1409 4802 crit.
1436 4748 1504 4801 de
1524 4747 1710 4817 script.
1768 4751 1954 4804 756⁸.-
1941 4747 2030 4818 P.
2046 4747 2355 4801 Pirminius
2370 4745 2614 4799 Lindner
2626 4743 3051 4799 Diocesanarch.

429 4815 563 4872 hist.
589 4835 646 4887 p.
670 4821 842 4874 446⁸.

1768 4834 1882 4872 von
1909 4793 2220 4873 Schwaben
2247 4821 2388 4875 1890
2412 4835 2469 4871 ιι.
2496 4822 2560 4874 11
2590 4820 2651 4870 et
2678 4819 2813 4873 1891
2849 4833 2905 4871 ιι.
2932 4819 2981 4873 5.
