3625 5193
465 280 583 333 341
887 262 971 317 J0.
1000 262 1070 317 de
1095 280 1138 321 s.
1167 263 1360 329 Maria,
1399 263 1688 333 Montoya‚
1717 264 1963 330 Minius,
1990 265 2222 330 Planck‚
2250 264 2549 336 Dullinger
2573 267 2676 318 etc.
2966 280 3087 334 842

457 457 619 513 tator
650 451 983 527 composuit
1019 449 1364 509 Chronicam
1395 467 1563 524 prov.
1607 452 1751 509 colo·
1775 451 1785 493 ¹
1807 452 2077 512 tionibus
2109 452 2200 511 Fr.
2234 453 2446 511 Pei‘ia.
2498 451 2642 527 Ejus
2673 452 2765 509 Tr.
2798 454 2868 510 de
2900 452 3090 525 Repu-

459 544 674 601 niensis
735 560 802 599 ex
854 540 1257 599 monumentis
1317 539 1585 615 undique
1635 540 1751 598 col·
1809 541 1959 601 blica
1990 562 2030 618 y
2068 541 2287 600 Polieia
2338 538 2674 599 Christiana
2718 560 2861 616 para
2905 542 3092 616 Reyes

460 631 649 693 lectis.
684 629 957 688 Coloniae
997 638 1199 697 16183
1251 628 1558 701 Epitomen
1589 629 1752 687 chro·
1807 650 1847 706 y
1879 630 2183 707 Principes
2215 651 2255 707 y
2285 649 2429 706 para
2473 630 2561 687 los
2608 649 2724 705 que
2769 649 2844 688 88
2888 630 2941 688 81
2989 649 3093 706 go-

457 722 775 797 noloyicam
827 719 899 776 de
949 718 1271 787 erectione,
1324 735 1646 794 progressu
1695 721 1754 776 et
1809 719 2015 779 bieme
2047 721 2247 779 tienen
2282 738 2383 778 sus
2416 737 2602 784 veces,
2642 718 2716 776 ad
2747 719 3093 794 Philippum

461 813 627 869 statu
671 807 1028 867 coloniensis
1071 806 1429 882 provinciae,
1479 806 1754 865 Coloniae
1808 809 1931 877 111„
1985 810 2212 867 Matriti
2266 818 2463 878 1615;
2526 808 2855 867 Barcinone
2907 817 3092 870 1616.

472 907 672 961 1628:
709 898 1065 955 Historicam
1096 897 1531 969 descriptionem
1567 897 1751 954 s.Ma-
1821 909 2004 968 1618,
2052 898 2368 958 admodum
2400 897 2629 973 placuit
2659 897 2754 955 vel
2788 897 2974 958 Paulo
3007 896 3091 966 V„

461 990 583 1046 riae
639 985 1010 1044 Beuricensis
1074 1002 1254 1061 supra
1303 984 1573 1044 Treviros
1598 1028 1611 1053 ,
1676 985 1752 1041 ib.
1809 988 1914 1061 qui
1947 987 2122 1046 illum
2154 1006 2275 1046 una
2306 990 2484 1061 atque
2515 986 2704 1044 altera
2723 986 2850 1044 vice
2884 1004 3095 1063 magna

475 1087 636 1140 1640
661 1096 673 1144 ;
700 1119 711 1131 .
735 1119 745 1131 .
770 1119 781 1130 .
803 1094 848 1131 s.
882 1076 1092 1133 montis
1109 1074 1416 1132 Calvariae
1441 1092 1621 1150 prope
1642 1075 1753 1131 Ar·

461 1165 789 1232 cocileram,
810 1164 884 1222 ib.
919 1173 1082 1225 1640
1110 1184 1123 1229 ς
1148 1207 1158 1218 .
1184 1208 1196 1221 .
1218 1210 1230 1225 .
1255 1181 1298 1221 s.
1319 1163 1534 1220 Montis
1548 1162 1751 1221 Pessu-

464 1257 587 1313 lani
620 1253 690 1311 ad
725 1253 1012 1321 Rhenum,
1061 1252 1403 1327 Moguntiae
1445 1261 1608 1313 1646
1632 1272 1644 1319 ;
1701 1252 1749 1308 b.

483 1342 739 1421 Viryinis
773 1344 832 1399 in
864 1342 1144 1399 Bethleem
1182 1359 1365 1416 prope
1388 1341 1753 1410 Berchheim,

1810 1095 1943 1135 cum
1993 1076 2299 1153 voluptate
2349 1075 2670 1150 percurrit,
2734 1075 2871 1133 binc
2921 1093 3096 1150 saepe

1811 1165 1929 1223 suit
1961 1165 2158 1225 editus
2206 1167 2266 1223 et
2297 1164 2461 1222 brevi
2513 1164 2779 1223 omnium
2824 1164 2945 1222 fere
2977 1163 3093 1221 Eu-

1809 1273 1989 1330 ropae
2010 1254 2364 1330 populorum
2397 1253 2608 1329 lingua
2626 1253 2899 1315 donatus,
2933 1252 3096 1311 Obiit

1810 1346 2016 1402 auctor
2046 1346 2250 1402 noster
2290 1350 2473 1405 1622.
2495 1376 2577 1384 -
2601 1342 2786 1401 Lucas
2817 1341 2889 1399 de
2911 1342 3094 1399 Mon-

467 1432 742 1491 Coloniae
785 1440 966 1492 1646.
1016 1430 1267 1505 Scripsit
1311 1433 1371 1488 et
1410 1430 1755 1507 Exeyeticon
1808 1436 1993 1509 toya
2038 1432 2101 1491 Ο.
2143 1432 2366 1494 Minim.
2414 1431 2777 1490 Matritensis
2827 1430 3097 1507 populari

468 1523 802 1580 historicum
854 1539 901 1577 s.
957 1522 1163 1577 Annae
1226 1519 1496 1578 Coloniae
1557 1528 1753 1588 164o;

470 1612 736 1669 Historia
771 1627 845 1666 ss.
881 1609 1144 1667 Joachim
1177 1615 1226 1665 et
1261 1612 1487 1683 Annae,
1543 1607 1751 1666 Herbi-

1812 1539 2079 1580 sermone
2113 1521 2349 1596 scripsit
2392 1521 2638 1579 Cronica
2668 1520 2901 1596 yeneral
2931 1518 3002 1578 de
3040 1520 3097 1576 la

1811 1611 1993 1669 orden
2016 1610 2087 1670 de
2120 1611 2206 1669 los
2226 1610 2501 1667 Minimos
2535 1609 2606 1668 de
2629 1628 2673 1667 s.
2689 1609 2780 1667 Fr.
2802 1609 2873 1666 de
2893 1609 3095 1675 Paula,

468 1701 589 1775 poli
633 1707 818 1765 1652,
870 1698 1107 1755 libellus
1156 1696 1286 1754 ideo
1318 1698 1620 1755 mentione
1667 1696 1755 1753 di·
1811 1699 2038 1758 Matriti
2067 1699 2446 1763 1619.-Ε11
2469 1699 2672 1757 eodem
2693 1698 2899 1757 ordine
2922 1698 3097 1755 Fran-

467 1808 640 1866 gnus,
689 1787 827 1861 quia
859 1786 1131 1845 meminit
1162 1785 1571 1861 indulgentiae
1619 1803 1757 1843 con-
1812 1789 2001 1848 ciscus
2049 1789 2249 1847 Lano
2273 1788 2443 1846 vius
2492 1787 2736 1863 collegit
2796 1788 3096 1844 chronicon

476 1876 730 1956 cessae1)
783 1895 816 1932 a
861 1875 1081 1933 Thoma
1129 1874 1435 1952 (Buscher)
1485 1874 1757 1950 episcopo
1807 1879 2071 1953 qenerale
2108 1877 2170 1935 O.
2206 1877 2613 1947 Minimornm,
2665 1879 2793 1935 acta
2840 1893 2885 1937 s,
2916 1874 3098 1933 Fran-

473 1965 744 2025 auxiliari
789 1963 1145 2040 moguntino
1187 1960 1248 2043 (†
1283 1971 1335 2025 8.
1371 1965 1521 2040 Aug.
1562 1958 1756 2042 1510)
1815 1968 1952 2025 cisci
1988 1987 2020 2024 a
2049 1967 2235 2025 Paula
2267 1970 2328 2023 et
2359 1984 2762 2024 successorum
2807 1963 3099 2041 generali-

473 2075 579 2131 pro
611 2054 967 2130 quibusdam
990 2053 1362 2112 orationibus
1394 2053 1456 2110 in
1478 2051 1757 2110 honorem
1815 2076 1916 2115 um
1938 2056 2215 2130 capitula,
2249 2046 2650 2113 conventuum
2671 2053 2949 2129 origineS,
2984 2052 3097 2110 viri

473 2144 884 2202 immaculatae
917 2142 1321 2217 conceptionis
1353 2141 1406 2198 b.
1443 2142 1516 2200 M.
1549 2141 1613 2198 V.
1649 2142 1757 2199 etc.

470 2267 558 2276 —
592 2232 932 2290 Joannes
966 2231 1038 2289 de
1072 2250 1117 2289 s,
1150 2231 1335 2288 Maria
1367 2230 1431 2292 O.
1467 2230 1520 2287 S.
1557 2230 1757 2286 Franc.

475 2322 701 2379 Excalc.
734 2322 795 2378 in
830 2321 966 2380 aula
1008 2320 1168 2397 regia
1202 2319 1517 2377 admodum
1560 2337 1759 2392 accep-

474 2416 577 2469 tus
611 2411 944 2485 composuit
978 2409 1221 2468 Cronica
1254 2409 1321 2465 de
1366 2409 1422 2465 la
1457 2408 1762 2466 Provincia

471 2502 541 2558 de
576 2500 632 2558 S.
665 2499 876 2572 ‚loseph
916 2500 984 2555 de
1017 2500 1100 2556 los
1133 2498 1435 2556 Descaizos
1466 2496 1538 2554 de
1580 2498 1635 2553 la
1667 2514 1760 2555 or-

472 2589 588 2648 den
631 2588 701 2646 de
749 2588 834 2647 los
869 2589 1133 2646 Menoi·es
1180 2587 1250 2645 de
1293 2586 1346 2644 S.
1381 2585 1690 2645 Francisco
1721 2605 1761 2661 y

477 2681 549 2736 de
584 2680 668 2736 las
706 2677 1042 2753 provincias
1074 2697 1112 2753 y
1152 2676 1468 2745 custodias,
1503 2693 1618 2750 que
1635 2674 1760 2733 del-

478 2769 562 2825 las
596 2768 708 2825 han
744 2767 952 2835 salide,
997 2766 1223 2824 Matriti
1265 2773 1608 2827 1615-18
1644 2768 1685 2821 t.
1724 2772 1758 2824 2

480 2857 541 2914 in
571 2857 629 2918 f..
666 2875 814 2931 opus
837 2855 1006 2914 valde
1039 2874 1257 2916 rarum.
1290 2853 1371 2911 Ex
1396 2853 1574 2928 hujus
1596 2852 1762 2910 chro-

477 2945 598 3004 nici
630 2965 684 3020 p.
716 2957 768 3006 1.
804 2946 840 3003 1.
887 2955 907 3005 1
951 2963 994 3002 c.
1030 2952 1269 3006 12—31
1303 2943 1632 3000 hauserunt
1651 2943 1762 2998 Ac-

477 3040 539 3093 ta
572 3035 667 3093 SS.
705 3039 876 3092 eiiam
909 3033 1068 3091 Petri
1112 3034 1180 3090 de
1212 3033 1534 3090 Alcantara
1551 3074 1568 3104 ,
1611 3047 1763 3104 quae

479 3124 662 3182 latine
697 3123 930 3181 reddita
965 3122 1043 3179 ib.
1085 3121 1311 3198 legitur
1353 3118 1760 3187 19.Oct.V111‚

480 3222 735 3276 657--7
749 3225 848 3275 00.
915 3211 1058 3269 Eam
1112 3208 1513 3268 Bollandistae
1562 3207 1764 3282 magni

479 3301 734 3368 faciunt.
788 3300 945 3375 quod
998 3303 1203 3358 auctor
1249 3303 1451 3357 noster
1497 3315 1540 3358 s,
1588 3297 1763 3354 Petro

480 3409 727 3451 coaevus
761 3389 966 3448 haberi
997 3389 1206 3465 possit,
1241 3388 1334 3446 vir
1364 3389 1517 3445 esset
1547 3385 1763 3462 gravia,

479 3485 716 3537 sanctus
769 3484 830 3537 et
893 3478 1102 3536 doctus
1154 3482 1333 3551 atque
1397 3474 1763 3538 muneribus,

477 3588 628 3643 quae
661 3569 846 3644 gessit
879 3570 939 3624 et
965 3568 1283 3634 recusavit,
1317 3564 1673 3639 praeclaru8‚
1707 3567 1768 3621 et

482 3658 620 3731 quia
651 3676 719 3715 ex
753 3675 927 3732 opere
975 3655 1224 3729 spiritus
1273 3672 1316 3715 s.
1350 3653 1509 3711 Petri
1542 3652 1764 3729 perfec-

478 3746 708 3804 tissime
730 3746 938 3803 elucet.
971 3745 1116 3802 Eam
1136 3742 1481 3819 praeferunt
1502 3741 1764 3817 ejusdem

482 3836 635 3893 vitae
682 3834 989 3908 prolixiori
1020 3832 1371 3906 inscriptae:
1422 3830 1567 3887 Vida
1598 3851 1632 3903 y
1665 3848 1765 3886 ar·-

481 3926 739 3982 cellentes
783 3924 1035 3980 virtudes
1063 3942 1104 3998 y
1135 3921 1419 3996 milagros
1466 3919 1558 3977 del
1592 3920 1644 3975 S.
1679 3917 1767 3974 Fr.

483 4013 543 4070 P.
591 4013 662 4071 de
707 4013 1052 4079 Alcantma,
1104 4009 1332 4068 Matriti
1393 4017 1574 4071 1629.
1637 4006 1772 4063 Alia

484 4102 748 4176 ejusdem
783 4120 961 4176 opera
995 4104 1168 4158 sunt:
1219 4099 1486 4156 Belacion
1519 4097 1607 4154 dez
1640 4096 1768 4153 Ma·

486 4193 633 4266 tyrio
681 4209 797 4264 que
844 4189 958 4248 seis
1001 4188 1224 4247 Padi-es
1272 4186 1566 4244 descalzos
1598 4185 1771 4241 Fran-

486 4280 764 4344 ciscanOS,
798 4283 920 4336 tres
942 4279 1252 4336 hermanos
1276 4276 1346 4334 (18
1379 4276 1435 4332 18
1457 4273 1773 4347 Compafiia

479 4386 523 4441 y
554 4367 679 4425 diez
709 4386 747 4442 y
781 4368 928 4425 siete
969 4367 1224 4442 Japones
1264 4363 1624 4422 Christianos
1669 4381 1772 4436 pa-

488 4455 762 4514 decieron
783 4475 855 4515 en
876 4455 912 4513 J
918 4475 1086 4531 upon,
1112 4454 1337 4512 Matriti
1367 4462 1521 4514 1601
1547 4472 1559 4518 ς
1586 4459 1770 4518 1628,

487 4564 642 4621 quae
676 4545 854 4603 latine
888 4547 1167 4619 concepta
1198 4544 1411 4600 Romae
1453 4550 1615 4603 1599
1652 4539 1771 4614 pri-

481 4653 644 4693 mum
678 4634 836 4692 edita
870 4634 1003 4702 fuit,
1054 4636 1122 4691 ut
1154 4631 1403 4701 videtur,
1440 4648 1574 4688 cum
1607 4628 1773 4686 addi-

561 4845 599 4910 ι)
628 4841 709 4893 cf.
740 4837 1015 4892 Kathonk
1042 4836 1222 4890 xxxl
1248 4839 1447 4907 (1905),
1473 4839 1630 4891 3192.

1815 2146 2099 2215 illustreS,
2120 2147 2241 2201 tres
2261 2143 2490 2219 priores
2510 2143 2769 2219 regulae,
2792 2160 2943 2217 quae
2964 2159 3098 2198 nec-

1816 2235 1957 2292 dum
1989 2232 2348 2310 prodierant,
2379 2232 2704 2290 bullarium
2738 2230 2811 2288 ab
2845 2250 2893 2287 a.
2932 2238 3096 2290 1416

1816 2331 2099 2393 —1627‚
2133 2321 2401 2380 Lutetiae
2441 2329 2601 2382 1635
2638 2321 2701 2377 18
2733 2319 2790 2388 f.‚
2824 2336 2972 2393 opus
3006 2336 3099 2375 ra-

1816 2432 1947 2471 rum
1985 2408 2086 2492 (m.
2123 2407 2251 2491 80).

1911 2549 1944 2602 3
1957 2548 1987 2601 5
2000 2548 2052 2601 2.
2077 2535 2445 2598 Cherubinus
2463 2536 2521 2592 M
2536 2534 2556 2591 i
2571 2538 2639 2592 rt
2655 2535 2673 2592 i
2691 2552 2731 2590 u
2743 2552 2771 2591 s
2790 2531 3099 2589 Treviren-

1819 2631 1898 2690 sis
1920 2627 2156 2688 Sublaci
2178 2626 2443 2685 ordinem
2478 2644 2522 2682 s.
2541 2622 2851 2683 Benedicti
2884 2626 2978 2679 est
3008 2621 3099 2678 in·

1817 2737 2060 2797 gressus
2104 2721 2284 2792 atque
2315 2719 2455 2773 vota
2502 2713 2803 2790 professus
2843 2720 2941 2772 13.
2975 2711 3099 2768 Oct.

1825 2817 2009 2871 1592.
2042 2807 2309 2864 Decanus
2333 2804 2544 2878 bisque
2564 2804 2827 2861 tironum
2857 2800 3099 2875 spiritu-

1819 2898 1929 2955 alis
1949 2896 2231 2972 magister
2251 2897 2341 2952 est
2357 2893 2717 2953 constitutus
2732 2895 2913 2964 atque
2939 2902 2957 2952 1
2976 2899 3010 2949 6
3022 2896 3054 2949 3
3070 2899 3091 2949 1

1819 2987 2001 3044 abbas
2013 2984 2280 3044 titularis
2292 2978 3104 3041 decessit.Chronicumsubla·

1820 3094 1979 3134 cense
2010 3093 2079 3132 ex
2099 3077 2299 3132 vetere
2328 3074 2694 3138 renovatum,
2728 3067 3103 3126 emendatum

1821 3168 1882 3222 et
1914 3168 2154 3222 auctum
2188 3161 2564 3221 concinnavit
2593 3168 2777 3226 1628,
2812 3157 2970 3232 quod
3004 3154 3104 3212 de-

1821 3273 1985 3312 mum
2031 3253 2245 3310 Petrus
2292 3251 2629 3309 Crostarosa
2675 3248 2889 3304 Rornae
2940 3253 3100 3305 1885

1822 3343 1983 3419 typis
2034 3341 2212 3399 dedit.
2263 3342 2456 3398 Antea
2495 3338 2616 3412 jam
2669 3336 2988 3410 collegerat
3038 3349 3104 3388 ex

1822 3431 2081 3490 archivio
2102 3429 2250 3487 utile
2273 3424 2403 3509 (sed
2428 3420 2749 3504 ineditum)
2772 3423 3105 3480 Baliarium

1825 3522 2161 3579 Sublacense
2177 3514 2241 3594 1).
2301 3551 2375 3560 —
2431 3513 2765 3573 Fridericus
2815 3509 3103 3568 Planci<

1824 3610 1886 3668 Ο.
1923 3609 1977 3668 S.
2010 3609 2149 3665 Ben.
2182 3605 2664 3672 LandshutanuS,
2716 3601 2877 3675 prior
2908 3617 3107 3656 mona-

1825 3697 1991 3756 sterii
2023 3696 2315 3754 anhusani
2351 3689 2410 3773 (†
2454 3688 2663 3772 1634),
2696 3691 2877 3764 hujus
2900 3690 3106 3746 Amsa-

1824 3789 1902 3845 Ies
1952 3785 2210 3861 collegit,
2264 3783 2422 3859 quod
2473 3801 2606 3839 cum
2640 3779 2951 3838 Itinerario
3001 3792 3107 3834 suo

1826 3875 2045 3950 prodiit
2086 3883 2243 3935 1791
2283 3874 2349 3930 in
2382 3870 2606 3930 Placidi
2639 3871 2841 3927 Braun
2861 3864 3108 3931 Notitia‚

1828 3965 1966 4023 hist.
2000 3963 2089 4021 lit.
2124 3966 2163 4019 t.
2199 3963 2243 4023 1.
2276 3996 2363 4005 ——
2397 3959 2760 4037 Sigmundus
2808 3955 3110 4015 Dullin-

1827 4073 1959 4130 ger
1992 4053 2055 4111 O.
2091 4053 2143 4113 S.
2186 4052 2325 4110 Ben.
2370 4050 2551 4109 abbas
2595 4046 2937 4110 monasterii
2984 4064 3111 4103 seo-

1828 4142 2028 4202 nensis
2062 4142 2152 4198 vir
2183 4139 2498 4198 admodum
2540 4137 2809 4196 eruditus
2844 4138 2905 4192 et
2935 4134 3111 4191 indu-

1830 4232 2013 4290 strius
2046 4230 2137 4288 sui
2169 4227 2513 4289 monasterii
2534 4226 2777 4300 scripsit
2796 4223 3114 4281 chronicon

1831 4340 1936 4379 seu
1966 4320 2421 4393 descriptionem,
2458 4335 2631 4390 quam
2667 4313 2851 4371 edidit
2873 4309 3111 4369 Carolus

1832 4409 2076 4485 Stengel
2125 4409 2435 4483 Augustae
2493 4413 2678 4467 1620.
2741 4399 3008 4474 Reliquit
3054 4403 3114 4456 et

1831 4499 1938 4556 dis.
1993 4497 2337 4571 inscriptam
2392 4493 2735 4553 Trithemius
2785 4491 2881 4547 sui
2929 4489 3115 4564 ipsius

1832 4588 2055 4661 vindere,
2092 4605 2213 4661 qua
2243 4604 2378 4643 eum
2411 4581 2674 4642 vindicat
2705 4598 2738 4636 8
2765 4577 2989 4654 magiae
3022 4595 3112 4634 ca·

1900 4756 2269 4900 yfgssmlsshses
2312 4753 2507 4806 Pastor
2553 4752 2733 4804 bonus
2779 4748 2908 4801 xlv
2956 4752 3107 4812 (1901

1831 4862 1972 4892 --,
2035 4845 2065 4885 ;.
2132 4847 2173 4882 s.
