3625 5193
666 268 785 321 237
1044 253 1415 309 1581—1600.
1441 250 1766 321 Patrologia
1790 251 1853 304 in
1880 252 1947 306 It.
1974 253 2031 305 et
2055 250 2268 321 Belg10.
2295 249 2488 305 Sixtus
2519 250 2599 317 V.‚
2630 249 2880 314 Ursinus,
3150 268 3283 325 233

661 437 1047 511 conjecturae,
1081 436 1520 495 observationes
1553 454 1718 495 sacra
1741 436 1939 512 prosa·
1996 436 2181 495 versis
2195 437 2477 495 itinerum
2496 437 2867 513 aliarumque
2887 454 3163 496 curarum
3183 438 3279 496 di·

659 544 851 599 naque
871 525 1205 585 eruditione
1225 528 1465 583 ornatae
1485 526 1559 584 ab
1591 526 1796 584 eodem
1816 526 1938 584 Ma·
1994 526 2423 585 stractionibus
2476 526 2857 601 praepeditus
2906 526 2993 584 illi
3044 527 3273 585 incum-

659 632 766 691 gro
800 613 1077 672 collectae
1096 613 1401 690 prodiere
1377 632 1555 689 Jussu
1576 615 1730 673 card.
1751 616 1937 673 Bran·
1991 614 2130 673 bere
2161 633 2280 673 non
2310 614 2526 690 potuit.
2567 615 2779 674 Factus
2828 618 3036 690 postea
3084 616 3274 675 cardi-

660 687 848 773 caccii,
881 703 1095 761 Romae
1128 714 1295 767 1659
1316 707 1360 764 t.
1391 714 1454 774 13
1488 702 1927 766 Viterbii1667
1990 704 2143 762 88118
2175 704 2575 763 intermissum
2609 703 2850 779 repetiit
2868 703 3146 773 laborem,
3170 705 3279 763 sed

656 797 698 850 t.
749 801 802 854 2
834 824 922 835 -
967 793 1369 851 Praetermitti
1414 809 1552 850 vero
1597 811 1718 851 non
1762 792 1938 851 debet
1983 793 2109 866 jam
2140 811 2260 852 non
2291 793 2473 863 solus,
2512 792 2759 852 adscivit
2802 793 2978 863 enim,
3025 798 3097 852 ut
3146 794 3279 869 ipse

657 879 820 938 Felix
851 881 1224 940 Perettus
1247 881 1670 940 Grottamans
1656 901 1721 939 1n
1745 900 1937 940 marca
1990 881 2076 939 ait
2125 882 2190 940 in
2238 882 2409 958 epist.
2459 881 2892 958 nuncupatoria
2941 881 3015 940 ad
3048 883 3268 959 Grego-

656 970 1007 1028 anconitana
1036 990 1093 1028 n.
1134 980 1229 1033 13.
1264 971 1395 1029 Dec.
1426 979 1589 1034 1513
1612 973 1780 1046 patre
1801 970 1935 1029 hor·
1990 970 2144 1029 rium
2176 970 2351 1042 xm„
2396 972 2731 1047 praeclaros
2779 970 3065 1041 doctores,
3112 972 3281 1031 viros

655 1058 880 1117 tulano.
914 1060 1068 1118 Puer
1098 1059 1388 1118 novennis
1420 1061 1725 1135 ingressus
1757 1063 1852 1117 est
1872 1059 1934 1118 Ο.
1990 1060 2263 1118 doctrina
2294 1064 2354 1119 et
2371 1060 2592 1135 pietate
2612 1078 2822 1136 graves
2842 1078 2908 1118 ac
2927 1059 3269 1135 linguarum

657 1148 796 1205 Min.
809 1148 1436 1225 etsagacitateingenii
1456 1152 1518 1207 et
1537 1147 1818 1207 studendi
1841 1168 1934 1207 ar-
1992 1149 2393 1226 intelligentia
2421 1151 2483 1207 et
2513 1149 2739 1225 pietate
2784 1152 2845 1207 et
2885 1148 3271 1208 historiarum

654 1237 796 1295 dore
827 1237 970 1295 adeo
1002 1237 1267 1312 profecit,
1299 1240 1371 1295 ut
1400 1237 1474 1296 ad
1504 1238 1696 1296 varias
1710 1237 1936 1296 ordinis
1991 1238 2328 1314 cognitione
2342 1238 2946 1314 insignes,praeterea
2964 1238 3027 1295 in
3043 1238 3271 1297 schola-

656 1329 965 1400 promotus
1016 1326 1199 1385 fuerit
1248 1326 1594 1403 dignitates,
1643 1345 1678 1384 a
1708 1327 1814 1385 Pio
1848 1326 1933 1397 V.‚
1991 1328 2139 1385 stica
2169 1326 2466 1402 theologia
2496 1331 2556 1385 et
2585 1330 2823 1403 patrum
2861 1326 3111 1386 lectione
3164 1327 3267 1385 ad-

657 1415 753 1472 081
785 1413 1102 1474 admodum
1134 1418 1264 1474 erat
1308 1418 1581 1491 acceptus
1629 1416 1704 1474 ob
1748 1415 1933 1474 refor-
1991 1416 2229 1475 modum
2263 1420 2546 1475 versatos.
2579 1416 2618 1474 J
2622 1417 2818 1475 uverit
2836 1414 2908 1474 de
2931 1434 3000 1474 ea
3030 1416 3279 1474 audisse

654 1503 935 1562 mationis
975 1504 1184 1573 zelum,
1235 1504 1308 1562 ad
1353 1504 1547 1563 sedem
1593 1523 1635 1562 s.
1671 1505 1935 1581 Agathae
1983 1504 2279 1580 Judicium
2329 1503 2627 1564 editorum
2676 1506 3076 1579 posteriorum
3115 1504 3177 1564 Ο.
3213 1504 3270 1564 S.

657 1587 905 1672 (1566),
955 1612 1088 1650 mox
1134 1592 1459 1651 translatus
1505 1592 1580 1652 ad
1625 1593 1933 1651 firmanam
1991 1595 2131 1652 Ben.
2164 1613 2196 1652 8
2229 1613 2425 1670 congr.
2458 1613 2500 1651 a.
2535 1594 2745 1652 Mauri.
2782 1594 3147 1667 ,Postquam
3179 1612 3267 1652 se-

655 1683 717 1738 et
749 1680 986 1739 demum
1021 1680 1342 1740 honoratus
1391 1702 1654 1757 purpura
1688 1676 1934 1763 (1570).
1992 1682 2126 1753 mel,
2174 1682 2260 1740 ita
2305 1683 2393 1741 illi
2436 1683 2596 1741 inter
2639 1683 2753 1741 alia
2797 1683 2861 1740 in
2906 1684 3086 1757 praef.
3126 1701 3267 1741 suae

654 1769 792 1827 Post
822 1773 1067 1828 mortem
1111 1771 1377 1847 Gregorii
1408 1772 1581 1841 xm„
1617 1772 1713 1830 cui
1737 1771 1934 1828 minus
1992 1771 2100 1843 ed.,
2153 1772 2294 1829 haec
2341 1771 2540 1830 eadem
2602 1771 2783 1830 editio
2838 1771 3068 1847 publici
3106 1771 3273 1846 juris

659 1861 787 1915 erat
806 1862 1100 1934 acceptus,
1123 1860 1280 1918 unde
1302 1860 1474 1935 quasi
1507 1880 1541 1918 a
1567 1859 1825 1937 negotiis
1846 1879 1935 1917 re·
1994 1860 2151 1919 facta
2181 1864 2291 1931 est,
2322 1860 2482 1919 illico
2513 1860 2798 1936 neglectis
2829 1860 3039 1918 ceteris
3076 1861 3269 1918 omnis

661 1949 858 2005 motus
892 1948 1030 2007 solis
1061 1949 1210 2007 vixit
1246 1949 1433 2019 libris,
1468 1950 1694 2007 electus
1741 1952 1834 2007 est
1874 1948 1935 2005 in
1992 1949 2063 2007 ad
2096 1969 2223 2008 eam
2256 1948 2499 2008 transiit
2530 1949 2863 2019 auctoritas,
2910 1948 2997 2006 ita
3028 1952 3100 2007 ut
3130 1948 3264 2006 ubi·

651 2035 986 2110 pontificem
1021 2032 1082 2118 (†
1116 2038 1376 2113 24.Apr.
1432 2047 1592 2101 1585
1634 2037 1936 2111 voluitque
1991 2057 2106 2112 que
2144 2039 2425 2108 locorum,
2471 2038 2683 2096 saltem
2727 2038 2790 2096 in
2836 2038 3058 2112 quibus
3103 2037 3268 2114 viget

652 2126 770 2184 dici
802 2127 1002 2184 Sixtus
1037 2125 1101 2184 V.
1140 2127 1589 2185 Abstinebimus
1623 2146 1656 2185 a
1687 2145 1933 2185 narran-
1991 2127 2311 2186 catholicae
2341 2125 2647 2202 religionis
2667 2127 2967 2202 professio,
2990 2127 3154 2202 typis
3173 2145 3265 2184 so-

651 2215 740 2273 dis
772 2215 1080 2273 fortissimi
1114 2216 1296 2290 hujus
1335 2215 1633 2290 pontificis
1665 2215 1851 2292 gestis
1867 2210 1932 2291 ²),
1989 2208 2047 2274 18
2084 2215 2469 2275 recuderetur
2501 2264 2513 2276 .
2548 2260 2560 2272 .
2595 2259 2608 2273 .
2643 2260 2654 2272 .
2688 2215 3019 2274 Dolendum
3066 2221 3267 2273 tamen

650 2304 755 2378 qui
804 2304 1009 2379 paucis
1061 2305 1231 2363 annis
1274 2324 1486 2381 magna
1535 2310 1594 2362 et
1637 2302 1932 2380 stupenda
1990 2308 2082 2363 est
2116 2306 2175 2362 in
2206 2306 2407 2364 eadem
2442 2304 2548 2362 1180
2578 2304 2836 2363 editione
2867 2304 3115 2379 reperiri
3150 2322 3268 2362 non

649 2393 903 2452 absolvit
935 2411 1110 2468 opera
1133 2389 1303 2471 (†27.
1322 2396 1472 2470 Aug.
1516 2389 1727 2476 1590).
1771 2392 1930 2451 Lite·
1986 2412 2192 2469 pauca,
2231 2413 2381 2469 quae
2411 2411 2533 2453 non
2582 2392 2657 2451 ab
2708 2393 3018 2451 haereticis
3069 2393 3261 2463 mode,

649 2501 850 2541 rarum
869 2481 1694 2557 eratpatronuS‚eruditorum
1709 2484 1929 2541 Mecae-
1986 2502 2193 2541 verum
2225 2484 2400 2542 etiam
2436 2483 2510 2541 ab
2550 2482 2888 2541 orthodoxis
2935 2481 3094 2540 haud
3139 2483 3263 2540 sine

649 2590 771 2642 naS‚
806 2570 880 2630 ad
911 2590 1128 2648 magna
1158 2581 1354 2631 natus.
1389 2571 1458 2629 Ei
1504 2570 1786 2631 debemus
1841 2570 1929 2632 ed.
1986 2589 2162 2631 causa
2191 2572 2390 2631 minus
2423 2571 2808 2648 probentur.‘
2841 2570 2926 2630 Ea
2956 2571 3020 2631 in
3054 2570 3261 2646 primis

648 2679 885 2734 operum
925 2680 969 2719 s.
1002 2661 1298 2720 Ambrosii
1330 2661 1541 2719 Romae
1580 2669 1924 2724 1580—85
1986 2663 2144 2730 sunt,
2207 2661 2699 2738 quinquepartita
2753 2679 2999 2735 operum
3049 2660 3265 2719 divisio

647 2769 699 2807 v.
757 2760 788 2810 5
844 2750 907 2806 in
966 2749 1024 2818 f.,
1086 2750 1321 2825 saepius
1380 2750 1591 2808 deinde
1650 2769 1927 2809 recusam.

647 2839 812 2895 Hanc
844 2837 931 2895 ed.
965 2857 1278 2914 aggressus
1310 2842 1403 2896 est
1431 2839 1674 2897 hortatu
1705 2840 1791 2896 Pii
1830 2838 1925 2901 IV.

647 2933 706 2984 et
740 2927 829 2984 Pii
862 2925 948 2995 V.‚
984 2926 1125 2985 dum
1157 2928 1371 2985 Romae
1392 2928 1452 2985 18
1475 2928 1765 2986 Minorum
1789 2946 1925 2986 con·

647 3018 832 3073 ventu
863 3016 1195 3090 generalem
1228 3016 1452 3074 ordinis
1486 3020 1702 3090 ageret.
1736 3019 1817 3074 At
1837 3016 1925 3075 di-

645 3235 807 3291 Dalle
821 3240 992 3289 stesse
1005 3236 1204 3290 lettere
1222 3235 1316 3289 noi
1333 3235 1693 3305 racoglianm,
1712 3238 1925 3304 quanto

645 3309 690 3361 si
718 3309 1045 3376 adoperasse
1089 3307 1128 3358 il
1159 3307 1385 3359 Latinio
1430 3307 1524 3360 nel
1550 3308 1923 3374 confrontare,

644 3380 734 3433 nel
771 3396 1069 3448 corregere,
1111 3376 1548 3432 nell'illustrare
1589 3378 1668 3448 gli
1710 3380 1923 3433 antichi

643 3451 885 3504 scrittori
948 3468 977 3503 e
1043 3450 1482 3518 singolarmente
1554 3449 1921 3518 Tertulliano,

642 3522 1010 3590 &Cypriano
1050 3539 1078 3574 8
1119 3520 1433 3600 Lattanzio5
1473 3520 1517 3572 Ε
1559 3521 1740 3574 frutto
1775 3522 1923 3577 delle

641 3593 845 3663 grandi
891 3593 1102 3645 fatiche
1144 3593 1216 3644 (18
1252 3607 1372 3644 esso
1410 3591 1472 3644 in
1512 3592 1598 3646 010
1645 3593 1832 3646 fatte
1815 3599 1923 3648 ela

640 3668 942 3719 baeffblnotheca
969 3683 1129 3718 sacra
1154 3667 1216 3717 ed
1226 3683 1288 3730 pv
1290 3667 1465 3730 ·ofam1
1488 3662 1584 3716 dal
1600 3664 1920 3730 niedesimO,

641 3734 965 3802 stampata
952 3753 1012 3786 18
1039 3735 1214 3787 Roma
1241 3734 1333 3787 nel
1366 3735 1712 3797 1677,118118
1757 3736 1921 3803 quale

641 3805 1068 3873 comprendonsi
1083 3809 1230 3858 tutte
1257 3806 1309 3858 le
1337 3810 1483 3868 note,
1511 3806 1614 3859 0118
1634 3806 1675 3857 11
1698 3807 1922 3860 Latinio

641 3893 777 3930 avea
804 3877 861 3931 di
891 3893 992 3929 sua
1018 3894 1185 3929 mano
1223 3876 1494 3946 aggiunte
1521 3876 1579 3929 in
1606 3879 1862 3947 margine
1889 3896 1923 3931 8

640 3948 962 4001 moltissimi
990 3966 1058 4002 ss.
1084 3947 1253 4000 Padri
1274 3965 1302 4000 e
1324 3947 1454 4001 altri
1482 3949 1670 4001 autori
1696 3950 1919 4016 profani

638 4019 731 4072 nei
758 4019 907 4085 libri,
935 4019 1086 4071 ch'ei
1117 4018 1288 4072 188010
1316 4019 1378 4072 in
1405 4019 1552 4072 dono
1580 4020 1844 4074 morendo
1864 4020 1921 4074 81

639 4090 895 4158 Capitolo
923 4089 978 4141 di
1013 4090 1258 4145 viterbo.

719 4167 752 4224 ¹)
783 4160 863 4213 Cf.
908 4164 1131 4228 praeter
1173 4164 1313 4217 alios
1352 4164 1636 4234 'l'empesti
1678 4165 1738 4218 O.
1781 4163 1919 4218 Min.

636 4231 818 4286 Storia
844 4232 1129 4286 della'vita
1149 4252 1178 4288 e
1194 4239 1349 4304 geste
1366 4237 1423 4289 di
1443 4237 1590 4290 Siste
1610 4235 1691 4300 V.‚
1710 4235 1921 4290 Romae

638 4308 802 4362 1755;
855 4302 1052 4407 Ranke
1077 4304 1165 4359 die
1192 4313 1329 4360 rom.
1358 4307 1564 4377 Papste
1593 4308 1657 4370 1⁶,
1685 4312 1790 4364 ‘285
1819 4325 1918 4366 ss.;

638 4375 835 4436 11,133
862 4393 930 4428 ss.
1011 4391 1063 4430 v,
1093 4378 1324 4431 Hilbner
1352 4380 1544 4432 Sixtus
1570 4379 1667 4433 der
1693 4379 1917 4439 anfte,

637 4446 675 4497 I
661 4445 866 4516 eipzig
893 4421 1027 4502 18'71
1059 4450 1100 4500 t.
1128 4453 1188 4508 2;
1245 4448 1406 4520 Cugn
1410 4450 1505 4531 oni
1529 4451 1795 4504 Memorie
1823 4468 1918 4503 811·

635 4518 849 4585 tograte
875 4516 932 4569 di
960 4536 1035 4586 pa
1078 4535 1112 4571 8
1131 4492 1276 4573 Sisto
1297 4469 1406 4584 Vq?
1406 4521 1467 4574 in
1493 4521 1712 4574 Archiv
1679 4539 1751 4575 10
1767 4522 1919 4576 della

635 4582 752 4642 810.
779 4605 913 4640 rom.
942 4588 1001 4641 di
1031 4591 1218 4645 (310118
1259 4563 1445 4662 patria
1473 4593 1518 4644 V
1547 4595 1728 4664 (1882)
1757 4598 1839 4650 ls

635 4661 689 4712 Γ.
679 4659 946 4729 18188108
962 4660 1114 4730 Papa
1133 4611 1296 4728 sisto,
1317 4664 1501 4717 Storia
1522 4663 1613 4717 del
1631 4681 1732 4718 sec.
1751 4667 1796 4718 X
1805 4665 1915 4730 VI

633 4731 957 4785 Mediolano
985 4735 1023 4784 t.
1057 4732 1163 4804 111;
1209 4751 1259 4787 v,
1285 4707 1453 4789 'Funk
1479 4734 1589 4795 KL
1619 4736 1914 4798 X1‚381-—

632 4806 757 4858 384

1984 2770 2102 2810 808
2135 2754 2227 2809 sat
2257 2751 2558 2819 concinna,
2594 2749 2752 2825 quod
2793 2752 3082 2808 tractatus
3128 2751 3261 2825 qui-

1982 2840 2108 2898 dam
2156 2841 2323 2899 valde
2367 2839 2534 2898 dubii
2573 2840 2827 2914 receptis
2861 2857 2926 2897 ac
2972 2838 3261 2914 legitimis

1982 2930 2152 3004 quasi
2184 2929 2507 2988 indubitati
2552 2928 2778 2988 fuerint
2820 2927 3057 2985 inserti:
3110 2927 3260 2994 ,Sed

1982 3018 2133 3076 nihil
2183 3019 2246 3076 in
2291 3019 2384 3076 his
2431 3017 2705 3076 omnibus
2757 3017 2945 3092 magis
2992 3015 3257 3084 offendit,

1983 3126 2159 3182 quam
2209 3107 2368 3182 quod
2417 3106 2605 3164 multa
2654 3106 2720 3163 in
2762 3106 2889 3180 ipso
2942 3107 3111 3163 textu
3145 3105 3259 3163 sibi

1981 3197 2375 3270 permiserunt
2406 3196 2466 3266 ii,
2502 3213 2650 3269 quos
2683 3195 2873 3252 eidem
2912 3193 3263 3270 corrigendo

1980 3285 2253 3344 adhibuit
2298 3305 2406 3344 em.
2453 3283 2803 3353 cardinalis3
2856 3301 3049 3357 neque
3098 3283 3256 3341 enim

1979 3374 2111 3432 istis
2144 3375 2315 3432 aliter
2345 3374 2419 3431 ab
2449 3375 2576 3449 ipso
2618 3376 2918 3448 peccatum
2966 3389 3091 3429 esse
3137 3372 3256 3429 exi-

1977 3463 2304 3532 stimamus,
2350 3463 2468 3520 nisi
2503 3463 2641 3535 quia
2689 3461 2841 3519 forte
2885 3460 3020 3535 plus
3067 3477 3257 3535 aequo

1978 3571 2177 3610 80111111
2210 3551 2556 3627 diligentiae
2586 3569 2650 3608 ac
2686 3549 3034 3625 prudentiae
3066 3550 3251 3607 credi-

1977 3641 2079 3698 dit.
2126 3641 2250 3698 Imo
2296 3658 2432 3698 vero
2478 3658 2670 3714 neque
2715 3639 2924 3697 horum
2969 3638 3252 3695 damnan-

1977 3729 2118 3787 dum
2151 3733 2320 3787 tanta
2365 3747 2498 3786 cum
2551 3728 2867 3787 severitate
2917 3727 3249 3794 consilium,

1977 3819 2197 3893 qnippe
2246 3818 2350 3892 qui
2395 3818 2544 3875 nihil
2589 3815 2751 3876 aliud
2782 3816 2893 3874 sibi
2925 3834 3247 3891 proposue-

1976 3907 2113 3978 rint,
2162 3907 2280 3965 nisi
2325 3924 2495 3964 voces
2545 3906 2845 3981 quasdam,
2886 3923 3040 3979 quae
3074 3905 3248 3980 paulo

1975 3995 2245 4054 duriores
2278 3996 2427 4069 ipsis
2460 3995 2830 4064 videbantur,
2854 3993 3134 4063 emollire,
3158 3992 3250 4051 vel

1975 4104 2126 4159 quae
2148 4084 2516 4144 obscuriores
2536 4088 2768 4142 mutare
2792 4082 3139 4141 clarioribus
3158 4080 3249 4141 vel

1976 4174 2229 4248 denique
2263 4174 2335 4231 ad
2367 4174 2702 4249 Scripturae
2740 4171 2951 4229 seriem
2997 4170 3251 4230 auctoris

1975 4263 2366 4337 expositiones
2375 4281 2661 4321 revocare.
2677 4269 2776 4297 ⁴¹-
2789 4261 3038 4319 Arnobii
3055 4262 3245 4335 dispw

1974 4354 2253 4410 tationum
2303 4352 2578 4410 adversus
2620 4358 2813 4427 yentes
2861 4351 2916 4407 Il.
2954 4353 2993 4408 7
3037 4349 3245 4408 Romae

1984 4451 2146 4504 1583
2182 4440 2372 4500 edidit
2400 4440 2815 4499 celeberrimus
2848 4438 3098 4496 Fulvius
3131 4437 3247 4494 Ur-

1974 4550 2000 4590 s
2023 4531 2218 4600 inus,
2254 4529 2566 4589 canonicus
2596 4528 2985 4586 lateranensis
3031 4525 3112 4606 (n.
3150 4535 3243 4587 21.

1904 4621 2102 4680 ’1)80.
2161 4629 2324 4684 1530
2372 4619 2620 4678 Romae:
2655 4615 2690 4682 †
2734 4627 2824 4678 15.
2858 4616 2993 4692 Maj.
3041 4611 3247 4694 1600),

1974 4711 2077 4786 qui
2139 4713 2421 4787 majorem
2480 4712 2680 4766 tamen
2739 4709 3093 4765 consecutus
3156 4702 3246 4760 est

1972 4799 2188 4858 famam
2209 4802 2281 4858 ob
2303 4801 2639 4859 illustratos
2660 4801 2925 4854 auctores
2947 4794 3249 4871 profanos.
