3625 5193
551 265 677 317 919
1066 248 1437 303 1641-1663.
1464 243 1658 299 Theol.
1684 243 1852 298 schol.
1882 243 1942 297 in
1970 243 2129 314 Hisp.
2157 245 2291 300 Ant.
2318 262 2353 299 a
2379 243 2559 299 Matre
2584 242 2703 309 Dei,
3053 259 3180 313 920

550 430 922 491 Francofurti
998 439 1198 500 1629;
1275 429 1553 505 Lugduni
1634 438 1834 499 16373
1893 429 2160 492 bonitate
2210 435 2272 490 et
2319 428 2552 490 malitia
2597 432 2836 490 actuum
2890 428 3181 487 humano-

564 530 717 583 1651
760 523 821 579 et
861 530 1041 584 1668.
1106 519 1438 580 Defuerunt
1481 537 1656 594 porro
1696 519 1836 578 huic
1890 537 2041 590 rum,
2076 518 2149 578 de
2168 520 2443 595 peccatis.
2476 517 2734 583 Joannes
2765 517 2852 578 ab
2874 519 3181 576 Annun-

550 608 749 669 cursui
795 608 1029 683 aliquot
1072 611 1287 684 partes.
1333 608 1564 670 Blasius
1596 628 1631 667 a
1660 608 1835 669 Con·
1891 608 2239 667 ciatione
2271 607 2572 683 quondam
2595 606 3067 684 congregationis
3085 606 3179 664 hi-

553 697 916 774 ceptione
962 697 1025 756 0.
1074 698 1262 757 Carm.
1308 696 1514 758 Gallus
1560 697 1839 757 visitator
1891 697 2176 776 spanicae
2201 697 2523 774 generalis,
2559 713 2801 758 cursum
2844 695 3181 770 complevit,

551 787 860 864 generalis,
911 786 1017 861 qui
1047 791 1294 862 propter
1338 785 1587 846 docendi
1618 805 1840 846 munus
1894 786 2113 846 additis
2135 789 2212 845 tr.
2232 788 2529 862 depretia,
2561 787 2631 845 do
2649 784 2957 844 virtutibus
2974 785 3182 846 theolo-

552 876 828 952 pluribus
880 875 946 933 in
995 875 1207 934 scholis
1253 875 1481 934 ordinis
1531 874 1840 950 splendide
1888 876 2052 953 ysces,
2072 875 2146 936 de
2167 878 2331 936 statu
2349 874 2641 952 religiose,
2663 875 2735 934 de
2750 873 3174 940 incarnatione,

552 967 791 1042 gestum
825 964 1151 1041 ,magister
1199 964 1384 1023 totius
1416 963 1674 1022 ordinis<
1723 964 1840 1022 fuit
1894 964 1964 1022 de
1997 965 2377 1025 sacramentis
2421 964 2485 1024 in
2516 982 2748 1040 genere,
2796 963 2869 1022 de
2912 962 3185 1024 euchari·

553 1055 870 1122 salutatus,
918 1052 1133 1129 adJecit
1164 1053 1642 1130 Metaphysicam,
1686 1072 1839 1129 quae
1894 1053 2014 1113 stia
2044 1057 2106 1112 et
2123 1054 2506 1129 poenitentia.
2540 1052 2768 1112 Prodiit
2799 1053 3000 1118 autem
3022 1052 3182 1129 Lug-

552 1143 779 1219 prodiit
808 1142 1056 1203 Parisiis
1087 1152 1249 1205 1640
1286 1145 1347 1200 et
1386 1151 1571 1212 1642,
1605 1144 1676 1201 ut
1706 1147 1749 1203 t.
1772 1141 1838 1202 V.
1895 1143 2057 1212 duni,
2093 1142 2375 1210 Coloniae.
2415 1141 2698 1210 Venetiis‚
2740 1140 2968 1200 Matriti
3016 1150 3179 1203 1679

550 1233 726 1297 ined.
758 1231 1122 1308 lugdunensi
1153 1250 1202 1291 a.
1231 1240 1387 1298 1651
1429 1233 1490 1290 et
1516 1240 1713 1302 16683
1747 1231 1838 1289 in·
1896 1240 2156 1294 -1712
2192 1236 2236 1293 t.
2265 1239 2340 1293 12
2375 1232 2438 1291 in
2479 1241 2553 1292 14
2578 1251 2650 1300 v.‚
2674 1235 2746 1290 ⁷et
2769 1230 2969 1306 magni
3002 1231 3183 1290 etiam

554 1340 734 1397 super
782 1325 843 1380 et
889 1319 1318 1396 Philosophiam
1364 1339 1600 1395 quoque
1644 1338 1839 1380 mora·
1894 1324 2100 1380 nostro
2150 1323 2415 1395 tempore
2448 1320 2799 1379 aestimatur
2831 1314 2932 1399 (m.
2989 1315 3185 1399 5oo):

551 1412 678 1480 lem,
711 1409 952 1469 Parisiis
992 1421 1016 1470 1
1034 1419 1177 1473 647.
1225 1409 1370 1470 Cum
1401 1426 1540 1468 vero
1571 1409 1838 1470 tironum
1896 1429 2078 1485 quare
2107 1409 2155 1466 P
2176 1409 2322 1468 alm
2340 1411 2370 1467 e
2402 1428 2615 1468 novam
2654 1408 2978 1469 editionem
3009 1427 3182 1467 cura-

525 1493 753 1573 'captui
799 1517 1006 1558 cursus
1039 1499 1139 1558 ille
1182 1499 1379 1558 minus
1411 1501 1566 1557 esset
1613 1516 1838 1558 accom-
1896 1499 1985 1557 vit
2016 1498 2257 1557 Parisiis
2288 1505 2468 1562 1871.
2504 1498 2748 1557 Sodales
2772 1496 3185 1556 salmanticen-

555 1587 846 1654 modatm,
881 1606 1017 1647 eum
1051 1587 1398 1646 retractavit
1431 1582 1685 1668 (seclusa
1714 1606 1839 1645 me·
1897 1606 1988 1647 ses
2020 1586 2398 1663 postmodum
2418 1604 2663 1646 cursum
2692 1586 3023 1662 theologiae
3055 1605 3184 1644 mo-

553 1671 889 1754 taphysica)
952 1676 1212 1737 Joannes
1275 1677 1349 1735 ab
1394 1676 1839 1736 Annuncia·
1895 1676 2040 1736 ralis
2072 1675 2408 1745 ediderunt,
2461 1675 2533 1734 de
2565 1693 2683 1750 quo
2730 1675 2896 1737 alias,
2930 1707 3016 1722 —-
3048 1675 3185 1734 Fer·

554 1766 789 1836 tione,
824 1766 897 1825 de
917 1784 1036 1839 quo
1057 1764 1228 1834 infra,
1263 1765 1568 1840 ediditque
1588 1765 1839 1840 inscrip-
1896 1765 2193 1824 dinandus
2225 1786 2259 1828 a
2298 1765 2337 1823 J
2352 1783 2489 1824 esu
2535 1765 2744 1824 Gienni
2791 1764 2853 1822 in
2900 1763 3189 1839 Hispania

553 1860 716 1913 tum:
761 1853 1004 1930 Collegii
1037 1853 1251 1930 Compl.
1301 1854 1366 1911 sr.
1400 1854 1539 1917 disc.
1571 1855 1627 1913 b.
1662 1856 1734 1916 M.
1769 1855 1841 1912 de
1897 1875 1971 1924 n.‚
2006 1854 2080 1913 ob
2111 1873 2348 1913 auream
2384 1854 2618 1913 dicendi
2648 1853 2773 1912 vim
2804 1856 2867 1911 et
2896 1853 3189 1927 eloquen-

557 1947 757 2002 monte
790 1943 973 2001 Carm.
1007 1945 1226 2001 artium
1255 1962 1464 2002 cursus
1494 1944 1571 2003 ad
1601 1944 1840 2003 brevio·
1895 1945 2043 2002 tiam
2089 1942 2181 2003 sui
2231 1943 2418 2002 seculi
2465 1943 2918 2018 chrysostomus
2966 1959 3186 2019 cogno-

557 2050 682 2090 rem
726 2031 976 2090 sormam
1021 2033 1303 2092 collectus
1345 2038 1407 2090 et
1437 2051 1588 2091 novo
1635 2032 1841 2092 ordine
1897 2033 2159 2092 minatus
2182 2027 2243 2114 (†
2272 2042 2436 2098 1644
2471 2053 2519 2090 a.
2545 2032 2756 2090 aetatis
2782 2028 2907 2111 73),
2943 2030 3189 2105 scripsit

555 2127 735 2195 atque
754 2121 1001 2180 faciliori
1020 2121 1161 2180 stilo
1186 2121 1530 2197 dispositus,
1565 2121 1842 2198 Lugduni
1896 2124 2306 2181 commentaria
2337 2121 2399 2180 in
2440 2134 2490 2184 1.
2528 2131 2582 2182 2.
2617 2140 2713 2195 qq.
2750 2130 2804 2182 6.
2844 2129 2916 2190 7.,
2953 2121 3187 2180 Conim-

565 2220 897 2272 1669-71
939 2214 986 2273 t.
1023 2222 1092 2278 53
1138 2210 1413 2270 Coloniae
1453 2220 1638 2273 1732.
1686 2211 1746 2270 T.
1785 2221 1841 2273 3.
1897 2211 2094 2272 bricae
2123 2220 2318 2280 16063
2351 2211 2416 2269 in
2436 2230 2530 2285 qq.
2557 2219 2853 2276 49--543
2887 2209 2964 2267 ib.
2997 2218 3191 2276 1606;

554 2299 817 2374 adjectae
863 2304 1005 2357 sunt
1041 2309 1074 2360 2
1108 2299 1261 2375 disp.
1308 2300 1380 2358 de
1413 2300 1706 2377 principio
1748 2300 1841 2359 in·
1897 2299 1960 2358 in
1997 2310 2051 2363 3.
2103 2315 2157 2374 p.
2190 2318 2286 2374 qq.
2331 2308 2570 2368 1-—263
2620 2298 2865 2360 Beatiae
2904 2307 3072 2360 1613
3121 2297 3186 2355 in

556 2387 981 2447 dividuationis
1014 2401 1215 2448 rerum
1240 2389 1654 2458 materialium,
1688 2392 1750 2448 et
1769 2389 1842 2448 de
1902 2401 1972 2458 43
2005 2392 2080 2448 tr.
2113 2389 2182 2446 de
2206 2389 2506 2463 ill-initam,
2541 2386 2947 2447 Conimbricae
2979 2397 3145 2450 1606
3172 2408 3187 2452 ;

555 2477 832 2546 essentia,
895 2477 1241 2537 exsistentia
1292 2483 1354 2535 et
1414 2478 1842 2547 subsistentia;
1898 2480 1966 2538 de
1997 2478 2162 2537 donis
2183 2477 2445 2551 Spiritus
2472 2496 2517 2535 s.
2537 2484 2589 2535 et
2616 2477 2856 2554 lapibus,
2888 2475 2967 2535 ib.
2992 2483 3191 2542 1612;

559 2585 788 2627 necnon
838 2571 912 2624 tr.
963 2567 1034 2626 de
1065 2567 1232 2625 coelis
1267 2573 1318 2624 et
1362 2569 1639 2626 meteoris.
1690 2567 1844 2625 Hinc
1901 2566 2263 2626 Prooemium
2310 2566 2499 2629 totius
2547 2585 2591 2625 s.
2626 2565 2983 2643 Scripturas,
3037 2566 3188 2624 Bea-

558 2674 766 2714 cursus
815 2656 1047 2731 integer
1098 2646 1331 2714 constat
1380 2658 1422 2718 t.
1475 2664 1526 2716 7.
1590 2656 1699 2715 Est
1749 2657 1844 2716 hic
1897 2657 2015 2715 tiae
2057 2666 2219 2719 1613
2255 2656 2319 2715 in
2352 2666 2426 2725 4;
2478 2657 2546 2714 de
2575 2674 2798 2715 summo
2821 2651 3095 2730 pontifice
3125 2658 3190 2712 et

558 2762 771 2803 cursus
820 2744 1170 2818 prodromus
1220 2744 1585 2803 celeberrimi
1633 2763 1843 2805 cursus
1898 2745 2184 2811 conciliis,
2231 2745 2629 2804 conimbricae
2684 2754 2868 2808 1617.
2900 2777 2990 2787 -
3019 2744 3190 2803 Jose-

560 2833 894 2907 theologici,
931 2832 1035 2906 qui
1055 2832 1434 2892 inscribitur:
1468 2833 1709 2911 Collegii
1727 2835 1841 2893 sal-
1899 2835 2051 2911 phus
2097 2834 2182 2891 de
2228 2834 2577 2894 Corduba
2610 2833 2674 2893 Ο.
2708 2836 2763 2894 S.
2812 2835 2966 2909 Aug.
3017 2832 3188 2891 Abu-

557 2920 938 2979 manticensis
971 2919 1223 2979 fratrum
1255 2921 1744 2982 discalceatorum
1778 2924 1842 2981 B.
1898 2924 2082 2983 lensis
2113 2926 2266 2983 teste
2299 2923 2671 3000 Ossinger
2701 2926 2745 2980 t.
2782 2933 2818 2984 4
2850 2922 2914 2980 in
2946 2921 3001 2979 d.
3030 2921 3185 2980 Tho-

560 3009 777 3067 Mariae
828 3008 900 3067 de
946 3012 1147 3069 monte
1196 3011 1456 3071 Carmelo
1508 3012 1843 3087 primitivae
1900 3032 2052 3072 mam
2085 3012 2323 3088 publico
2370 3011 2846 3071 communicavit.
2887 3043 2977 3055 -—
3022 3011 3093 3068 In
3130 3020 3188 3073 3.

557 3097 965 3156 observantiae
1014 3117 1220 3158 cursus
1289 3102 1624 3178 theoloqicus
1683 3121 1841 3160 sum-
1898 3121 1954 3177 p.
1998 3102 2186 3176 deque
2233 3101 2657 3161 incarnationis
2704 3099 2992 3176 mysterio
3036 3117 3188 3158 com-

560 3205 712 3245 mum
742 3187 1103 3263 theologicam
1135 3188 1191 3246 d.
1235 3190 1484 3249 Thomas
1528 3210 1657 3267 any.
1690 3208 1840 3249 com-
1900 3193 2244 3251 mentm-ium
2264 3191 2330 3249 in
2348 3209 2444 3265 qq.
2473 3199 2683 3253 1—24
2713 3188 2903 3247 edidit
2922 3188 3188 3247 Joannes

546 3278 798 3349 plectens
822 3278 995 3351 juxta
1026 3277 1241 3336 miram
1282 3279 1546 3354 ejusdem
1591 3279 1843 3355 angelici
1900 3280 2389 3338 Prudentius
2466 3280 3039 3354 caesaraugustanus
3119 3277 3190 3335 O.

558 3366 952 3441 praeceptoris
985 3366 1315 3425 doctrinam
1346 3371 1407 3427 et
1433 3369 1671 3428 omnino
1704 3386 1843 3427 con·
1900 3370 2069 3426 Mero.
2102 3369 2166 3426 in
2197 3368 2491 3426 academia
2531 3366 2930 3443 complutensi
2964 3367 3187 3441 prima-

557 3475 698 3514 sone
728 3456 802 3514 ad
848 3475 991 3524 eam,
1044 3475 1224 3530 quam
1272 3457 1681 3532 complutense
1725 3456 1841 3516 col-
1897 3457 2026 3516 11118
2099 3456 2433 3533 theologiae
2493 3457 2825 3534 professor,
2903 3455 3188 3531 Lugduni

555 3545 779 3620 legium
800 3545 1065 3619 ejusdem
1080 3545 1203 3604 ord.
1219 3545 1284 3604 in
1303 3565 1410 3605 suo
1424 3546 1644 3605 artium
1662 3564 1844 3605 cursu
1907 3554 2090 3609 1654.
2156 3544 2457 3613 Quaedam
2509 3546 2639 3621 ejus
2672 3563 2846 3620 opera
2880 3544 3189 3621 theoloqica

556 3633 825 3693 tradidit.
859 3634 1055 3709 Hujus
1076 3653 1282 3695 cursus
1303 3636 1451 3693 torni
1475 3638 1595 3695 tres
1615 3635 1842 3712 priores
1898 3635 2220 3710 posthuma
2278 3634 2631 3710 prodierunt
2680 3632 2958 3709 Lugduni
3018 3641 3186 3694 1690

555 3726 697 3782 sunt
717 3723 941 3797 pariter
954 3723 1201 3784 Antonii
1219 3725 1410 3783 nostri
1428 3720 1491 3803 ¹),
1516 3744 1768 3799 quorum
1790 3734 1841 3786 1.
1897 3724 1963 3781 in
1994 3724 2032 3781 f.

554 3816 644 3868 est
667 3812 726 3868 in
747 3829 844 3885 qq.
871 3822 892 3872 1
917 3844 983 3855 -
999 3821 1077 3873 26
1096 3832 1150 3886 p.
1177 3824 1246 3882 1.,
1267 3812 1651 3871 Salmanticae
1674 3821 1833 3875 1631

555 3900 616 3955 111
632 3899 697 3959 f.;
717 3902 760 3955 t.
782 3907 835 3958 2.
858 3899 920 3955 in
937 3917 1032 3973 qq.
1050 3900 1121 3958 de
1138 3899 1842 3973 ss.'1'rinitate,ib.1637;
1992 3911 2134 3963 391).
2157 3902 2365 3961 Ρ111188
2385 3901 2547 3959 fuere
2567 3920 2598 3959 e
2632 3919 2659 3959 8
2675 3919 2708 3959 0
2723 3900 2837 3958 018
2855 3902 2930 3957 ta
2946 3902 3019 3958 te
3038 3899 3192 3959 Jesu

563 3986 699 4047 3.111
722 4004 816 4059 qq.
854 3985 925 4042 de
954 3986 1203 4062 angelis,
1237 3987 1315 4050 ib.
1357 3998 1541 4052 1641.
1578 3990 1841 4049 Domini·
1900 3990 2153 4049 Thomas
2201 3990 2574 4065 interpretes.
2639 3989 2949 4065 Praecipui
3009 3994 3186 4046 sunt:

558 4092 661 4131 cus
708 4094 741 4131 a
774 4092 818 4133 s,
867 4074 1237 4134 Theresia
1285 4070 1347 4158 (†
1389 4074 1582 4159 1654)
1629 4080 1844 4154 adjecit
1900 4078 2196 4138 Antonius
2260 4080 2490 4139 Perez
2551 4075 3060 4154 Pontireginensis
3126 4078 3194 4134 in

559 4165 601 4217 t.
638 4171 691 4221 4.
725 4166 786 4218 et
822 4171 875 4221 5.
921 4162 983 4221 in
1022 4174 1074 4224 1.
1112 4174 1165 4225 2.
1199 4184 1272 4240 p.,
1322 4168 1444 4225 scil.
1479 4167 1550 4225 de
1591 4167 1707 4226 fine
1748 4168 1843 4225 ul·
1901 4168 2153 4227 dioecesi
2185 4168 2618 4244 pampilonensi
2651 4163 2732 4248 (n.
2775 4176 2961 4235 1599,
3015 4162 3050 4233 †
3087 4176 3190 4228 27.

557 4249 721 4319 timo,
757 4251 828 4309 de
858 4252 1252 4331 beatitudine,
1285 4256 1354 4313 de
1377 4256 1735 4325 voluntarie,
1771 4256 1843 4314 de
1899 4257 2066 4318 Febr.
2095 4253 2306 4335 1649),
2340 4256 2672 4333 theologiae
2700 4254 3092 4313 Salmanticae
3125 4258 3190 4312 et

1901 4346 2114 4405 Romae
2150 4346 2466 4421 professor,
2501 4345 2594 4403 vir
2628 4343 2844 4403 summi
2874 4346 2936 4402 et
2964 4343 3193 4403 acutis-

638 4448 673 4507 ¹)
702 4440 983 4494 Dubitant
1007 4443 1197 4497 tamen
1221 4442 1309 4496 vel
1335 4445 1548 4512 negant
1565 4442 1615 4497 K
1632 4460 1661 4497 8
1678 4462 1705 4495 r
1720 4444 1757 4496 k
1772 4461 1801 4497 e
1817 4461 1846 4496 r
1901 4434 2034 4492 simi
2087 4434 2331 4510 ingenii,
2383 4433 2455 4492 de
2495 4452 2613 4509 quo
2659 4432 2882 4491 Sfortia
2928 4432 3151 4491 Palla
3165 4464 3193 4477 -

558 4511 908 4566 KirchenleX.
940 4512 1032 4576 IX,
1059 4516 1166 4570 580
1199 4513 1286 4568 ed.
1316 4519 1361 4570 1.
1392 4515 1451 4567 et
1486 4513 1572 4567 Pe
1591 4516 1742 4569 ters
1767 4515 1844 4571 ib.
1903 4522 2209 4593 vicinus,
2243 4526 2448 4598 postea
2481 4521 2795 4580 cardinalis
2811 4519 2890 4600 1);
2939 4521 3050 4588 ,Α
3079 4521 3194 4579 Pe-

560 4582 743 4707 2233?ss
760 4583 1414 4724 ffiffiggzgssfffz’gssffiae
1436 4585 1845 4711 ’ξέιξὲξξέὃοὲ
1901 4630 1995 4669 rez
2028 4612 2090 4669 in
2111 4610 2439 4687 theologico
2461 4609 2801 4687 magisterio
2823 4610 3066 4686 collega,
3094 4610 3193 4667 vir

561 4725 595 4777 S
614 4727 738 4777 tan
755 4741 787 4777 0
805 4725 929 4778 nik
968 4726 1028 4779 in
1056 4726 1221 4780 docto
1247 4730 1306 4781 ct
1343 4730 1601 4782 accurato
1630 4731 1736 4785 art.
1772 4728 1846 4782 ib.

562 4795 656 4855 Ill,
685 4798 803 4851 769.
1982 4802 2018 4869 ¹)
2048 4799 2334 4854 Vindicat.
2361 4797 2484 4858 Soc,
2510 4797 2620 4851 Jes.
2646 4814 2692 4851 c.
2718 4800 2804 4856 36.
