3625 5193
606 269 729 324 899

1017 256 1388 310 1621—1640.
1415 252 1723 323 Theologia
1750 253 2064 322 pastoralis.
2093 253 2147 308 S.
2175 250 2508 306 Franciscus
2533 250 2799 316 Salesius,

3103 271 3227 323 900

605 439 713 498 hoc
745 440 944 497 studio
977 442 1151 497 enata
1181 441 1272 496 tot
1303 458 1482 514 opera
1513 440 1652 498 stilo
1685 445 1890 498 sancto
1950 439 2101 497 nihil
2140 439 2301 497 inter
2348 458 2408 498 se
2440 438 2801 497 dissentiunt
2818 435 2880 518 ¹).
2929 438 3235 498 Etendard

607 530 908 602 lacteoque
955 528 1178 587 calamo
1224 529 1581 604 conscripta,
1634 547 1891 603 quorum
1946 528 2015 586 de
2045 529 2105 586 la
2134 547 2177 586 s.
2205 527 2402 597 Croix,
2444 537 2606 591 1597
2630 528 2694 586 in
2718 535 2793 596 8.,
2827 545 3073 603 operum
3105 531 3234 605 ejus

603 617 972 677 documentis
993 617 1272 693 irrigatae
1292 617 1742 676 innumerorum
1763 618 1890 675 ani-

602 726 731 765 mae
764 706 1104 764 effluentem
1135 707 1510 783 evangelicae
1542 708 1701 765 vitae
1739 725 1890 764 mes-

605 815 727 854 sem
758 814 1053 871 peperere.
1100 795 1435 854 Indefessus
1480 799 1606 853 erat
1652 796 1710 853 in
1746 795 1889 853 visi—

601 884 784 943 tanda
814 903 922 942 sua
952 883 1227 953 dioecesi,
1261 885 1324 942 in
1357 884 1642 943 habendis
1661 885 1889 943 concio—

605 974 799 1042 nibus,
833 974 897 1032 in
928 973 1215 1032 tradendo
1248 973 1504 1050 singulis
1546 974 1754 1032 diebus
1787 973 1891 1032 do-

604 1063 836 1121 minicis
869 1063 1242 1122 catechismo,
1288 1062 1409 1138 Ipsi
1438 1063 1500 1121 in
1545 1063 1756 1138 primis
1789 1063 1890 1121 de-

605 1152 814 1212 bemus
850 1151 1293 1210 institutionem
1326 1152 1550 1210 ordinis
1574 1150 1890 1210 Visitatio-

603 1241 694 1299 nis
728 1241 780 1298 b.
816 1242 889 1298 M.
920 1239 1005 1310 V„
1039 1241 1104 1298 in
1136 1260 1254 1315 quo
1288 1240 1590 1299 condendo
1623 1259 1767 1299 usus
1799 1242 1893 1300 est

601 1348 779 1406 opera
810 1348 855 1388 s.
887 1330 1232 1388 Franciscae
1265 1330 1338 1388 de
1371 1330 1633 1388 Chantal.
1684 1330 1890 1388 Deces-

1947 617 2213 676 omnium
2227 618 2504 693 primum,
2519 617 2694 675 etiam
2713 616 2826 675 sub
2842 616 3233 693 inscriptione

1948 705 2291 784 Pantoloqie,
2326 706 2389 764 in
2410 725 2528 780 quo
2559 706 2787 765 cultum
2808 724 2850 763 S.
2885 707 3079 765 crucis
3099 711 3232 766 tue-

1947 798 2050 853 tur
2093 795 2374 853 adversus
2420 795 2818 854 calvinianum
2868 813 3231 870 praeconem.

1952 885 2372 954 Controverses,
2396 883 2641 942 Parisiis
2668 893 2831 946 1672
2858 883 2920 942 in
2949 893 3064 956 12.,
3097 886 3233 959 qui-

1947 974 2066 1031 bus
2095 973 2479 1032 continentur
2508 974 2639 1047 ejus
2660 973 2967 1032 conciones
3001 974 3234 1033 habitae

1948 1062 2022 1120 ad
2042 1062 2481 1125 Caballicenses‚
2512 1062 2582 1119 In
2608 1062 2697 1120 his
2732 1062 3105 1134 ,manifeste,
3139 1064 3231 1121 in-

1948 1151 2083 1226 quit
2112 1151 2256 1210 Pius
2287 1150 2404 1220 IX„
2453 1152 2650 1209 elucet
2694 1151 2845 1209 mira
2874 1152 2960 1210 rei
3004 1152 3233 1212 theolo-

1947 1240 2116 1317 gicae
2147 1239 2411 1310 scientia,
2455 1240 2741 1299 concinna
2772 1240 3105 1310 methodus,
3139 1241 3234 1300 in-

1947 1329 2286 1388 eluctabilis
2331 1333 2822 1405 argumentorum
2853 1330 2943 1388 vis
2988 1332 3120 1388 tum
3169 1331 3235 1388 in

602 1419 682 1477 sit
712 1418 805 1476 hic
836 1418 1074 1493 praesul
1110 1436 1244 1476 vere
1277 1419 1634 1494 apostolicus
1679 1419 1892 1477 mediis
1945 1418 2277 1477 refutandis
2321 1418 2663 1477 haeresibus
2711 1422 2839 1476 tum
2886 1419 2948 1477 in
2993 1418 3234 1478 demon-

602 1509 665 1565 in
697 1506 1001 1565 laboribus
1034 1525 1142 1582 pro
1173 1507 1504 1565 animarum
1539 1508 1734 1565 salute
1765 1526 1889 1565 om-

603 1596 772 1655 nium
807 1595 1007 1655 dolore
1043 1604 1143 1661 28.
1166 1596 1298 1654 Dec.
1330 1604 1514 1666 1622,
1547 1596 1891 1671 relatusque

604 1686 763 1744 inter
808 1684 1012 1743 beatos
1059 1694 1158 1746 28.
1193 1685 1326 1743 Dec.
1371 1695 1529 1747 1661
1585 1704 1716 1743 mox
1761 1682 1890 1766 (19.

601 1776 744 1849 Apr.
775 1769 969 1854 1665)
1001 1775 1163 1832 inter
1195 1777 1431 1832 sanctos
1461 1775 1536 1832 ab
1558 1774 1892 1834 Alexandro

602 1863 750 1932 VII„
783 1864 845 1920 et
875 1883 909 1922 a
940 1863 1043 1922 Pio
1069 1863 1167 1923 IX.
1201 1864 1533 1921 declaratus
1564 1866 1657 1921 est
1688 1863 1894 1923 doctor

604 1951 899 2011 Ecclesiae
948 1947 1076 2032 (19.
1110 1952 1251 2015 Jun.
1293 1949 1505 2033 1877).
1553 1951 1717 2011 Inter
1761 1954 1891 2028 ejus

603 2060 808 2116 opera,
873 2059 1023 2116 quae
1069 2041 1445 2117 potissimum
1498 2045 1770 2117 spectant
1821 2041 1895 2099 ad

605 2130 963 2208 theologiam
1025 2131 1377 2206 pastoralem
1398 2175 1411 2199 ,
1475 2130 1783 2189 asceticam
1832 2133 1894 2188 et

604 2220 933 2296 mysticam,
968 2221 1232 2278 eminent
1271 2219 1466 2278 Traitb
1508 2219 1568 2277 d'
1586 2238 1794 2277 amour
1825 2220 1892 2276 de

601 2309 771 2383 Dieu,
803 2309 1083 2386 Lugduni
1123 2318 1287 2371 1616
1321 2309 1384 2366 in
1420 2319 1493 2377 8.,
1537 2327 1713 2383 quem
1748 2309 1891 2366 Pius

602 2398 698 2456 IX.
719 2401 890 2456 vocat
925 2437 950 2466 ‚
965 2398 1256 2474 insignem
1277 2416 1342 2457 ac
1372 2397 1891 2473 incomparabilem

602 2488 944 2556 tractatum,
961 2494 990 2524 ‘
1022 2488 1087 2544 in
1108 2504 1226 2561 quo
1253 2486 1468 2543 amoris
1490 2486 1596 2543 Dei
1617 2489 1892 2544 naturam

601 2580 664 2635 et
694 2576 949 2635 indolem
981 2574 1336 2634 mirabiliter
1362 2574 1663 2651 explanat3
1697 2574 1891 2633 Intro-

601 2667 835 2724 duction
863 2666 902 2722 ὰ
933 2666 993 2722 la
1028 2667 1107 2721 vie
1136 2665 1340 2739 devote,
1383 2664 1462 2721 ib.
1505 2673 1686 2734 1608,
1720 2664 1889 2733 liber,

603 2754 710 2829 qui
740 2753 1002 2812 omnium
1048 2754 1268 2812 teritur
1308 2753 1582 2811 manibus
1631 2772 1762 2812 cum
1795 2754 1889 2811 in-

1947 1507 2233 1571 stratione
2278 1507 2592 1567 catholicae
2637 1508 2924 1574 veritatis,
2973 1511 3035 1566 et
3063 1527 3232 1583 prae-

1949 1596 2150 1655 sertim
2196 1597 2258 1654 in
2306 1595 2622 1654 asserenda
2666 1597 2893 1654 romani
2937 1597 3235 1671 pontificis

1947 1685 2321 1754 auctoritate,
2338 1685 2771 1757 iurisdictionis
2787 1685 3055 1760 primatu
3073 1686 3234 1761 ejus-

1948 1793 2065 1848 que
2094 1773 2546 1849 infallibilitate,
2594 1792 2748 1848 quae
2779 1773 2884 1832 ille
2928 1776 3054 1832 tam
3087 1775 3235 1833 scite

1948 1882 2014 1922 ac
2061 1863 2399 1922 luculenter
2443 1862 2864 1939 propugnavit,
2911 1867 2984 1921 ut
3028 1863 3235 1924 defini-

1948 1951 2214 2010 tionibus
2265 1952 2455 2027 ipsius
2487 1953 2791 2011 vaticanae
2824 1951 3034 2028 synodi
3063 1971 3235 2028 prae-

1947 2041 2159 2100 lusisse
2179 2041 2394 2099 merito
2413 2041 2738 2102 videatur.‘
2780 2041 3053 2099 Sermone
3073 2037 3136 2120 (7
3152 2038 3233 2121 l),

1948 2130 2026 2188 ib.
2070 2140 2233 2193 1643
2270 2130 2332 2187 in
2366 2140 2439 2200 4.,
2472 2130 2546 2188 ab
2577 2129 2952 2188 auditoribus
2985 2132 3233 2204 excepti,

1948 2219 2048 2277 sed
2092 2238 2213 2278 non
2266 2237 2498 2295 semper
2544 2219 2690 2277 satis
2740 2222 3029 2288 accurate.
3090 2219 3236 2294 Ejus

1949 2327 2127 2384 opera
2139 2306 2494 2384 prodierunt
2509 2308 2773 2376 collecta,
2792 2308 2866 2366 ib.
2890 2318 2910 2369 l
2928 2317 2963 2371 8
2974 2316 3006 2368 2
3021 2319 3044 2369 1
3071 2309 3113 2365 t.
3135 2321 3155 2371 1
3175 2320 3237 2378 63

1948 2415 2155 2456 recusa
2181 2405 2375 2467 1833;
2397 2395 2666 2455 ed.Vives
2694 2405 3036 2459 1856-—58
3060 2398 3102 2453 t.
3131 2406 3234 2466 123

1949 2487 2038 2544 ed.
2055 2487 2384 2563 Mignel86
2400 2497 2420 2547 1
2438 2489 2631 2548 —62t.
2652 2485 3231 2554 73ed.Bercha1884‚

1949 2575 2052 2633 sed
2083 2593 2287 2634 earum
2319 2575 2482 2634 nulla
2501 2578 2593 2633 est
2622 2574 2824 2633 critica
2854 2577 2917 2633 et
2949 2578 3236 2635 accurata.

1950 2665 2250 2740 Optimam
2282 2665 2371 2724 ed.
2405 2664 2642 2723 demum
2678 2664 2752 2723 ab
2784 2684 2832 2722 a.
2869 2674 3029 2728 1892
3067 2683 3236 2724 cura-

1946 2754 2037 2811 vit
2081 2754 2147 2813 B.
2193 2754 2467 2829 Mackey,
2520 2756 2691 2830 cujus
2725 2756 2767 2814 t.
2813 2753 2962 2812 XIV.
3013 2753 3238 2829 prodiit

603 2842 768 2917 genti
800 2841 1129 2917 legentium
1174 2841 1394 2903 fructu.
1440 2841 1618 2900 Brevi
1652 2837 1805 2923 (scil.
1841 2863 1890 2900 a.
1949 2842 2114 2900 Paris
2134 2853 2154 2903 1
2174 2853 2320 2912 906,
2355 2844 2418 2901 in
2450 2862 2569 2916 qua
2588 2843 2783 2901 editor
2813 2843 3070 2920 diligens
3101 2844 3232 2918 plu-

612 2926 802 3010 1656)
837 2930 1112 3004 apparuit
1141 2931 1230 2991 ed.
1257 2932 1382 3005 jam
1408 2940 1526 3000 40„
1560 2949 1891 3005 versusque
1947 2932 2129 2990 rimos
2180 2950 2477 2990 sermones
2522 2933 2584 2989 et
2614 2932 2899 3007 epistolas
2948 2933 3236 2990 hactenus

600 3020 654 3077 is
689 3018 807 3076 fuit
834 3018 901 3076 in
934 3036 1134 3077 omnes
1176 3019 1297 3078 fere
1328 3019 1600 3097 Europae
1631 3020 1889 3095 linguas.
1948 3020 2182 3095 ignotas
2215 3041 2283 3079 ex
2314 3038 2453 3081 msc.
2498 3020 2881 3096 autographis
2914 3039 2958 3077 s.
2992 3039 3232 3096 praesu-

605 3109 841 3177 Lettres,
890 3107 970 3171 ib.
1025 3118 1211 3177 1632,
1261 3109 1381 3167 scil.
1436 3120 1579 3178 529,
1633 3128 1891 3183 quarum
1948 3109 2023 3167 lis
2065 3105 2302 3190 eruitss).
2348 3109 2643 3167 Plurimae
2688 3113 2925 3167 exstant
2969 3110 3235 3184 ejusdem

602 3197 899 3275 gradatim
920 3216 1204 3256 numerus
1225 3198 1511 3257 adauctus
1531 3203 1625 3257 est
1644 3198 1717 3256 ad
1742 3208 1888 3260 900.
1946 3198 2352 3275 biographiae;
2387 3198 2663 3274 spiritum
2696 3199 2827 3273 ejus
2859 3198 3097 3257 exhibet
3129 3198 3232 3257 Jo-

602 3287 870 3347 Potiores
903 3288 1236 3364 germanice
1287 3286 1549 3345 reddidit
1580 3287 1888 3358 Becker,
1948 3305 2131 3345 annes
2177 3288 2389 3347 Petrus
2441 3288 2681 3363 Cama-3,
2743 3287 2849 3361 qui
2895 3287 3233 3345 familiaris-

600 3377 879 3454 Friburgi
919 3386 1105 3440 1878.
1141 3377 1223 3434 De
1256 3376 1346 3434 his
1380 3376 1575 3435 tribus
1609 3376 1889 3452 operibus
1949 3376 2097 3434 sime
2143 3395 2211 3434 eo
2258 3376 2542 3435 utebatur
2586 3376 2650 3433 in
2696 3395 2787 3451 op.
2827 3374 3122 3451 L'E'sprit·
3166 3376 3237 3433 de

601 3467 803 3525 valent
823 3466 914 3524 Pii
937 3465 1033 3523 lx.
1056 3466 1234 3523 verba
1267 3466 1328 3522 in
1348 3466 1583 3524 decreto
1612 3466 1709 3524 cit.
1746 3465 1890 3532 ,Di-
1948 3466 2029 3522 St.
2078 3465 2361 3541 Franpois
2404 3466 2472 3522 de·
2516 3465 2709 3541 Sales,
2764 3465 3010 3524 Parisiis
3067 3475 3224 3527 1641

600 3556 811 3614 vinum
843 3555 1085 3613 effatum
1115 3555 1356 3631 (Juqum
1388 3574 1576 3613 meum
1607 3573 1781 3613 suave
1812 3562 1892 3613 est
1946 3558 1991 3612 t.
2029 3564 2085 3625 6,
2119 3554 2182 3612 in
2201 3557 2498 3629 epitomen
2526 3554 2832 3613 redactum
2864 3575 2898 3613 a
2921 3552 3234 3633 Collot3).

600 3653 651 3702 et
695 3663 839 3703 onus
892 3663 1075 3702 meum
1124 3645 1239 3701 leve
1292 3644 1500 3702 Matth.
1555 3655 1651 3714 11,
1690 3639 1796 3724 30)
1845 3662 1888 3701 ε.

601 3734 945 3791 Franciscus
992 3752 1058 3789 ea
1090 3751 1209 3806 qua
1251 3732 1513 3806 pollebat
1557 3735 1798 3791 caritate
1831 3736 1891 3790 et

599 3822 764 3895 copia
785 3821 1090 3878 doctrinae
1124 3821 1186 3877 in
1207 3820 1512 3878 hominum
1532 3840 1710 3879 usum
1743 3842 1888 3896 quo-

603 3908 913 3965 dammodo
961 3908 1274 3975 deducenS,
1328 3911 1703 3983 perfectionis
1735 3911 1888 3968 chri-

2042 3740 2184 3794 381.
2220 3698 2563 3790 Fridericus-
2586 3732 2725 3807 Spe
2766 3727 2965 3813 (Spee)
3002 3732 3055 3789 S.
3089 3730 3143 3789 J.
3178 3750 3235 3789 n.

667 3997 677 4007 .
995 3996 1006 4007 .
1358 3999 1369 4009 .
1744 3999 1754 4011 .
2027 3961 2061 4027 ¹)
2092 3954 2174 4015 Cf,
2223 3955 2389 4025 epist.
2434 3954 3131 4009 Cambis·Velleron
3174 3953 3236 4006 iu

604 3999 831 4095 snafme
867 4001 1134 4095 S⁸m¹tf²m
1169 4002 1228 4054 et
1260 4001 1549 4057 fanonem
1580 4000 1792 4057 mums
1826 4018 1891 4057 ³0
1949 4026 2246 4081 Memoires
2273 4028 2343 4081 de
2368 4026 2626 4080 Trevoux
2656 4030 2795 4083 1758
2822 4041 3011 4079 mense
3037 4024 3150 4078 Jul.
3178 4042 3233 4094 p.

603 4103 779 4142 varus
810 4085 1266 4145 tractationibus
1313 4087 1399 4145 ita
1432 4088 1770 4157 declaravit,
1819 4092 1891 4147 ut
1948 4101 2104 4155 1609.

603 4173 837 4231 facilem
871 4174 1037 4233 illam
1070 4194 1135 4233 ac
1165 4176 1430 4251 perviam
1461 4176 1715 4252 singulis
1747 4176 1890 4235 fide·
2024 4172 2064 4240 ²)
2092 4169 2175 4223 Cf·
2202 4169 2269 4222 de
2296 4169 2402 4223 hac
2435 4169 2523 4223 ed·
2550 4168 2789 4224 Studien
2817 4186 2871 4221 11·
2898 4168 3092 4222 Mitth·
3131 4182 3236 4219 ΜΒ

600 4262 759 4321 libus
792 4263 1127 4339 cuicunque
1147 4265 1305 4323 vitae
1335 4264 1619 4323 instituto
1638 4265 1890 4324 addictis
1948 4240 2536 4376 dxeffiffgggfflgssrgg?
2554 4239 3235 4377 sgffsslizuvirffffissssffssset.

601 4353 954 4416 ostenderet.
1007 4354 1166 4423 Quae
1219 4354 1459 4427 quidem
1502 4355 1889 4415 tractationes
1945 4383 2276 4452 praesertim
2304 4383 2502 4447 xxm,
2543 4385 2854 4453 179—1333
2898 4381 3061 4434 Anal,
3101 4380 3234 4435 bon,

602 4442 774 4500 suavi
807 4444 945 4501 stilo
991 4446 1052 4500 et
1085 4442 1357 4501 caritatis
1404 4442 1716 4502 dulcedine
1751 4463 1889 4503 con·
1950 4458 2088 4511 1906
2091 4472 2169 4578 d}
2198 4458 2319 4511 132.

602 4531 853 4605 scriptae
899 4531 1230 4590 uberrimos
1281 4532 1345 4590 in
1393 4535 1523 4591 tota
1566 4534 1891 4593 christiana
2195 4524 2552 4579 literaturam
2573 4524 2728 4594 apud
2747 4524 2936 4580 Ηθῐῑθθ
2956 4522 3234 4577 Kimhfflss·

2020 4532 2043 4563 0

605 4618 882 4676 societate
930 4621 1172 4696 pietatis
1216 4620 1450 4680 fructus
1502 4623 1887 4696 produxere.‘
1947 4528 3236 4737 ἱζέὲὲἓὲἃζῗῖἒθξίἓξξᾞῗὲῗέὲζἐὲἓῇῗω

603 4705 932 4765 Ε’ῑῑνθῖἰθηθ
979 4705 1296 4784 ΒΡῑΓῑῖαθῖδ)
1349 4710 1425 4767 ib·
1481 4719 1648 4771 1529
1700 4712 1764 4768 in
1812 4721 1888 4779 8⁶
1950 4737 3078 4799 Franzosischeubearbeitet;Paderborn
3098 4740 3237 4794 1903

607 4811 861 4866 quarum
892 4799 1090 4854 tamen
1135 4798 1422 4855 editiones
1468 4798 1695 4873 priores
1742 4818 1887 4858 non·
1950 4810 2033 4862 ed.
2061 4814 2110 4865 2.
2140 4810 2456 4870 emendata.
