<?xml version="1.0" encoding="UTF-8"?>
<!DOCTYPE html PUBLIC "-//W3C//DTD XHTML 1.0 Transitional//EN"
    "http://www.w3.org/TR/xhtml1/DTD/xhtml1-transitional.dtd">
<html xmlns="http://www.w3.org/1999/xhtml" xml:lang="en" lang="en">
 <head>
  <title>
</title>
<meta http-equiv="Content-Type" content="text/html;charset=utf-8" />
  <meta name='ocr-system' content='tesseract 3.04.00' />
  <meta name='ocr-capabilities' content='ocr_page ocr_carea ocr_par ocr_line ocrx_word'/>
</head>
<body>
  <div class='ocr_page' id='page_1' title='image "./nomenclatorlite11hurtgoog_0249.png"; bbox 0 0 3625 5193; ppageno 0'>
   <div class='ocr_carea' id='block_1_1' title="bbox 400 265 516 321">
    <p class='ocr_par' dir='ltr' id='par_1_1' title="bbox 400 265 516 321">
     <span class='ocr_line' id='line_1_1' title="bbox 400 265 516 321; baseline -0.017 -1"><span class='ocrx_word' id='word_1_1' title='bbox 400 265 516 321; x_wconf 85' lang='lat'><strong>481</strong></span> 
     </span>
    </p>
   </div>
   <div class='ocr_carea' id='block_1_2' title="bbox 1373 247 2055 302">
    <p class='ocr_par' dir='ltr' id='par_1_2' title="bbox 1373 247 2055 302">
     <span class='ocr_line' id='line_1_2' title="bbox 1373 247 2055 302; baseline 0.001 -1"><span class='ocrx_word' id='word_1_2' title='bbox 1373 247 1738 302; x_wconf 71' lang='lat' dir='ltr'><strong>Sebastianus</strong></span> <span class='ocrx_word' id='word_1_3' title='bbox 1762 248 2055 302; x_wconf 86' lang='lat' dir='ltr'><strong>Barradas.</strong></span> 
     </span>
    </p>
   </div>
   <div class='ocr_carea' id='block_1_3' title="bbox 2900 270 3024 324">
    <p class='ocr_par' dir='ltr' id='par_1_3' title="bbox 2900 270 3024 324">
     <span class='ocr_line' id='line_1_3' title="bbox 2900 270 3024 324; baseline 0.008 -3"><span class='ocrx_word' id='word_1_4' title='bbox 2900 270 3024 324; x_wconf 71' lang='lat'><strong>482</strong></span> 
     </span>
    </p>
   </div>
   <div class='ocr_carea' id='block_1_4' title="bbox 397 433 3027 687">
    <p class='ocr_par' dir='ltr' id='par_1_4' title="bbox 397 433 3027 687">
     <span class='ocr_line' id='line_1_4' title="bbox 397 433 3027 511; baseline 0.001 -18"><span class='ocrx_word' id='word_1_5' title='bbox 397 435 535 494; x_wconf 91' lang='lat' dir='ltr'><strong>inde</strong></span> <span class='ocrx_word' id='word_1_6' title='bbox 568 455 600 492; x_wconf 89' lang='lat' dir='ltr'><strong>a</strong></span> <span class='ocrx_word' id='word_1_7' title='bbox 631 436 823 511; x_wconf 88' lang='lat' dir='ltr'><strong>prima</strong></span> <span class='ocrx_word' id='word_1_8' title='bbox 843 436 1038 493; x_wconf 85' lang='lat' dir='ltr'><strong>aetate</strong></span> <span class='ocrx_word' id='word_1_9' title='bbox 1059 437 1179 492; x_wconf 84' lang='lat' dir='ltr'><strong>tam</strong></span> <span class='ocrx_word' id='word_1_10' title='bbox 1202 433 1522 509; x_wconf 83' lang='lat' dir='ltr'>diligenter</span> <span class='ocrx_word' id='word_1_11' title='bbox 1542 434 1688 492; x_wconf 91' lang='lat' dir='ltr'><strong>edu·</strong></span> <span class='ocrx_word' id='word_1_12' title='bbox 1743 438 1815 492; x_wconf 90' lang='lat' dir='ltr'><strong>ut</strong></span> <span class='ocrx_word' id='word_1_13' title='bbox 1830 438 2070 510; x_wconf 85' lang='lat' dir='ltr'><strong>propter</strong></span> <span class='ocrx_word' id='word_1_14' title='bbox 2089 434 2526 510; x_wconf 73' lang='lat' dir='ltr'><strong>aegritudinem</strong></span> <span class='ocrx_word' id='word_1_15' title='bbox 2547 436 2824 496; x_wconf 81' lang='lat' dir='ltr'><strong>breviarii</strong></span> <span class='ocrx_word' id='word_1_16' title='bbox 2841 440 3027 498; x_wconf 89' lang='lat' dir='ltr'><strong>inter-</strong></span> 
     </span>
     <span class='ocr_line' id='line_1_5' title="bbox 398 519 3026 603; baseline 0.002 -21"><span class='ocrx_word' id='word_1_17' title='bbox 398 527 585 595; x_wconf 89' lang='lat' dir='ltr'><strong>catus,</strong></span> <span class='ocrx_word' id='word_1_18' title='bbox 619 526 690 581; x_wconf 89' lang='lat' dir='ltr'><strong>ut</strong></span> <span class='ocrx_word' id='word_1_19' title='bbox 720 524 785 581; x_wconf 89' lang='lat' dir='ltr'><strong>in</strong></span> <span class='ocrx_word' id='word_1_20' title='bbox 816 522 1123 599; x_wconf 83' lang='lat' dir='ltr'><strong>religionis</strong></span> <span class='ocrx_word' id='word_1_21' title='bbox 1154 522 1426 600; x_wconf 88' lang='lat' dir='ltr'><strong>ingressu</strong></span> <span class='ocrx_word' id='word_1_22' title='bbox 1458 519 1684 603; x_wconf 85' lang='lat'>(1558)</span> <span class='ocrx_word' id='word_1_23' title='bbox 1744 524 2013 581; x_wconf 89' lang='lat' dir='ltr'><strong>mitteret</strong></span> <span class='ocrx_word' id='word_1_24' title='bbox 2044 523 2473 593; x_wconf 73' lang='lat' dir='ltr'><strong>recitationem,</strong></span> <span class='ocrx_word' id='word_1_25' title='bbox 2510 525 2822 584; x_wconf 78' lang='lat' dir='ltr'><strong>subridens</strong></span> <span class='ocrx_word' id='word_1_26' title='bbox 2845 528 3026 587; x_wconf 86' lang='lat' dir='ltr'><strong>dixit:</strong></span> 
     </span>
     <span class='ocr_line' id='line_1_6' title="bbox 399 611 3026 687; baseline 0.002 -16"><span class='ocrx_word' id='word_1_27' title='bbox 399 613 698 671; x_wconf 78' lang='lat' dir='ltr'><strong>diceretur</strong></span> <span class='ocrx_word' id='word_1_28' title='bbox 730 630 851 671; x_wconf 92' lang='lat' dir='ltr'><strong>non</strong></span> <span class='ocrx_word' id='word_1_29' title='bbox 884 631 1072 670; x_wconf 91' lang='lat' dir='ltr'><strong>mores</strong></span> <span class='ocrx_word' id='word_1_30' title='bbox 1103 611 1409 687; x_wconf 75' lang='lat' dir='ltr'><strong>pristinOS,</strong></span> <span class='ocrx_word' id='word_1_31' title='bbox 1449 612 1552 670; x_wconf 90' lang='lat' dir='ltr'><strong>sed</strong></span> <span class='ocrx_word' id='word_1_32' title='bbox 1584 612 1687 670; x_wconf 89' lang='lat' dir='ltr'><strong>do·</strong></span> <span class='ocrx_word' id='word_1_33' title='bbox 1745 613 1921 680; x_wconf 86' lang='lat' dir='ltr'><strong>,Non</strong></span> <span class='ocrx_word' id='word_1_34' title='bbox 1963 613 2179 687; x_wconf 85' lang='lat' dir='ltr'><strong>jubeor</strong></span> <span class='ocrx_word' id='word_1_35' title='bbox 2231 611 2304 670; x_wconf 87' lang='lat' dir='ltr'><strong>ad</strong></span> <span class='ocrx_word' id='word_1_36' title='bbox 2353 613 2667 672; x_wconf 82' lang='lat' dir='ltr'><strong>sanitatem</strong></span> <span class='ocrx_word' id='word_1_37' title='bbox 2722 616 3026 676; x_wconf 89' lang='lat' dir='ltr'><strong>hominum</strong></span> 
     </span>
    </p>
   </div>
   <div class='ocr_carea' id='block_1_5' title="bbox 394 690 1687 3779">
    <p class='ocr_par' dir='ltr' id='par_1_5' title="bbox 394 690 1687 3779">
     <span class='ocr_line' id='line_1_7' title="bbox 398 690 1685 775; baseline -0.002 -15"><span class='ocrx_word' id='word_1_38' title='bbox 398 722 562 760; x_wconf 90' lang='lat' dir='ltr'><strong>mum</strong></span> <span class='ocrx_word' id='word_1_39' title='bbox 582 719 649 760; x_wconf 90' lang='lat' dir='ltr'><strong>ac</strong></span> <span class='ocrx_word' id='word_1_40' title='bbox 669 705 864 760; x_wconf 80' lang='lat' dir='ltr'><strong>vestes</strong></span> <span class='ocrx_word' id='word_1_41' title='bbox 895 690 1289 775; x_wconf 77' lang='lat' dir='ltr'><strong>permutasse.&#39;</strong></span> <span class='ocrx_word' id='word_1_42' title='bbox 1315 700 1685 760; x_wconf 85' lang='lat' dir='ltr'><strong>Rhetoricam</strong></span> 
     </span>
     <span class='ocr_line' id='line_1_8' title="bbox 402 789 1684 866; baseline -0.002 -17"><span class='ocrx_word' id='word_1_43' title='bbox 402 795 581 866; x_wconf 81' lang='lat' dir='ltr'><strong>atque</strong></span> <span class='ocrx_word' id='word_1_44' title='bbox 614 789 1052 866; x_wconf 86' lang='lat' dir='ltr'><strong>philosophicas</strong></span> <span class='ocrx_word' id='word_1_45' title='bbox 1097 790 1411 848; x_wconf 72' lang='lat' dir='ltr'><strong>facultates</strong></span> <span class='ocrx_word' id='word_1_46' title='bbox 1457 790 1684 865; x_wconf 84' lang='lat' dir='ltr'><strong>profes-</strong></span> 
     </span>
     <span class='ocr_line' id='line_1_9' title="bbox 400 878 1687 949; baseline -0.002 -11"><span class='ocrx_word' id='word_1_47' title='bbox 400 898 499 938; x_wconf 90' lang='lat' dir='ltr'><strong>sus</strong></span> <span class='ocrx_word' id='word_1_48' title='bbox 533 884 641 949; x_wconf 87' lang='lat' dir='ltr'><strong>est,</strong></span> <span class='ocrx_word' id='word_1_49' title='bbox 669 897 714 937; x_wconf 87' lang='lat' dir='ltr'><strong>s.</strong></span> <span class='ocrx_word' id='word_1_50' title='bbox 736 879 937 937; x_wconf 75' lang='lat' dir='ltr'><strong>literas</strong></span> <span class='ocrx_word' id='word_1_51' title='bbox 957 881 1088 936; x_wconf 91' lang='lat' dir='ltr'><strong>tum</strong></span> <span class='ocrx_word' id='word_1_52' title='bbox 1110 878 1531 947; x_wconf 70' lang='lat' dir='ltr'><strong>Conimbricae,</strong></span> <span class='ocrx_word' id='word_1_53' title='bbox 1555 883 1687 937; x_wconf 89' lang='lat' dir='ltr'><strong>tum</strong></span> 
     </span>
     <span class='ocr_line' id='line_1_10' title="bbox 400 967 1685 1044; baseline -0.002 -17"><span class='ocrx_word' id='word_1_54' title='bbox 400 969 623 1027; x_wconf 86' lang='lat' dir='ltr'><strong>Eborae</strong></span> <span class='ocrx_word' id='word_1_55' title='bbox 684 986 897 1044; x_wconf 90' lang='lat' dir='ltr'><strong>magna</strong></span> <span class='ocrx_word' id='word_1_56' title='bbox 948 967 1291 1026; x_wconf 85' lang='lat' dir='ltr'><strong>auditorum</strong></span> <span class='ocrx_word' id='word_1_57' title='bbox 1341 967 1685 1026; x_wconf 74' lang='lat' dir='ltr'><strong>celebritate</strong></span> 
     </span>
     <span class='ocr_line' id='line_1_11' title="bbox 401 1057 1686 1131; baseline -0.003 -15"><span class='ocrx_word' id='word_1_58' title='bbox 401 1060 492 1116; x_wconf 84' lang='lat' dir='ltr'><strong>est</strong></span> <span class='ocrx_word' id='word_1_59' title='bbox 523 1058 968 1131; x_wconf 65' lang='lat' dir='ltr'><strong>interpretatae,</strong></span> <span class='ocrx_word' id='word_1_60' title='bbox 991 1074 1337 1131; x_wconf 85' lang='lat' dir='ltr'><strong>semperque</strong></span> <span class='ocrx_word' id='word_1_61' title='bbox 1358 1057 1449 1114; x_wconf 93' lang='lat' dir='ltr'><strong>illi</strong></span> <span class='ocrx_word' id='word_1_62' title='bbox 1470 1074 1686 1115; x_wconf 90' lang='lat' dir='ltr'><strong>nomen</strong></span> 
     </span>
     <span class='ocr_line' id='line_1_12' title="bbox 402 1145 1682 1220; baseline -0.002 -15"><span class='ocrx_word' id='word_1_63' title='bbox 402 1145 832 1205; x_wconf 80' lang='lat' dir='ltr'><strong>sanctimoniae</strong></span> <span class='ocrx_word' id='word_1_64' title='bbox 864 1145 1051 1206; x_wconf 82' lang='lat' dir='ltr'><strong>stetit.</strong></span> <span class='ocrx_word' id='word_1_65' title='bbox 1086 1147 1163 1202; x_wconf 81' lang='lat' dir='ltr'><strong>At</strong></span> <span class='ocrx_word' id='word_1_66' title='bbox 1193 1148 1512 1220; x_wconf 83' lang='lat' dir='ltr'><strong>postquam</strong></span> <span class='ocrx_word' id='word_1_67' title='bbox 1546 1164 1682 1204; x_wconf 91' lang='lat' dir='ltr'><strong>con·</strong></span> 
     </span>
     <span class='ocr_line' id='line_1_13' title="bbox 402 1235 1685 1310; baseline -0.002 -17"><span class='ocrx_word' id='word_1_68' title='bbox 402 1235 719 1294; x_wconf 85' lang='lat' dir='ltr'><strong>cionatoris</strong></span> <span class='ocrx_word' id='word_1_69' title='bbox 752 1237 950 1309; x_wconf 87' lang='lat' dir='ltr'><strong>partes</strong></span> <span class='ocrx_word' id='word_1_70' title='bbox 984 1252 1260 1310; x_wconf 80' lang='lat' dir='ltr'><strong>agressus</strong></span> <span class='ocrx_word' id='word_1_71' title='bbox 1293 1237 1386 1292; x_wconf 89' lang='lat' dir='ltr'><strong>est</strong></span> <span class='ocrx_word' id='word_1_72' title='bbox 1405 1253 1595 1310; x_wconf 88' lang='lat' dir='ltr'><strong>agere,</strong></span> <span class='ocrx_word' id='word_1_73' title='bbox 1618 1252 1685 1292; x_wconf 89' lang='lat' dir='ltr'><strong>eo</strong></span> 
     </span>
     <span class='ocr_line' id='line_1_14' title="bbox 401 1322 1686 1399; baseline -0.002 -17"><span class='ocrx_word' id='word_1_74' title='bbox 401 1323 656 1383; x_wconf 82' lang='lat' dir='ltr'><strong>increvit</strong></span> <span class='ocrx_word' id='word_1_75' title='bbox 690 1323 849 1399; x_wconf 87' lang='lat' dir='ltr'><strong>apud</strong></span> <span class='ocrx_word' id='word_1_76' title='bbox 880 1341 1082 1381; x_wconf 89' lang='lat' dir='ltr'><strong>omnes</strong></span> <span class='ocrx_word' id='word_1_77' title='bbox 1113 1322 1226 1380; x_wconf 87' lang='lat' dir='ltr'><strong>viri</strong></span> <span class='ocrx_word' id='word_1_78' title='bbox 1248 1323 1596 1392; x_wconf 81' lang='lat' dir='ltr'><strong>reverentia,</strong></span> <span class='ocrx_word' id='word_1_79' title='bbox 1618 1327 1686 1380; x_wconf 90' lang='lat' dir='ltr'><strong>ut</strong></span> 
     </span>
     <span class='ocr_line' id='line_1_15' title="bbox 394 1411 1685 1488; baseline -0.002 -17"><span class='ocrx_word' id='word_1_80' title='bbox 394 1414 516 1488; x_wconf 85' lang='lat' dir='ltr'><strong>jam</strong></span> <span class='ocrx_word' id='word_1_81' title='bbox 549 1414 707 1488; x_wconf 89' lang='lat' dir='ltr'><strong>apud</strong></span> <span class='ocrx_word' id='word_1_82' title='bbox 738 1412 1036 1470; x_wconf 84' lang='lat' dir='ltr'><strong>lusitanos</strong></span> <span class='ocrx_word' id='word_1_83' title='bbox 1068 1430 1186 1470; x_wconf 90' lang='lat' dir='ltr'><strong>non</strong></span> <span class='ocrx_word' id='word_1_84' title='bbox 1207 1413 1494 1484; x_wconf 77' lang='lat' dir='ltr'><strong>apostolus</strong></span> <span class='ocrx_word' id='word_1_85' title='bbox 1514 1411 1685 1469; x_wconf 90' lang='lat' dir='ltr'><strong>dum-</strong></span> 
     </span>
     <span class='ocr_line' id='line_1_16' title="bbox 401 1500 1684 1575; baseline -0.002 -15"><span class='ocrx_word' id='word_1_86' title='bbox 401 1506 582 1571; x_wconf 82' lang='lat' dir='ltr'><strong>taxat,</strong></span> <span class='ocrx_word' id='word_1_87' title='bbox 617 1502 717 1559; x_wconf 84' lang='lat' dir='ltr'><strong>sed</strong></span> <span class='ocrx_word' id='word_1_88' title='bbox 753 1502 974 1559; x_wconf 77' lang='lat' dir='ltr'><strong>Paulus</strong></span> <span class='ocrx_word' id='word_1_89' title='bbox 1006 1500 1424 1575; x_wconf 79' lang='lat' dir='ltr'><strong>appellaretur.</strong></span> <span class='ocrx_word' id='word_1_90' title='bbox 1459 1504 1540 1558; x_wconf 84' lang='lat' dir='ltr'><strong>At</strong></span> <span class='ocrx_word' id='word_1_91' title='bbox 1559 1500 1684 1575; x_wconf 86' lang='lat' dir='ltr'><strong>ipse</strong></span> 
     </span>
     <span class='ocr_line' id='line_1_17' title="bbox 403 1590 1686 1665; baseline -0.001 -17"><span class='ocrx_word' id='word_1_92' title='bbox 403 1590 473 1648; x_wconf 90' lang='lat' dir='ltr'><strong>de</strong></span> <span class='ocrx_word' id='word_1_93' title='bbox 506 1609 568 1647; x_wconf 92' lang='lat' dir='ltr'><strong>se</strong></span> <span class='ocrx_word' id='word_1_94' title='bbox 601 1590 686 1647; x_wconf 87' lang='lat' dir='ltr'><strong>ita</strong></span> <span class='ocrx_word' id='word_1_95' title='bbox 720 1590 1032 1658; x_wconf 86' lang='lat' dir='ltr'><strong>sentiebat,</strong></span> <span class='ocrx_word' id='word_1_96' title='bbox 1078 1594 1148 1648; x_wconf 89' lang='lat' dir='ltr'><strong>ut</strong></span> <span class='ocrx_word' id='word_1_97' title='bbox 1181 1607 1240 1647; x_wconf 89' lang='lat' dir='ltr'><strong>se</strong></span> <span class='ocrx_word' id='word_1_98' title='bbox 1272 1590 1529 1665; x_wconf 86' lang='lat' dir='ltr'><strong>primum</strong></span> <span class='ocrx_word' id='word_1_99' title='bbox 1563 1608 1686 1647; x_wconf 87' lang='lat' dir='ltr'><strong>esse</strong></span> 
     </span>
     <span class='ocr_line' id='line_1_18' title="bbox 401 1678 1684 1754; baseline 0 -18"><span class='ocrx_word' id='word_1_100' title='bbox 401 1682 799 1754; x_wconf 89' lang='lat' dir='ltr'><strong>peccatorum,</strong></span> <span class='ocrx_word' id='word_1_101' title='bbox 850 1678 1160 1736; x_wconf 91' lang='lat' dir='ltr'><strong>hominum</strong></span> <span class='ocrx_word' id='word_1_102' title='bbox 1205 1683 1572 1754; x_wconf 85' lang='lat' dir='ltr'><strong>postremum</strong></span> <span class='ocrx_word' id='word_1_103' title='bbox 1617 1696 1684 1736; x_wconf 85' lang='lat' dir='ltr'><strong>ex</strong></span> 
     </span>
     <span class='ocr_line' id='line_1_19' title="bbox 403 1766 1684 1841; baseline -0.001 -16"><span class='ocrx_word' id='word_1_104' title='bbox 403 1768 595 1826; x_wconf 88' lang='lat' dir='ltr'><strong>animo</strong></span> <span class='ocrx_word' id='word_1_105' title='bbox 617 1768 857 1825; x_wconf 91' lang='lat' dir='ltr'><strong>diceret.</strong></span> <span class='ocrx_word' id='word_1_106' title='bbox 875 1767 945 1825; x_wconf 92' lang='lat' dir='ltr'><strong>In</strong></span> <span class='ocrx_word' id='word_1_107' title='bbox 967 1767 1227 1841; x_wconf 88' lang='lat' dir='ltr'><strong>corporis</strong></span> <span class='ocrx_word' id='word_1_108' title='bbox 1250 1768 1344 1825; x_wconf 88' lang='lat' dir='ltr'><strong>sui</strong></span> <span class='ocrx_word' id='word_1_109' title='bbox 1366 1766 1684 1825; x_wconf 85' lang='lat' dir='ltr'><strong>afflictione</strong></span> 
     </span>
     <span class='ocr_line' id='line_1_20' title="bbox 399 1855 1685 1931; baseline -0.001 -17"><span class='ocrx_word' id='word_1_110' title='bbox 399 1856 517 1914; x_wconf 88' lang='lat' dir='ltr'><strong>fuit</strong></span> <span class='ocrx_word' id='word_1_111' title='bbox 536 1874 782 1931; x_wconf 88' lang='lat' dir='ltr'><strong>prorsus</strong></span> <span class='ocrx_word' id='word_1_112' title='bbox 803 1857 1141 1926; x_wconf 76' lang='lat' dir='ltr'><strong>inclemenS,</strong></span> <span class='ocrx_word' id='word_1_113' title='bbox 1157 1856 1271 1913; x_wconf 89' lang='lat' dir='ltr'><strong>cibi</strong></span> <span class='ocrx_word' id='word_1_114' title='bbox 1287 1855 1685 1931; x_wconf 87' lang='lat' dir='ltr'><strong>parcissimus;</strong></span> 
     </span>
     <span class='ocr_line' id='line_1_21' title="bbox 403 1943 1683 2003; baseline -0.001 0"><span class='ocrx_word' id='word_1_115' title='bbox 403 1945 752 2003; x_wconf 88' lang='lat' dir='ltr'><strong>humilitatis</strong></span> <span class='ocrx_word' id='word_1_116' title='bbox 763 1945 1025 2003; x_wconf 89' lang='lat' dir='ltr'><strong>studium</strong></span> <span class='ocrx_word' id='word_1_117' title='bbox 1039 1945 1247 2003; x_wconf 87' lang='lat' dir='ltr'><strong>attrita</strong></span> <span class='ocrx_word' id='word_1_118' title='bbox 1256 1948 1419 2003; x_wconf 84' lang='lat' dir='ltr'><strong>veste</strong></span> <span class='ocrx_word' id='word_1_119' title='bbox 1432 1943 1683 2002; x_wconf 83' lang='lat' dir='ltr'><strong>fovebat:</strong></span> 
     </span>
     <span class='ocr_line' id='line_1_22' title="bbox 402 2033 1684 2109; baseline -0.002 -17"><span class='ocrx_word' id='word_1_120' title='bbox 402 2034 734 2093; x_wconf 82' lang='lat' dir='ltr'><strong>universam</strong></span> <span class='ocrx_word' id='word_1_121' title='bbox 749 2053 864 2108; x_wconf 87' lang='lat' dir='ltr'><strong>qua</strong></span> <span class='ocrx_word' id='word_1_122' title='bbox 873 2036 1131 2093; x_wconf 89' lang='lat' dir='ltr'><strong>moriens</strong></span> <span class='ocrx_word' id='word_1_123' title='bbox 1144 2033 1391 2109; x_wconf 85' lang='lat' dir='ltr'><strong>reliquit</strong></span> <span class='ocrx_word' id='word_1_124' title='bbox 1402 2033 1684 2108; x_wconf 83' lang='lat' dir='ltr'><strong>supellex,</strong></span> 
     </span>
     <span class='ocr_line' id='line_1_23' title="bbox 402 2122 1686 2192; baseline -0.001 -12"><span class='ocrx_word' id='word_1_125' title='bbox 402 2128 523 2180; x_wconf 87' lang='lat' dir='ltr'><strong>tam</strong></span> <span class='ocrx_word' id='word_1_126' title='bbox 543 2123 680 2181; x_wconf 78' lang='lat' dir='ltr'><strong>vilis</strong></span> <span class='ocrx_word' id='word_1_127' title='bbox 695 2123 814 2181; x_wconf 87' lang='lat' dir='ltr'><strong>fuit</strong></span> <span class='ocrx_word' id='word_1_128' title='bbox 828 2126 890 2181; x_wconf 90' lang='lat' dir='ltr'><strong>et</strong></span> <span class='ocrx_word' id='word_1_129' title='bbox 906 2124 1116 2192; x_wconf 88' lang='lat' dir='ltr'><strong>lacera,</strong></span> <span class='ocrx_word' id='word_1_130' title='bbox 1135 2124 1207 2181; x_wconf 84' lang='lat' dir='ltr'><strong>ut</strong></span> <span class='ocrx_word' id='word_1_131' title='bbox 1225 2123 1427 2180; x_wconf 89' lang='lat' dir='ltr'><strong>nullus</strong></span> <span class='ocrx_word' id='word_1_132' title='bbox 1460 2122 1686 2180; x_wconf 90' lang='lat' dir='ltr'><strong>mendi·</strong></span> 
     </span>
     <span class='ocr_line' id='line_1_24' title="bbox 403 2211 1686 2287; baseline -0.002 -17"><span class='ocrx_word' id='word_1_133' title='bbox 403 2231 606 2271; x_wconf 88' lang='lat' dir='ltr'><strong>corum</strong></span> <span class='ocrx_word' id='word_1_134' title='bbox 646 2212 921 2287; x_wconf 88' lang='lat' dir='ltr'><strong>pluribus</strong></span> <span class='ocrx_word' id='word_1_135' title='bbox 972 2211 1326 2270; x_wconf 85' lang='lat' dir='ltr'><strong>centonibus</strong></span> <span class='ocrx_word' id='word_1_136' title='bbox 1373 2211 1686 2268; x_wconf 85' lang='lat' dir='ltr'><strong>insarcina-</strong></span> 
     </span>
     <span class='ocr_line' id='line_1_25' title="bbox 402 2300 1682 2376; baseline -0.001 -19"><span class='ocrx_word' id='word_1_137' title='bbox 402 2306 501 2359; x_wconf 90' lang='lat' dir='ltr'><strong>tus</strong></span> <span class='ocrx_word' id='word_1_138' title='bbox 534 2319 659 2358; x_wconf 86' lang='lat' dir='ltr'><strong>esse</strong></span> <span class='ocrx_word' id='word_1_139' title='bbox 690 2301 970 2375; x_wconf 89' lang='lat' dir='ltr'><strong>potuerit.</strong></span> <span class='ocrx_word' id='word_1_140' title='bbox 1004 2300 1437 2358; x_wconf 86' lang='lat' dir='ltr'><strong>Ardentissimo</strong></span> <span class='ocrx_word' id='word_1_141' title='bbox 1471 2300 1682 2376; x_wconf 87' lang='lat' dir='ltr'><strong>flagra-</strong></span> 
     </span>
     <span class='ocr_line' id='line_1_26' title="bbox 404 2388 1683 2463; baseline -0.001 -17"><span class='ocrx_word' id='word_1_142' title='bbox 404 2389 504 2447; x_wconf 85' lang='lat' dir='ltr'><strong>bat</strong></span> <span class='ocrx_word' id='word_1_143' title='bbox 527 2389 817 2448; x_wconf 85' lang='lat' dir='ltr'><strong>desiderio</strong></span> <span class='ocrx_word' id='word_1_144' title='bbox 837 2390 1146 2448; x_wconf 73' lang='lat' dir='ltr'><strong>missiones</strong></span> <span class='ocrx_word' id='word_1_145' title='bbox 1170 2388 1444 2457; x_wconf 89' lang='lat' dir='ltr'><strong>obeundi,</strong></span> <span class='ocrx_word' id='word_1_146' title='bbox 1466 2389 1530 2446; x_wconf 92' lang='lat' dir='ltr'><strong>in</strong></span> <span class='ocrx_word' id='word_1_147' title='bbox 1551 2389 1683 2463; x_wconf 88' lang='lat' dir='ltr'><strong>qui-</strong></span> 
     </span>
     <span class='ocr_line' id='line_1_27' title="bbox 403 2478 1684 2537; baseline -0.002 -1"><span class='ocrx_word' id='word_1_148' title='bbox 403 2479 513 2536; x_wconf 89' lang='lat' dir='ltr'><strong>bus</strong></span> <span class='ocrx_word' id='word_1_149' title='bbox 565 2479 745 2536; x_wconf 85' lang='lat' dir='ltr'><strong>variis</strong></span> <span class='ocrx_word' id='word_1_150' title='bbox 795 2478 1181 2537; x_wconf 85' lang='lat' dir='ltr'><strong>incommodis</strong></span> <span class='ocrx_word' id='word_1_151' title='bbox 1233 2478 1684 2536; x_wconf 85' lang='lat' dir='ltr'><strong>conflictaretur.</strong></span> 
     </span>
     <span class='ocr_line' id='line_1_28' title="bbox 408 2566 1685 2645; baseline -0.001 -20"><span class='ocrx_word' id='word_1_152' title='bbox 408 2566 608 2636; x_wconf 72' lang='lat' dir='ltr'><strong>,Quae</strong></span> <span class='ocrx_word' id='word_1_153' title='bbox 640 2586 849 2645; x_wconf 85' lang='lat' dir='ltr'><strong>nugae,</strong></span> <span class='ocrx_word' id='word_1_154' title='bbox 887 2568 1196 2642; x_wconf 87' lang='lat' dir='ltr'><strong>inquiebat</strong></span> <span class='ocrx_word' id='word_1_155' title='bbox 1215 2566 1557 2638; x_wconf 85' lang='lat' dir='ltr'><strong>identidem,</strong></span> <span class='ocrx_word' id='word_1_156' title='bbox 1579 2569 1685 2625; x_wconf 89' lang='lat' dir='ltr'><strong>aut</strong></span> 
     </span>
     <span class='ocr_line' id='line_1_29' title="bbox 405 2656 1684 2731; baseline -0.001 -17"><span class='ocrx_word' id='word_1_157' title='bbox 405 2676 555 2730; x_wconf 88' lang='lat' dir='ltr'><strong>quae</strong></span> <span class='ocrx_word' id='word_1_158' title='bbox 587 2657 892 2731; x_wconf 86' lang='lat' dir='ltr'><strong>compedes</strong></span> <span class='ocrx_word' id='word_1_159' title='bbox 922 2675 1028 2714; x_wconf 89' lang='lat' dir='ltr'><strong>nos</strong></span> <span class='ocrx_word' id='word_1_160' title='bbox 1059 2657 1348 2726; x_wconf 87' lang='lat' dir='ltr'><strong>detinent,</strong></span> <span class='ocrx_word' id='word_1_161' title='bbox 1401 2657 1549 2730; x_wconf 89' lang='lat' dir='ltr'><strong>quin</strong></span> <span class='ocrx_word' id='word_1_162' title='bbox 1580 2656 1684 2713; x_wconf 91' lang='lat' dir='ltr'><strong>ba-</strong></span> 
     </span>
     <span class='ocr_line' id='line_1_30' title="bbox 406 2745 1683 2820; baseline 0 -18"><span class='ocrx_word' id='word_1_163' title='bbox 406 2746 537 2804; x_wconf 91' lang='lat' dir='ltr'><strong>culo</strong></span> <span class='ocrx_word' id='word_1_164' title='bbox 587 2746 651 2802; x_wconf 92' lang='lat' dir='ltr'><strong>in</strong></span> <span class='ocrx_word' id='word_1_165' title='bbox 699 2764 913 2803; x_wconf 87' lang='lat' dir='ltr'><strong>manus</strong></span> <span class='ocrx_word' id='word_1_166' title='bbox 964 2750 1204 2820; x_wconf 89' lang='lat' dir='ltr'><strong>sumpto</strong></span> <span class='ocrx_word' id='word_1_167' title='bbox 1256 2763 1565 2803; x_wconf 87' lang='lat' dir='ltr'><strong>curramus</strong></span> <span class='ocrx_word' id='word_1_168' title='bbox 1612 2745 1683 2802; x_wconf 91' lang='lat' dir='ltr'><strong>de</strong></span> 
     </span>
     <span class='ocr_line' id='line_1_31' title="bbox 405 2834 1685 2910; baseline -0.002 -18"><span class='ocrx_word' id='word_1_169' title='bbox 405 2835 622 2910; x_wconf 89' lang='lat' dir='ltr'><strong>populo</strong></span> <span class='ocrx_word' id='word_1_170' title='bbox 676 2834 749 2892; x_wconf 87' lang='lat' dir='ltr'><strong>ad</strong></span> <span class='ocrx_word' id='word_1_171' title='bbox 798 2835 1085 2909; x_wconf 84' lang='lat' dir='ltr'><strong>populum</strong></span> <span class='ocrx_word' id='word_1_172' title='bbox 1151 2838 1211 2891; x_wconf 87' lang='lat' dir='ltr'><strong>et</strong></span> <span class='ocrx_word' id='word_1_173' title='bbox 1259 2834 1685 2892; x_wconf 88' lang='lat' dir='ltr'><strong>annunciemus</strong></span> 
     </span>
     <span class='ocr_line' id='line_1_32' title="bbox 406 2922 1683 2999; baseline -0.001 -19"><span class='ocrx_word' id='word_1_174' title='bbox 406 2923 616 2981; x_wconf 87' lang='lat' dir='ltr'><strong>Christi</strong></span> <span class='ocrx_word' id='word_1_175' title='bbox 637 2923 1063 2999; x_wconf 77' lang='lat' dir='ltr'><strong>Evangelium?</strong></span> <span class='ocrx_word' id='word_1_176' title='bbox 1080 2931 1104 2959; x_wconf 85' lang='lat'>‘</span> <span class='ocrx_word' id='word_1_177' title='bbox 1140 2923 1359 2980; x_wconf 89' lang='lat' dir='ltr'><strong>Multas</strong></span> <span class='ocrx_word' id='word_1_178' title='bbox 1382 2923 1507 2996; x_wconf 89' lang='lat' dir='ltr'><strong>ipse</strong></span> <span class='ocrx_word' id='word_1_179' title='bbox 1526 2922 1683 2979; x_wconf 85' lang='lat' dir='ltr'><strong>fruc-</strong></span> 
     </span>
     <span class='ocr_line' id='line_1_33' title="bbox 405 3009 1684 3086; baseline -0.001 -18"><span class='ocrx_word' id='word_1_180' title='bbox 405 3015 730 3086; x_wconf 87' lang='lat' dir='ltr'><strong>tuosasque</strong></span> <span class='ocrx_word' id='word_1_181' title='bbox 764 3009 1038 3070; x_wconf 83' lang='lat' dir='ltr'><strong>instituit</strong></span> <span class='ocrx_word' id='word_1_182' title='bbox 1068 3031 1174 3086; x_wconf 87' lang='lat' dir='ltr'><strong>per</strong></span> <span class='ocrx_word' id='word_1_183' title='bbox 1205 3011 1568 3069; x_wconf 83' lang='lat' dir='ltr'><strong>Lusitaniam</strong></span> <span class='ocrx_word' id='word_1_184' title='bbox 1587 3029 1684 3068; x_wconf 88' lang='lat' dir='ltr'><strong>ex-</strong></span> 
     </span>
     <span class='ocr_line' id='line_1_34' title="bbox 407 3099 1684 3175; baseline -0.002 -17"><span class='ocrx_word' id='word_1_185' title='bbox 407 3100 755 3175; x_wconf 79' lang='lat' dir='ltr'><strong>peditioneS,</strong></span> <span class='ocrx_word' id='word_1_186' title='bbox 805 3100 868 3158; x_wconf 95' lang='lat' dir='ltr'><strong>in</strong></span> <span class='ocrx_word' id='word_1_187' title='bbox 919 3101 1139 3175; x_wconf 90' lang='lat' dir='ltr'><strong>quibus</strong></span> <span class='ocrx_word' id='word_1_188' title='bbox 1191 3099 1470 3168; x_wconf 84' lang='lat' dir='ltr'><strong>ostiatim,</strong></span> <span class='ocrx_word' id='word_1_189' title='bbox 1532 3117 1684 3174; x_wconf 88' lang='lat' dir='ltr'><strong>quae</strong></span> 
     </span>
     <span class='ocr_line' id='line_1_35' title="bbox 407 3189 1681 3257; baseline -0.002 -10"><span class='ocrx_word' id='word_1_190' title='bbox 407 3189 521 3247; x_wconf 87' lang='lat' dir='ltr'><strong>sibi</strong></span> <span class='ocrx_word' id='word_1_191' title='bbox 566 3189 640 3246; x_wconf 85' lang='lat' dir='ltr'><strong>ad</strong></span> <span class='ocrx_word' id='word_1_192' title='bbox 690 3189 912 3247; x_wconf 82' lang='lat' dir='ltr'><strong>victum</strong></span> <span class='ocrx_word' id='word_1_193' title='bbox 945 3189 1268 3248; x_wconf 86' lang='lat' dir='ltr'><strong>necessaria</strong></span> <span class='ocrx_word' id='word_1_194' title='bbox 1299 3191 1484 3257; x_wconf 88' lang='lat' dir='ltr'><strong>erant,</strong></span> <span class='ocrx_word' id='word_1_195' title='bbox 1518 3207 1681 3246; x_wconf 89' lang='lat' dir='ltr'><strong>men-</strong></span> 
     </span>
     <span class='ocr_line' id='line_1_36' title="bbox 405 3277 1680 3352; baseline -0.001 -17"><span class='ocrx_word' id='word_1_196' title='bbox 405 3277 652 3336; x_wconf 80' lang='lat' dir='ltr'><strong>dicabat.</strong></span> <span class='ocrx_word' id='word_1_197' title='bbox 681 3278 765 3335; x_wconf 93' lang='lat' dir='ltr'><strong>De</strong></span> <span class='ocrx_word' id='word_1_198' title='bbox 785 3278 1141 3336; x_wconf 82' lang='lat' dir='ltr'><strong>caducarum</strong></span> <span class='ocrx_word' id='word_1_199' title='bbox 1159 3296 1361 3337; x_wconf 86' lang='lat' dir='ltr'><strong>rerum</strong></span> <span class='ocrx_word' id='word_1_200' title='bbox 1380 3281 1680 3352; x_wconf 86' lang='lat' dir='ltr'><strong>contemp-</strong></span> 
     </span>
     <span class='ocr_line' id='line_1_37' title="bbox 403 3360 1681 3434; baseline -0.001 -10"><span class='ocrx_word' id='word_1_201' title='bbox 403 3369 474 3425; x_wconf 89' lang='lat' dir='ltr'><strong>tu</strong></span> <span class='ocrx_word' id='word_1_202' title='bbox 523 3369 691 3424; x_wconf 84' lang='lat' dir='ltr'><strong>tanta</strong></span> <span class='ocrx_word' id='word_1_203' title='bbox 740 3366 1116 3425; x_wconf 87' lang='lat' dir='ltr'><strong>contentione</strong></span> <span class='ocrx_word' id='word_1_204' title='bbox 1165 3360 1418 3434; x_wconf 88' lang='lat' dir='ltr'><strong>dicebat,</strong></span> <span class='ocrx_word' id='word_1_205' title='bbox 1461 3370 1531 3423; x_wconf 90' lang='lat' dir='ltr'><strong>ut</strong></span> <span class='ocrx_word' id='word_1_206' title='bbox 1561 3383 1681 3423; x_wconf 90' lang='lat' dir='ltr'><strong>uno</strong></span> 
     </span>
     <span class='ocr_line' id='line_1_38' title="bbox 405 3454 1682 3530; baseline -0.001 -17"><span class='ocrx_word' id='word_1_207' title='bbox 405 3474 558 3513; x_wconf 89' lang='lat' dir='ltr'><strong>anno</strong></span> <span class='ocrx_word' id='word_1_208' title='bbox 591 3455 745 3513; x_wconf 86' lang='lat' dir='ltr'><strong>fama</strong></span> <span class='ocrx_word' id='word_1_209' title='bbox 777 3456 856 3513; x_wconf 89' lang='lat' dir='ltr'><strong>sit</strong></span> <span class='ocrx_word' id='word_1_210' title='bbox 888 3456 1189 3530; x_wconf 82' lang='lat' dir='ltr'><strong>sexaginta</strong></span> <span class='ocrx_word' id='word_1_211' title='bbox 1220 3459 1280 3512; x_wconf 90' lang='lat' dir='ltr'><strong>et</strong></span> <span class='ocrx_word' id='word_1_212' title='bbox 1310 3454 1374 3512; x_wconf 93' lang='lat' dir='ltr'><strong>in</strong></span> <span class='ocrx_word' id='word_1_213' title='bbox 1407 3454 1480 3511; x_wconf 87' lang='lat' dir='ltr'><strong>iis</strong></span> <span class='ocrx_word' id='word_1_214' title='bbox 1513 3455 1682 3512; x_wconf 86' lang='lat' dir='ltr'><strong>nobi-</strong></span> 
     </span>
     <span class='ocr_line' id='line_1_39' title="bbox 406 3543 1680 3620; baseline -0.001 -19"><span class='ocrx_word' id='word_1_215' title='bbox 406 3544 664 3603; x_wconf 81' lang='lat' dir='ltr'><strong>lissimos</strong></span> <span class='ocrx_word' id='word_1_216' title='bbox 693 3544 943 3620; x_wconf 78' lang='lat' dir='ltr'><strong>juvenes</strong></span> <span class='ocrx_word' id='word_1_217' title='bbox 983 3548 1044 3602; x_wconf 87' lang='lat' dir='ltr'><strong>et</strong></span> <span class='ocrx_word' id='word_1_218' title='bbox 1081 3543 1448 3601; x_wconf 88' lang='lat' dir='ltr'><strong>doctissimos</strong></span> <span class='ocrx_word' id='word_1_219' title='bbox 1487 3544 1680 3601; x_wconf 88' lang='lat' dir='ltr'><strong>cathe-</strong></span> 
     </span>
     <span class='ocr_line' id='line_1_40' title="bbox 405 3632 1681 3702; baseline 0 -13"><span class='ocrx_word' id='word_1_220' title='bbox 405 3632 647 3690; x_wconf 90' lang='lat' dir='ltr'><strong>drarum</strong></span> <span class='ocrx_word' id='word_1_221' title='bbox 722 3632 1083 3702; x_wconf 74' lang='lat' dir='ltr'><strong>candidatOS,</strong></span> <span class='ocrx_word' id='word_1_222' title='bbox 1156 3632 1681 3690; x_wconf 85' lang='lat' dir='ltr'><strong>Franciscanorum</strong></span> 
     </span>
     <span class='ocr_line' id='line_1_41' title="bbox 404 3719 1683 3779; baseline 0 -2"><span class='ocrx_word' id='word_1_223' title='bbox 404 3720 712 3779; x_wconf 84' lang='lat' dir='ltr'><strong>dumtaxat</strong></span> <span class='ocrx_word' id='word_1_224' title='bbox 742 3721 1010 3779; x_wconf 91' lang='lat' dir='ltr'><strong>ordinem</strong></span> <span class='ocrx_word' id='word_1_225' title='bbox 1042 3720 1394 3778; x_wconf 82' lang='lat' dir='ltr'><strong>ambivisse:</strong></span> <span class='ocrx_word' id='word_1_226' title='bbox 1442 3719 1579 3778; x_wconf 90' lang='lat' dir='ltr'><strong>hinc</strong></span> <span class='ocrx_word' id='word_1_227' title='bbox 1609 3721 1683 3778; x_wconf 90' lang='lat' dir='ltr'><strong>il·</strong></span> 
     </span>
    </p>
   </div>
   <div class='ocr_carea' id='block_1_6' title="bbox 1738 700 3029 3784">
    <p class='ocr_par' dir='ltr' id='par_1_6' title="bbox 1738 700 3029 3784">
     <span class='ocr_line' id='line_1_42' title="bbox 1742 700 3028 781; baseline 0.005 -23"><span class='ocrx_word' id='word_1_228' title='bbox 1742 701 2038 776; x_wconf 89' lang='lat' dir='ltr'><strong>colloquia</strong></span> <span class='ocrx_word' id='word_1_229' title='bbox 2060 700 2503 778; x_wconf 78' lang='lat' dir='ltr'><strong>subterfugere:</strong></span> <span class='ocrx_word' id='word_1_230' title='bbox 2538 721 2709 762; x_wconf 90' lang='lat' dir='ltr'><strong>nemo</strong></span> <span class='ocrx_word' id='word_1_231' title='bbox 2732 704 2875 763; x_wconf 91' lang='lat' dir='ltr'><strong>mihi</strong></span> <span class='ocrx_word' id='word_1_232' title='bbox 2894 726 3028 781; x_wconf 86' lang='lat' dir='ltr'><strong>per-</strong></span> 
     </span>
     <span class='ocr_line' id='line_1_43' title="bbox 1745 790 3026 866; baseline 0.004 -18"><span class='ocrx_word' id='word_1_233' title='bbox 1745 790 2009 858; x_wconf 88' lang='lat' dir='ltr'><strong>suadeat,</strong></span> <span class='ocrx_word' id='word_1_234' title='bbox 2043 809 2137 848; x_wconf 91' lang='lat' dir='ltr'><strong>me</strong></span> <span class='ocrx_word' id='word_1_235' title='bbox 2169 809 2288 849; x_wconf 92' lang='lat' dir='ltr'><strong>non</strong></span> <span class='ocrx_word' id='word_1_236' title='bbox 2321 809 2494 866; x_wconf 87' lang='lat' dir='ltr'><strong>posse</strong></span> <span class='ocrx_word' id='word_1_237' title='bbox 2528 809 2660 849; x_wconf 83' lang='lat' dir='ltr'><strong>cum</strong></span> <span class='ocrx_word' id='word_1_238' title='bbox 2696 793 2813 852; x_wconf 90' lang='lat' dir='ltr'><strong>Deo</strong></span> <span class='ocrx_word' id='word_1_239' title='bbox 2854 795 3026 853; x_wconf 86' lang='lat' dir='ltr'><strong>fami-</strong></span> 
     </span>
     <span class='ocr_line' id='line_1_44' title="bbox 1742 879 3026 942; baseline 0.006 -7"><span class='ocrx_word' id='word_1_240' title='bbox 1742 879 1949 936; x_wconf 87' lang='lat' dir='ltr'><strong>liarem</strong></span> <span class='ocrx_word' id='word_1_241' title='bbox 1981 881 2183 937; x_wconf 86' lang='lat' dir='ltr'><strong>tenere</strong></span> <span class='ocrx_word' id='word_1_242' title='bbox 2218 888 2608 940; x_wconf 85' lang='lat' dir='ltr'><strong>sermonem.‘</strong></span> <span class='ocrx_word' id='word_1_243' title='bbox 2648 880 2867 942; x_wconf 89' lang='lat' dir='ltr'><strong>Ultima</strong></span> <span class='ocrx_word' id='word_1_244' title='bbox 2898 903 3026 942; x_wconf 89' lang='lat' dir='ltr'><strong>mo-</strong></span> 
     </span>
     <span class='ocr_line' id='line_1_45' title="bbox 1743 967 3029 1032; baseline 0.006 -8"><span class='ocrx_word' id='word_1_245' title='bbox 1743 967 1950 1025; x_wconf 89' lang='lat' dir='ltr'><strong>rientis</strong></span> <span class='ocrx_word' id='word_1_246' title='bbox 1995 968 2252 1026; x_wconf 86' lang='lat' dir='ltr'><strong>hominis</strong></span> <span class='ocrx_word' id='word_1_247' title='bbox 2302 969 2406 1027; x_wconf 92' lang='lat' dir='ltr'><strong>Dei</strong></span> <span class='ocrx_word' id='word_1_248' title='bbox 2452 972 2526 1027; x_wconf 87' lang='lat' dir='ltr'><strong>ad</strong></span> <span class='ocrx_word' id='word_1_249' title='bbox 2579 970 2808 1029; x_wconf 89' lang='lat' dir='ltr'><strong>sodales</strong></span> <span class='ocrx_word' id='word_1_250' title='bbox 2849 974 3029 1032; x_wconf 85' lang='lat' dir='ltr'><strong>verba</strong></span> 
     </span>
     <span class='ocr_line' id='line_1_46' title="bbox 1741 1057 3027 1133; baseline 0.005 -19"><span class='ocrx_word' id='word_1_251' title='bbox 1741 1060 1947 1116; x_wconf 87' lang='lat' dir='ltr'><strong>erant:</strong></span> <span class='ocrx_word' id='word_1_252' title='bbox 1984 1097 2011 1125; x_wconf 83' lang='lat'><strong>,</strong></span> <span class='ocrx_word' id='word_1_253' title='bbox 2025 1057 2438 1115; x_wconf 85' lang='lat' dir='ltr'><strong>Humiliamini</strong></span> <span class='ocrx_word' id='word_1_254' title='bbox 2462 1059 2573 1116; x_wconf 89' lang='lat' dir='ltr'><strong>sub</strong></span> <span class='ocrx_word' id='word_1_255' title='bbox 2595 1061 2823 1133; x_wconf 90' lang='lat' dir='ltr'><strong>potenti</strong></span> <span class='ocrx_word' id='word_1_256' title='bbox 2847 1082 3027 1120; x_wconf 87' lang='lat' dir='ltr'><strong>manu</strong></span> 
     </span>
     <span class='ocr_line' id='line_1_47' title="bbox 1742 1145 3025 1224; baseline 0.005 -22"><span class='ocrx_word' id='word_1_257' title='bbox 1742 1145 1869 1214; x_wconf 90' lang='lat' dir='ltr'><strong>Dei,</strong></span> <span class='ocrx_word' id='word_1_258' title='bbox 1904 1149 1975 1203; x_wconf 92' lang='lat' dir='ltr'><strong>ut</strong></span> <span class='ocrx_word' id='word_1_259' title='bbox 2009 1163 2112 1204; x_wconf 82' lang='lat' dir='ltr'><strong>vos</strong></span> <span class='ocrx_word' id='word_1_260' title='bbox 2151 1147 2370 1204; x_wconf 84' lang='lat' dir='ltr'><strong>exaltet</strong></span> <span class='ocrx_word' id='word_1_261' title='bbox 2415 1147 2478 1205; x_wconf 93' lang='lat' dir='ltr'><strong>in</strong></span> <span class='ocrx_word' id='word_1_262' title='bbox 2524 1151 2788 1224; x_wconf 89' lang='lat' dir='ltr'><strong>tempore</strong></span> <span class='ocrx_word' id='word_1_263' title='bbox 2834 1152 3025 1209; x_wconf 89' lang='lat' dir='ltr'><strong>tribu·</strong></span> 
     </span>
     <span class='ocr_line' id='line_1_48' title="bbox 1741 1234 3028 1314; baseline 0.005 -23"><span class='ocrx_word' id='word_1_264' title='bbox 1741 1234 2016 1292; x_wconf 85' lang='lat' dir='ltr'><strong>lationis:</strong></span> <span class='ocrx_word' id='word_1_265' title='bbox 2053 1235 2217 1293; x_wconf 89' lang='lat' dir='ltr'><strong>aliud</strong></span> <span class='ocrx_word' id='word_1_266' title='bbox 2250 1236 2463 1294; x_wconf 90' lang='lat' dir='ltr'><strong>melius</strong></span> <span class='ocrx_word' id='word_1_267' title='bbox 2504 1239 2566 1294; x_wconf 90' lang='lat' dir='ltr'><strong>et</strong></span> <span class='ocrx_word' id='word_1_268' title='bbox 2610 1237 2818 1296; x_wconf 89' lang='lat' dir='ltr'><strong>utilius</strong></span> <span class='ocrx_word' id='word_1_269' title='bbox 2867 1240 3028 1314; x_wconf 85' lang='lat' dir='ltr'><strong>quod</strong></span> 
     </span>
     <span class='ocr_line' id='line_1_49' title="bbox 1743 1322 3027 1393; baseline 0.005 -14"><span class='ocrx_word' id='word_1_270' title='bbox 1743 1322 2019 1380; x_wconf 87' lang='lat' dir='ltr'><strong>suadeam</strong></span> <span class='ocrx_word' id='word_1_271' title='bbox 2051 1343 2172 1382; x_wconf 91' lang='lat' dir='ltr'><strong>non</strong></span> <span class='ocrx_word' id='word_1_272' title='bbox 2204 1324 2408 1393; x_wconf 89' lang='lat' dir='ltr'><strong>habe0,</strong></span> <span class='ocrx_word' id='word_1_273' title='bbox 2443 1326 2558 1383; x_wconf 92' lang='lat' dir='ltr'><strong>nisi</strong></span> <span class='ocrx_word' id='word_1_274' title='bbox 2593 1331 2663 1383; x_wconf 87' lang='lat' dir='ltr'><strong>ut</strong></span> <span class='ocrx_word' id='word_1_275' title='bbox 2695 1327 3027 1386; x_wconf 86' lang='lat' dir='ltr'><strong>imitatione</strong></span> 
     </span>
     <span class='ocr_line' id='line_1_50' title="bbox 1743 1411 3028 1491; baseline 0.006 -23"><span class='ocrx_word' id='word_1_276' title='bbox 1743 1411 1851 1469; x_wconf 92' lang='lat' dir='ltr'><strong>Dei</strong></span> <span class='ocrx_word' id='word_1_277' title='bbox 1898 1416 1958 1470; x_wconf 88' lang='lat' dir='ltr'><strong>et</strong></span> <span class='ocrx_word' id='word_1_278' title='bbox 2005 1412 2322 1472; x_wconf 81' lang='lat' dir='ltr'><strong>Salvatoris</strong></span> <span class='ocrx_word' id='word_1_279' title='bbox 2374 1415 2564 1473; x_wconf 90' lang='lat' dir='ltr'><strong>nostri</strong></span> <span class='ocrx_word' id='word_1_280' title='bbox 2616 1416 2802 1474; x_wconf 83' lang='lat' dir='ltr'><strong>simus</strong></span> <span class='ocrx_word' id='word_1_281' title='bbox 2850 1436 3028 1491; x_wconf 89' lang='lat' dir='ltr'><strong>quam</strong></span> 
     </span>
     <span class='ocr_line' id='line_1_51' title="bbox 1742 1500 3029 1577; baseline 0.005 -20"><span class='ocrx_word' id='word_1_282' title='bbox 1742 1500 2077 1571; x_wconf 89' lang='lat' dir='ltr'><strong>humillimi,</strong></span> <span class='ocrx_word' id='word_1_283' title='bbox 2113 1503 2216 1576; x_wconf 89' lang='lat' dir='ltr'><strong>qui</strong></span> <span class='ocrx_word' id='word_1_284' title='bbox 2252 1521 2354 1577; x_wconf 88' lang='lat' dir='ltr'><strong>per</strong></span> <span class='ocrx_word' id='word_1_285' title='bbox 2386 1522 2618 1562; x_wconf 89' lang='lat' dir='ltr'><strong>omnem</strong></span> <span class='ocrx_word' id='word_1_286' title='bbox 2649 1505 2830 1563; x_wconf 83' lang='lat' dir='ltr'><strong>vitam</strong></span> <span class='ocrx_word' id='word_1_287' title='bbox 2854 1507 3029 1564; x_wconf 91' lang='lat' dir='ltr'><strong>unice</strong></span> 
     </span>
     <span class='ocr_line' id='line_1_52' title="bbox 1743 1589 3028 1660; baseline 0.006 -15"><span class='ocrx_word' id='word_1_288' title='bbox 1743 1589 2051 1660; x_wconf 84' lang='lat' dir='ltr'><strong>laboravit,</strong></span> <span class='ocrx_word' id='word_1_289' title='bbox 2085 1595 2156 1648; x_wconf 92' lang='lat' dir='ltr'><strong>ut</strong></span> <span class='ocrx_word' id='word_1_290' title='bbox 2182 1590 2467 1649; x_wconf 87' lang='lat' dir='ltr'><strong>virtutem</strong></span> <span class='ocrx_word' id='word_1_291' title='bbox 2490 1594 2638 1651; x_wconf 90' lang='lat' dir='ltr'><strong>hanc</strong></span> <span class='ocrx_word' id='word_1_292' title='bbox 2657 1594 2827 1652; x_wconf 89' lang='lat' dir='ltr'><strong>nobis</strong></span> <span class='ocrx_word' id='word_1_293' title='bbox 2849 1596 3028 1654; x_wconf 85' lang='lat' dir='ltr'><strong>verbo</strong></span> 
     </span>
     <span class='ocr_line' id='line_1_53' title="bbox 1742 1680 3027 1758; baseline 0.006 -23"><span class='ocrx_word' id='word_1_294' title='bbox 1742 1681 1803 1735; x_wconf 94' lang='lat' dir='ltr'><strong>et</strong></span> <span class='ocrx_word' id='word_1_295' title='bbox 1841 1680 2105 1754; x_wconf 86' lang='lat' dir='ltr'><strong>exemplo</strong></span> <span class='ocrx_word' id='word_1_296' title='bbox 2156 1680 2554 1756; x_wconf 83' lang='lat' dir='ltr'><strong>persuaderet,</strong></span> <span class='ocrx_word' id='word_1_297' title='bbox 2603 1683 2853 1758; x_wconf 89' lang='lat' dir='ltr'><strong>ideoque</strong></span> <span class='ocrx_word' id='word_1_298' title='bbox 2904 1703 3027 1743; x_wconf 91' lang='lat' dir='ltr'><strong>mo·</strong></span> 
     </span>
     <span class='ocr_line' id='line_1_54' title="bbox 1741 1766 3024 1844; baseline 0.005 -20"><span class='ocrx_word' id='word_1_299' title='bbox 1741 1766 1901 1826; x_wconf 91' lang='lat' dir='ltr'><strong>riens</strong></span> <span class='ocrx_word' id='word_1_300' title='bbox 1921 1767 2098 1825; x_wconf 88' lang='lat' dir='ltr'><strong>etiam</strong></span> <span class='ocrx_word' id='word_1_301' title='bbox 2122 1771 2302 1844; x_wconf 87' lang='lat' dir='ltr'><strong>caput</strong></span> <span class='ocrx_word' id='word_1_302' title='bbox 2321 1770 2547 1829; x_wconf 88' lang='lat' dir='ltr'><strong>humile</strong></span> <span class='ocrx_word' id='word_1_303' title='bbox 2570 1770 2880 1840; x_wconf 79' lang='lat' dir='ltr'><strong>inclinanS‚</strong></span> <span class='ocrx_word' id='word_1_304' title='bbox 2904 1778 3024 1831; x_wconf 89' lang='lat' dir='ltr'><strong>tra·</strong></span> 
     </span>
     <span class='ocr_line' id='line_1_55' title="bbox 1742 1856 3022 1936; baseline 0.01 -24"><span class='ocrx_word' id='word_1_305' title='bbox 1742 1856 1895 1913; x_wconf 86' lang='lat' dir='ltr'><strong>didit</strong></span> <span class='ocrx_word' id='word_1_306' title='bbox 1927 1856 2267 1932; x_wconf 83' lang='lat' dir='ltr'><strong>spiritum.‘</strong></span> <span class='ocrx_word' id='word_1_307' title='bbox 2300 1859 2551 1918; x_wconf 89' lang='lat' dir='ltr'><strong>Demum</strong></span> <span class='ocrx_word' id='word_1_308' title='bbox 2580 1869 2671 1922; x_wconf 88' lang='lat'><strong>14.</strong></span> <span class='ocrx_word' id='word_1_309' title='bbox 2690 1863 2830 1936; x_wconf 89' lang='lat' dir='ltr'><strong>Apr.</strong></span> <span class='ocrx_word' id='word_1_310' title='bbox 2861 1872 3022 1925; x_wconf 85' lang='lat'>1615</span> 
     </span>
     <span class='ocr_line' id='line_1_56' title="bbox 1742 1946 3029 2025; baseline 0.006 -24"><span class='ocrx_word' id='word_1_311' title='bbox 1742 1965 1790 2007; x_wconf 80' lang='lat' dir='ltr'><strong>a.</strong></span> <span class='ocrx_word' id='word_1_312' title='bbox 1828 1946 2038 2003; x_wconf 85' lang='lat' dir='ltr'><strong>aetatis</strong></span> <span class='ocrx_word' id='word_1_313' title='bbox 2075 1956 2173 2009; x_wconf 84' lang='lat'><strong>73.</strong></span> <span class='ocrx_word' id='word_1_314' title='bbox 2204 1947 2465 2006; x_wconf 84' lang='lat' dir='ltr'><strong>evolavit</strong></span> <span class='ocrx_word' id='word_1_315' title='bbox 2499 1948 2569 2006; x_wconf 86' lang='lat' dir='ltr'><strong>ad</strong></span> <span class='ocrx_word' id='word_1_316' title='bbox 2594 1967 2837 2025; x_wconf 90' lang='lat' dir='ltr'><strong>superos</strong></span> <span class='ocrx_word' id='word_1_317' title='bbox 2859 1954 3029 2010; x_wconf 88' lang='lat' dir='ltr'><strong>tanta</strong></span> 
     </span>
     <span class='ocr_line' id='line_1_57' title="bbox 1742 2034 3026 2116; baseline 0.005 -25"><span class='ocrx_word' id='word_1_318' title='bbox 1742 2034 2074 2092; x_wconf 84' lang='lat' dir='ltr'><strong>sanctitatis</strong></span> <span class='ocrx_word' id='word_1_319' title='bbox 2108 2036 2280 2105; x_wconf 84' lang='lat' dir='ltr'><strong>fama,</strong></span> <span class='ocrx_word' id='word_1_320' title='bbox 2326 2040 2396 2094; x_wconf 91' lang='lat' dir='ltr'><strong>ut</strong></span> <span class='ocrx_word' id='word_1_321' title='bbox 2446 2036 2724 2096; x_wconf 88' lang='lat' dir='ltr'><strong>defuncto</strong></span> <span class='ocrx_word' id='word_1_322' title='bbox 2776 2058 3026 2116; x_wconf 79' lang='lat' dir='ltr'><strong>ungueS,</strong></span> 
     </span>
     <span class='ocr_line' id='line_1_58' title="bbox 1742 2122 3025 2202; baseline 0.004 -23"><span class='ocrx_word' id='word_1_323' title='bbox 1742 2122 1943 2196; x_wconf 90' lang='lat' dir='ltr'><strong>capilli</strong></span> <span class='ocrx_word' id='word_1_324' title='bbox 1975 2127 2082 2181; x_wconf 89' lang='lat' dir='ltr'><strong>etc.</strong></span> <span class='ocrx_word' id='word_1_325' title='bbox 2116 2123 2617 2200; x_wconf 81' lang='lat' dir='ltr'><strong>praeciderentur,</strong></span> <span class='ocrx_word' id='word_1_326' title='bbox 2661 2131 2856 2185; x_wconf 88' lang='lat' dir='ltr'><strong>vestes</strong></span> <span class='ocrx_word' id='word_1_327' title='bbox 2890 2129 3025 2202; x_wconf 89' lang='lat' dir='ltr'><strong>qui-</strong></span> 
     </span>
     <span class='ocr_line' id='line_1_59' title="bbox 1739 2211 3028 2291; baseline 0.005 -23"><span class='ocrx_word' id='word_1_328' title='bbox 1739 2211 1855 2268; x_wconf 91' lang='lat' dir='ltr'><strong>bus</strong></span> <span class='ocrx_word' id='word_1_329' title='bbox 1888 2212 2133 2270; x_wconf 87' lang='lat' dir='ltr'><strong>cadaver</strong></span> <span class='ocrx_word' id='word_1_330' title='bbox 2164 2217 2509 2287; x_wconf 88' lang='lat' dir='ltr'><strong>coopertum</strong></span> <span class='ocrx_word' id='word_1_331' title='bbox 2543 2218 2683 2291; x_wconf 84' lang='lat' dir='ltr'><strong>erat,</strong></span> <span class='ocrx_word' id='word_1_332' title='bbox 2706 2216 2770 2273; x_wconf 91' lang='lat' dir='ltr'><strong>in</strong></span> <span class='ocrx_word' id='word_1_333' title='bbox 2803 2216 3028 2274; x_wconf 89' lang='lat' dir='ltr'><strong>frustra</strong></span> 
     </span>
     <span class='ocr_line' id='line_1_60' title="bbox 1742 2300 3024 2376; baseline 0.005 -20"><span class='ocrx_word' id='word_1_334' title='bbox 1742 2300 2229 2375; x_wconf 85' lang='lat' dir='ltr'><strong>discerperentur,</strong></span> <span class='ocrx_word' id='word_1_335' title='bbox 2266 2320 2396 2360; x_wconf 89' lang='lat' dir='ltr'><strong>cum</strong></span> <span class='ocrx_word' id='word_1_336' title='bbox 2432 2303 2686 2376; x_wconf 88' lang='lat' dir='ltr'><strong>quilibet</strong></span> <span class='ocrx_word' id='word_1_337' title='bbox 2719 2305 2874 2362; x_wconf 88' lang='lat' dir='ltr'><strong>tanti</strong></span> <span class='ocrx_word' id='word_1_338' title='bbox 2894 2306 3024 2374; x_wconf 84' lang='lat' dir='ltr'><strong>viri,</strong></span> 
     </span>
     <span class='ocr_line' id='line_1_61' title="bbox 1742 2390 3027 2467; baseline 0.004 -21"><span class='ocrx_word' id='word_1_339' title='bbox 1742 2406 1918 2463; x_wconf 89' lang='lat' dir='ltr'><strong>quem</strong></span> <span class='ocrx_word' id='word_1_340' title='bbox 1970 2390 2151 2448; x_wconf 86' lang='lat' dir='ltr'><strong>etiam</strong></span> <span class='ocrx_word' id='word_1_341' title='bbox 2201 2410 2453 2467; x_wconf 87' lang='lat' dir='ltr'><strong>magnus</strong></span> <span class='ocrx_word' id='word_1_342' title='bbox 2517 2391 2727 2450; x_wconf 87' lang='lat' dir='ltr'><strong>Suarez</strong></span> <span class='ocrx_word' id='word_1_343' title='bbox 2789 2394 3027 2451; x_wconf 89' lang='lat' dir='ltr'><strong>nonnisi</strong></span> 
     </span>
     <span class='ocr_line' id='line_1_62' title="bbox 1741 2479 3027 2557; baseline 0.003 -21"><span class='ocrx_word' id='word_1_344' title='bbox 1741 2485 1997 2536; x_wconf 77' lang='lat' dir='ltr'><strong>sanctum</strong></span> <span class='ocrx_word' id='word_1_345' title='bbox 2021 2479 2320 2554; x_wconf 86' lang='lat' dir='ltr'><strong>appellare</strong></span> <span class='ocrx_word' id='word_1_346' title='bbox 2339 2490 2747 2550; x_wconf 84' lang='lat' dir='ltr'><strong>consueverat,</strong></span> <span class='ocrx_word' id='word_1_347' title='bbox 2771 2483 3027 2557; x_wconf 83' lang='lat' dir='ltr'><strong>reliqui-</strong></span> 
     </span>
     <span class='ocr_line' id='line_1_63' title="bbox 1742 2567 3027 2643; baseline 0.005 -19"><span class='ocrx_word' id='word_1_348' title='bbox 1742 2585 1805 2625; x_wconf 89' lang='lat' dir='ltr'><strong>as</strong></span> <span class='ocrx_word' id='word_1_349' title='bbox 1839 2567 2066 2643; x_wconf 88' lang='lat' dir='ltr'><strong>aliquas</strong></span> <span class='ocrx_word' id='word_1_350' title='bbox 2099 2569 2367 2629; x_wconf 86' lang='lat' dir='ltr'><strong>obtinere</strong></span> <span class='ocrx_word' id='word_1_351' title='bbox 2401 2569 2712 2640; x_wconf 88' lang='lat' dir='ltr'><strong>niteretur,</strong></span> <span class='ocrx_word' id='word_1_352' title='bbox 2749 2571 2884 2630; x_wconf 92' lang='lat' dir='ltr'><strong>hinc</strong></span> <span class='ocrx_word' id='word_1_353' title='bbox 2916 2571 3027 2631; x_wconf 90' lang='lat' dir='ltr'><strong>eti-</strong></span> 
     </span>
     <span class='ocr_line' id='line_1_64' title="bbox 1742 2658 3027 2734; baseline 0.005 -21"><span class='ocrx_word' id='word_1_354' title='bbox 1742 2677 1835 2714; x_wconf 90' lang='lat' dir='ltr'><strong>am</strong></span> <span class='ocrx_word' id='word_1_355' title='bbox 1868 2658 2161 2716; x_wconf 89' lang='lat' dir='ltr'><strong>maturius</strong></span> <span class='ocrx_word' id='word_1_356' title='bbox 2210 2660 2482 2734; x_wconf 87' lang='lat' dir='ltr'><strong>sepulcro</strong></span> <span class='ocrx_word' id='word_1_357' title='bbox 2529 2658 2646 2717; x_wconf 87' lang='lat' dir='ltr'><strong>fuit</strong></span> <span class='ocrx_word' id='word_1_358' title='bbox 2678 2660 2901 2729; x_wconf 78' lang='lat' dir='ltr'><strong>illatuS,</strong></span> <span class='ocrx_word' id='word_1_359' title='bbox 2953 2680 3027 2720; x_wconf 93' lang='lat' dir='ltr'><strong>ne</strong></span> 
     </span>
     <span class='ocr_line' id='line_1_65' title="bbox 1742 2745 3027 2825; baseline 0.005 -22"><span class='ocrx_word' id='word_1_360' title='bbox 1742 2745 1990 2805; x_wconf 86' lang='lat' dir='ltr'><strong>cadaver</strong></span> <span class='ocrx_word' id='word_1_361' title='bbox 2048 2748 2242 2822; x_wconf 89' lang='lat' dir='ltr'><strong>ipsum</strong></span> <span class='ocrx_word' id='word_1_362' title='bbox 2306 2749 2691 2806; x_wconf 87' lang='lat' dir='ltr'><strong>mutilaretur</strong></span> <span class='ocrx_word' id='word_1_363' title='bbox 2749 2750 2840 2808; x_wconf 83' lang='lat' dir='ltr'><strong>vel</strong></span> <span class='ocrx_word' id='word_1_364' title='bbox 2893 2751 3027 2825; x_wconf 92' lang='lat' dir='ltr'><strong>quis</strong></span> 
     </span>
     <span class='ocr_line' id='line_1_66' title="bbox 1740 2835 3026 2913; baseline 0.005 -22"><span class='ocrx_word' id='word_1_365' title='bbox 1740 2835 1803 2892; x_wconf 90' lang='lat' dir='ltr'><strong>in</strong></span> <span class='ocrx_word' id='word_1_366' title='bbox 1829 2838 1999 2893; x_wconf 89' lang='lat' dir='ltr'><strong>tanta</strong></span> <span class='ocrx_word' id='word_1_367' title='bbox 2030 2838 2507 2895; x_wconf 85' lang='lat' dir='ltr'><strong>concurrentium</strong></span> <span class='ocrx_word' id='word_1_368' title='bbox 2541 2839 3026 2913; x_wconf 89' lang='lat' dir='ltr'><strong>comprimeretur</strong></span> 
     </span>
     <span class='ocr_line' id='line_1_67' title="bbox 1738 2919 3026 3004; baseline 0.005 -24"><span class='ocrx_word' id='word_1_369' title='bbox 1738 2924 1919 2981; x_wconf 89' lang='lat' dir='ltr'><strong>turba</strong></span> <span class='ocrx_word' id='word_1_370' title='bbox 1936 2919 1997 3004; x_wconf 85' lang='lat'><strong>¹).</strong></span> <span class='ocrx_word' id='word_1_371' title='bbox 2020 2925 2176 2983; x_wconf 88' lang='lat' dir='ltr'><strong>Haec</strong></span> <span class='ocrx_word' id='word_1_372' title='bbox 2197 2927 2326 3001; x_wconf 87' lang='lat' dir='ltr'><strong>ejus</strong></span> <span class='ocrx_word' id='word_1_373' title='bbox 2350 2945 2526 3000; x_wconf 87' lang='lat' dir='ltr'><strong>opera</strong></span> <span class='ocrx_word' id='word_1_374' title='bbox 2550 2945 2563 2982; x_wconf 77' lang='grc' dir='ltr'><strong><em>ε</em></strong></span> <span class='ocrx_word' id='word_1_375' title='bbox 2599 2926 3026 2986; x_wconf 74' lang='lat' dir='ltr'><strong>Commentario</strong></span> 
     </span>
     <span class='ocr_line' id='line_1_68' title="bbox 1739 3014 3023 3093; baseline 0.005 -25"><span class='ocrx_word' id='word_1_376' title='bbox 1739 3014 1801 3069; x_wconf 84' lang='lat' dir='ltr'><strong>in</strong></span> <span class='ocrx_word' id='word_1_377' title='bbox 1832 3014 2196 3072; x_wconf 79' lang='lat' dir='ltr'><strong>concordiam</strong></span> <span class='ocrx_word' id='word_1_378' title='bbox 2229 3022 2278 3072; x_wconf 73' lang='lat' dir='ltr'><strong>et</strong></span> <span class='ocrx_word' id='word_1_379' title='bbox 2308 3016 2613 3073; x_wconf 79' lang='lat' dir='ltr'><strong>historiam</strong></span> <span class='ocrx_word' id='word_1_380' title='bbox 2646 3019 3023 3093; x_wconf 74' lang='lat' dir='ltr'><strong>evanyelicam</strong></span> 
     </span>
     <span class='ocr_line' id='line_1_69' title="bbox 1739 3100 3023 3173; baseline 0.006 -17"><span class='ocrx_word' id='word_1_381' title='bbox 1739 3102 1780 3157; x_wconf 91' lang='lat' dir='ltr'><strong>t.</strong></span> <span class='ocrx_word' id='word_1_382' title='bbox 1820 3111 1852 3162; x_wconf 75' lang='lat'>4</span> <span class='ocrx_word' id='word_1_383' title='bbox 1889 3101 1953 3158; x_wconf 92' lang='lat' dir='ltr'><strong>in</strong></span> <span class='ocrx_word' id='word_1_384' title='bbox 1986 3100 2022 3158; x_wconf 87' lang='lat' dir='ltr'><strong>f.</strong></span> <span class='ocrx_word' id='word_1_385' title='bbox 2070 3102 2473 3162; x_wconf 52' lang='lat' dir='ltr'><strong>Conimbritae</strong></span> <span class='ocrx_word' id='word_1_386' title='bbox 2526 3113 2692 3166; x_wconf 84' lang='lat'>1599</span> <span class='ocrx_word' id='word_1_387' title='bbox 2744 3124 2850 3173; x_wconf 61' lang='lat' dir='ltr'><strong>sag,</strong></span> <span class='ocrx_word' id='word_1_388' title='bbox 2899 3107 3023 3164; x_wconf 90' lang='lat' dir='ltr'><strong>Mo-</strong></span> 
     </span>
     <span class='ocr_line' id='line_1_70' title="bbox 1739 3189 3022 3266; baseline 0.005 -20"><span class='ocrx_word' id='word_1_389' title='bbox 1739 3189 2209 3266; x_wconf 75' lang='lat' dir='ltr'><strong>guntiae1606;</strong></span> <span class='ocrx_word' id='word_1_390' title='bbox 2270 3203 2463 3262; x_wconf 85' lang='lat'>1609;</span> <span class='ocrx_word' id='word_1_391' title='bbox 2516 3200 2705 3263; x_wconf 82' lang='lat'><em>16183</em></span> <span class='ocrx_word' id='word_1_392' title='bbox 2740 3194 3022 3264; x_wconf 77' lang='lat' dir='ltr'><strong>VenetiiS,</strong></span> 
     </span>
     <span class='ocr_line' id='line_1_71' title="bbox 1748 3281 3022 3351; baseline 0.002 -12"><span class='ocrx_word' id='word_1_393' title='bbox 1748 3288 2177 3349; x_wconf 84' lang='lat'>1609;1613;</span> <span class='ocrx_word' id='word_1_394' title='bbox 2226 3281 2455 3339; x_wconf 69' lang='lat' dir='ltr'><strong>Brixiae</strong></span> <span class='ocrx_word' id='word_1_395' title='bbox 2504 3291 2701 3351; x_wconf 85' lang='lat'>16123</span> <span class='ocrx_word' id='word_1_396' title='bbox 2750 3285 3022 3341; x_wconf 85' lang='lat' dir='ltr'><strong>Antwer-</strong></span> 
     </span>
     <span class='ocr_line' id='line_1_72' title="bbox 1740 3368 3022 3446; baseline 0.003 -22"><span class='ocrx_word' id='word_1_397' title='bbox 1740 3368 1870 3443; x_wconf 88' lang='lat' dir='ltr'><strong>piae</strong></span> <span class='ocrx_word' id='word_1_398' title='bbox 1910 3378 2104 3438; x_wconf 81' lang='lat'>16133</span> <span class='ocrx_word' id='word_1_399' title='bbox 2162 3379 2353 3433; x_wconf 75' lang='lat'><strong>1677:</strong></span> <span class='ocrx_word' id='word_1_400' title='bbox 2406 3373 2713 3446; x_wconf 82' lang='lat' dir='ltr'><strong>Augustae</strong></span> <span class='ocrx_word' id='word_1_401' title='bbox 2758 3370 3022 3429; x_wconf 90' lang='lat' dir='ltr'><strong>Vindeli-</strong></span> 
     </span>
     <span class='ocr_line' id='line_1_73' title="bbox 1740 3459 3022 3520; baseline 0.003 -7"><span class='ocrx_word' id='word_1_402' title='bbox 1740 3474 1942 3514; x_wconf 88' lang='lat' dir='ltr'><strong>corum</strong></span> <span class='ocrx_word' id='word_1_403' title='bbox 1982 3467 2144 3518; x_wconf 80' lang='lat'>1742</span> <span class='ocrx_word' id='word_1_404' title='bbox 2181 3459 2296 3515; x_wconf 86' lang='lat' dir='ltr'><strong>vol.</strong></span> <span class='ocrx_word' id='word_1_405' title='bbox 2335 3470 2367 3520; x_wconf 90' lang='lat'>5</span> <span class='ocrx_word' id='word_1_406' title='bbox 2406 3462 2514 3516; x_wconf 89' lang='lat' dir='ltr'><strong>etc.</strong></span> <span class='ocrx_word' id='word_1_407' title='bbox 2548 3459 2704 3517; x_wconf 87' lang='lat' dir='ltr'><strong>Haec</strong></span> <span class='ocrx_word' id='word_1_408' title='bbox 2731 3478 3022 3517; x_wconf 88' lang='lat' dir='ltr'><strong>commen-</strong></span> 
     </span>
     <span class='ocr_line' id='line_1_74' title="bbox 1739 3545 3021 3620; baseline 0.003 -18"><span class='ocrx_word' id='word_1_409' title='bbox 1739 3545 1891 3602; x_wconf 86' lang='lat' dir='ltr'><strong>taria</strong></span> <span class='ocrx_word' id='word_1_410' title='bbox 1935 3545 2178 3603; x_wconf 86' lang='lat' dir='ltr'><strong>moralia</strong></span> <span class='ocrx_word' id='word_1_411' title='bbox 2220 3564 2460 3620; x_wconf 86' lang='lat' dir='ltr'><strong>prorsus</strong></span> <span class='ocrx_word' id='word_1_412' title='bbox 2508 3552 2668 3615; x_wconf 87' lang='lat' dir='ltr'><strong>sunt,</strong></span> <span class='ocrx_word' id='word_1_413' title='bbox 2719 3547 2853 3605; x_wconf 92' lang='lat' dir='ltr'><strong>hinc</strong></span> <span class='ocrx_word' id='word_1_414' title='bbox 2885 3566 3021 3606; x_wconf 89' lang='lat' dir='ltr'><strong>con·</strong></span> 
     </span>
     <span class='ocr_line' id='line_1_75' title="bbox 1739 3633 3022 3710; baseline 0.003 -20"><span class='ocrx_word' id='word_1_415' title='bbox 1739 3633 2138 3691; x_wconf 88' lang='lat' dir='ltr'><strong>cionatoribus</strong></span> <span class='ocrx_word' id='word_1_416' title='bbox 2158 3634 2221 3691; x_wconf 90' lang='lat' dir='ltr'><strong>in</strong></span> <span class='ocrx_word' id='word_1_417' title='bbox 2242 3635 2448 3710; x_wconf 88' lang='lat' dir='ltr'><strong>primis</strong></span> <span class='ocrx_word' id='word_1_418' title='bbox 2463 3635 2677 3704; x_wconf 85' lang='lat' dir='ltr'><strong>utilia:</strong></span> <span class='ocrx_word' id='word_1_419' title='bbox 2700 3655 2876 3709; x_wconf 88' lang='lat' dir='ltr'><strong>quam</strong></span> <span class='ocrx_word' id='word_1_420' title='bbox 2899 3637 3022 3694; x_wconf 88' lang='lat' dir='ltr'><strong>uti·</strong></span> 
     </span>
     <span class='ocr_line' id='line_1_76' title="bbox 1738 3720 3024 3784; baseline 0.005 -6"><span class='ocrx_word' id='word_1_421' title='bbox 1738 3720 1968 3779; x_wconf 86' lang='lat' dir='ltr'><strong>litatem</strong></span> <span class='ocrx_word' id='word_1_422' title='bbox 2015 3725 2318 3782; x_wconf 86' lang='lat' dir='ltr'><strong>testantur</strong></span> <span class='ocrx_word' id='word_1_423' title='bbox 2368 3727 2461 3781; x_wconf 86' lang='lat' dir='ltr'><strong>tot</strong></span> <span class='ocrx_word' id='word_1_424' title='bbox 2512 3724 2817 3783; x_wconf 80' lang='lat' dir='ltr'><strong>editiones,</strong></span> <span class='ocrx_word' id='word_1_425' title='bbox 2882 3725 3024 3784; x_wconf 88' lang='lat' dir='ltr'><strong>Post</strong></span> 
     </span>
    </p>
   </div>
   <div class='ocr_carea' id='block_1_7' title="bbox 402 3809 3025 4511">
    <p class='ocr_par' dir='ltr' id='par_1_7' title="bbox 402 3809 3025 4511">
     <span class='ocr_line' id='line_1_77' title="bbox 405 3809 3023 3888; baseline 0.002 -21"><span class='ocrx_word' id='word_1_426' title='bbox 405 3810 596 3868; x_wconf 89' lang='lat' dir='ltr'><strong>lorum</strong></span> <span class='ocrx_word' id='word_1_427' title='bbox 627 3810 1018 3887; x_wconf 88' lang='lat' dir='ltr'><strong>guardianum</strong></span> <span class='ocrx_word' id='word_1_428' title='bbox 1067 3810 1280 3867; x_wconf 87' lang='lat' dir='ltr'><strong>rectori</strong></span> <span class='ocrx_word' id='word_1_429' title='bbox 1312 3809 1682 3867; x_wconf 84' lang='lat' dir='ltr'><strong>Jesuitarum</strong></span> <span class='ocrx_word' id='word_1_430' title='bbox 1737 3812 1866 3885; x_wconf 88' lang='lat' dir='ltr'><strong>ejus</strong></span> <span class='ocrx_word' id='word_1_431' title='bbox 1899 3816 2151 3869; x_wconf 89' lang='lat' dir='ltr'><strong>mortem</strong></span> <span class='ocrx_word' id='word_1_432' title='bbox 2183 3812 2438 3888; x_wconf 88' lang='lat' dir='ltr'><strong>prodiit:</strong></span> <span class='ocrx_word' id='word_1_433' title='bbox 2472 3812 2846 3872; x_wconf 67' lang='lat' dir='ltr'><strong>[tinet-arium</strong></span> <span class='ocrx_word' id='word_1_434' title='bbox 2863 3816 3023 3887; x_wconf 81' lang='lat' dir='ltr'><strong>filio·</strong></span> 
     </span>
     <span class='ocr_line' id='line_1_78' title="bbox 406 3897 3023 3978; baseline 0.002 -22"><span class='ocrx_word' id='word_1_435' title='bbox 406 3898 617 3956; x_wconf 83' lang='lat' dir='ltr'><strong>dixisse</strong></span> <span class='ocrx_word' id='word_1_436' title='bbox 650 3900 857 3967; x_wconf 86' lang='lat' dir='ltr'><strong>fertur,</strong></span> <span class='ocrx_word' id='word_1_437' title='bbox 906 3899 1001 3957; x_wconf 81' lang='lat' dir='ltr'><strong>vel</strong></span> <span class='ocrx_word' id='word_1_438' title='bbox 1047 3897 1329 3956; x_wconf 89' lang='lat' dir='ltr'><strong>Barradio</strong></span> <span class='ocrx_word' id='word_1_439' title='bbox 1375 3897 1682 3956; x_wconf 83' lang='lat' dir='ltr'><strong>conciones</strong></span> <span class='ocrx_word' id='word_1_440' title='bbox 1740 3918 1873 3957; x_wconf 83' lang='lat' dir='ltr'><strong>rum</strong></span> <span class='ocrx_word' id='word_1_441' title='bbox 1907 3899 2093 3957; x_wconf 80' lang='lat' dir='ltr'><strong>Israel</strong></span> <span class='ocrx_word' id='word_1_442' title='bbox 2133 3921 2201 3959; x_wconf 82' lang='lat' dir='ltr'><strong>ex</strong></span> <span class='ocrx_word' id='word_1_443' title='bbox 2236 3905 2507 3978; x_wconf 79' lang='lat' dir='ltr'><strong>Aegypto</strong></span> <span class='ocrx_word' id='word_1_444' title='bbox 2554 3903 2618 3960; x_wconf 92' lang='lat' dir='ltr'><strong>in</strong></span> <span class='ocrx_word' id='word_1_445' title='bbox 2662 3906 2881 3961; x_wconf 88' lang='lat' dir='ltr'><strong>terram</strong></span> <span class='ocrx_word' id='word_1_446' title='bbox 2932 3923 3023 3962; x_wconf 90' lang='lat' dir='ltr'><strong>re-</strong></span> 
     </span>
     <span class='ocr_line' id='line_1_79' title="bbox 405 3986 3022 4067; baseline 0.002 -23"><span class='ocrx_word' id='word_1_447' title='bbox 405 4005 529 4045; x_wconf 89' lang='lat' dir='ltr'><strong>esse</strong></span> <span class='ocrx_word' id='word_1_448' title='bbox 581 3987 1039 4055; x_wconf 84' lang='lat' dir='ltr'><strong>interdicendas,</strong></span> <span class='ocrx_word' id='word_1_449' title='bbox 1108 3986 1203 4045; x_wconf 85' lang='lat' dir='ltr'><strong>vel</strong></span> <span class='ocrx_word' id='word_1_450' title='bbox 1252 3986 1367 4044; x_wconf 89' lang='lat' dir='ltr'><strong>sibi</strong></span> <span class='ocrx_word' id='word_1_451' title='bbox 1417 3987 1685 4045; x_wconf 87' lang='lat' dir='ltr'><strong>subsidia</strong></span> <span class='ocrx_word' id='word_1_452' title='bbox 1738 3988 2167 4063; x_wconf 89' lang='lat' dir='ltr'><strong>promissionis,</strong></span> <span class='ocrx_word' id='word_1_453' title='bbox 2217 3992 2593 4067; x_wconf 85' lang='lat' dir='ltr'><strong>Antwerpiae</strong></span> <span class='ocrx_word' id='word_1_454' title='bbox 2642 4000 2806 4054; x_wconf 78' lang='lat'>1612</span> <span class='ocrx_word' id='word_1_455' title='bbox 2856 3993 2918 4050; x_wconf 92' lang='lat' dir='ltr'><strong>in</strong></span> <span class='ocrx_word' id='word_1_456' title='bbox 2951 3994 3022 4063; x_wconf 85' lang='lat' dir='ltr'><strong>f.;</strong></span> 
     </span>
     <span class='ocr_line' id='line_1_80' title="bbox 406 4075 3022 4151; baseline -0.003 -18"><span class='ocrx_word' id='word_1_457' title='bbox 406 4075 848 4151; x_wconf 82' lang='lat' dir='ltr'><strong>suppeditanda.</strong></span> <span class='ocrx_word' id='word_1_458' title='bbox 874 4076 1314 4148; x_wconf 83' lang='lat' dir='ltr'><strong>Nonnunquam</strong></span> <span class='ocrx_word' id='word_1_459' title='bbox 1339 4092 1522 4149; x_wconf 87' lang='lat' dir='ltr'><strong>pauca</strong></span> <span class='ocrx_word' id='word_1_460' title='bbox 1541 4075 1681 4132; x_wconf 87' lang='lat' dir='ltr'><strong>Bar·</strong></span> <span class='ocrx_word' id='word_1_461' title='bbox 1739 4076 2006 4135; x_wconf 88' lang='lat' dir='ltr'><strong>Coloniae</strong></span> <span class='ocrx_word' id='word_1_462' title='bbox 2064 4089 2219 4141; x_wconf 80' lang='grc'>1621</span> <span class='ocrx_word' id='word_1_463' title='bbox 2249 4098 2264 4150; x_wconf 87' lang='grc'>;</span> <span class='ocrx_word' id='word_1_464' title='bbox 2329 4079 2589 4138; x_wconf 77' lang='lat' dir='ltr'><strong>venetiis</strong></span> <span class='ocrx_word' id='word_1_465' title='bbox 2653 4091 2848 4150; x_wconf 79' lang='lat'>16233</span> <span class='ocrx_word' id='word_1_466' title='bbox 2900 4083 3022 4139; x_wconf 86' lang='lat' dir='ltr'><strong>Mo-</strong></span> 
     </span>
     <span class='ocr_line' id='line_1_81' title="bbox 404 4164 3025 4244; baseline 0.002 -22"><span class='ocrx_word' id='word_1_467' title='bbox 404 4165 574 4223; x_wconf 87' lang='lat' dir='ltr'><strong>radae</strong></span> <span class='ocrx_word' id='word_1_468' title='bbox 607 4165 806 4239; x_wconf 84' lang='lat' dir='ltr'><strong>verba,</strong></span> <span class='ocrx_word' id='word_1_469' title='bbox 825 4165 941 4222; x_wconf 90' lang='lat' dir='ltr'><strong>imo</strong></span> <span class='ocrx_word' id='word_1_470' title='bbox 963 4165 1059 4222; x_wconf 87' lang='lat' dir='ltr'><strong>vel</strong></span> <span class='ocrx_word' id='word_1_471' title='bbox 1079 4164 1242 4221; x_wconf 90' lang='lat' dir='ltr'><strong>solus</strong></span> <span class='ocrx_word' id='word_1_472' title='bbox 1263 4169 1537 4238; x_wconf 87' lang='lat' dir='ltr'><strong>aspectus</strong></span> <span class='ocrx_word' id='word_1_473' title='bbox 1558 4164 1680 4222; x_wconf 86' lang='lat' dir='ltr'><strong>suf·</strong></span> <span class='ocrx_word' id='word_1_474' title='bbox 1738 4167 1981 4241; x_wconf 88' lang='lat' dir='ltr'><strong>guntiae</strong></span> <span class='ocrx_word' id='word_1_475' title='bbox 2036 4178 2194 4230; x_wconf 74' lang='lat'><strong>1627</strong></span> <span class='ocrx_word' id='word_1_476' title='bbox 2224 4189 2236 4236; x_wconf 87' lang='lat'>;</span> <span class='ocrx_word' id='word_1_477' title='bbox 2282 4169 2559 4244; x_wconf 86' lang='lat' dir='ltr'><strong>Lugduni</strong></span> <span class='ocrx_word' id='word_1_478' title='bbox 2616 4179 2810 4231; x_wconf 80' lang='lat'><strong>1627:</strong></span> <span class='ocrx_word' id='word_1_479' title='bbox 2850 4171 3025 4243; x_wconf 85' lang='lat' dir='ltr'><strong>juxta</strong></span> 
     </span>
     <span class='ocr_line' id='line_1_82' title="bbox 404 4252 3022 4333; baseline 0.002 -23"><span class='ocrx_word' id='word_1_480' title='bbox 404 4252 722 4312; x_wconf 86' lang='lat' dir='ltr'><strong>ficiebatad</strong></span> <span class='ocrx_word' id='word_1_481' title='bbox 737 4252 1184 4312; x_wconf 86' lang='lat' dir='ltr'><strong>commovendos</strong></span> <span class='ocrx_word' id='word_1_482' title='bbox 1204 4252 1682 4310; x_wconf 80' lang='lat' dir='ltr'><strong>auditoreS.Tan·</strong></span> <span class='ocrx_word' id='word_1_483' title='bbox 1740 4255 2030 4314; x_wconf 86' lang='lat' dir='ltr'><strong>Calmet</strong></span> <span class='ocrx_word' id='word_1_484' title='bbox 2086 4258 2393 4326; x_wconf 78' lang='lat' dir='ltr'><strong>,omnium</strong></span> <span class='ocrx_word' id='word_1_485' title='bbox 2450 4260 2747 4333; x_wconf 82' lang='lat' dir='ltr'><strong>quotquot</strong></span> <span class='ocrx_word' id='word_1_486' title='bbox 2797 4259 2868 4316; x_wconf 88' lang='lat' dir='ltr'><strong>ab</strong></span> <span class='ocrx_word' id='word_1_487' title='bbox 2920 4259 3022 4316; x_wconf 89' lang='lat' dir='ltr'><strong>illo</strong></span> 
     </span>
     <span class='ocr_line' id='line_1_83' title="bbox 402 4341 3022 4422; baseline 0.001 -21"><span class='ocrx_word' id='word_1_488' title='bbox 402 4344 522 4401; x_wconf 86' lang='lat' dir='ltr'><strong>tam</strong></span> <span class='ocrx_word' id='word_1_489' title='bbox 555 4343 685 4401; x_wconf 81' lang='lat' dir='ltr'><strong>voci</strong></span> <span class='ocrx_word' id='word_1_490' title='bbox 716 4342 972 4418; x_wconf 88' lang='lat' dir='ltr'><strong>gratiam</strong></span> <span class='ocrx_word' id='word_1_491' title='bbox 1004 4344 1064 4400; x_wconf 90' lang='lat' dir='ltr'><strong>et</strong></span> <span class='ocrx_word' id='word_1_492' title='bbox 1095 4341 1409 4400; x_wconf 84' lang='lat' dir='ltr'><strong>efficaciam</strong></span> <span class='ocrx_word' id='word_1_493' title='bbox 1431 4341 1685 4399; x_wconf 85' lang='lat' dir='ltr'><strong>addebat</strong></span> <span class='ocrx_word' id='word_1_494' title='bbox 1740 4342 2026 4402; x_wconf 88' lang='lat' dir='ltr'><strong>adornata</strong></span> <span class='ocrx_word' id='word_1_495' title='bbox 2042 4346 2262 4404; x_wconf 88' lang='lat' dir='ltr'><strong>suntin</strong></span> <span class='ocrx_word' id='word_1_496' title='bbox 2279 4366 2323 4407; x_wconf 78' lang='lat' dir='ltr'><strong>s,</strong></span> <span class='ocrx_word' id='word_1_497' title='bbox 2343 4347 2710 4422; x_wconf 81' lang='lat' dir='ltr'><strong>Scripturam</strong></span> <span class='ocrx_word' id='word_1_498' title='bbox 2725 4347 3022 4404; x_wconf 81' lang='lat' dir='ltr'><strong>eximium.</strong></span> 
     </span>
     <span class='ocr_line' id='line_1_84' title="bbox 404 4430 2598 4511; baseline 0.001 -22"><span class='ocrx_word' id='word_1_499' title='bbox 404 4432 607 4501; x_wconf 88' lang='lat' dir='ltr'><strong>orati0‚</strong></span> <span class='ocrx_word' id='word_1_500' title='bbox 644 4432 740 4489; x_wconf 90' lang='lat' dir='ltr'><strong>cui</strong></span> <span class='ocrx_word' id='word_1_501' title='bbox 774 4432 922 4489; x_wconf 89' lang='lat' dir='ltr'><strong>mire</strong></span> <span class='ocrx_word' id='word_1_502' title='bbox 954 4430 1191 4488; x_wconf 90' lang='lat' dir='ltr'><strong>deditus</strong></span> <span class='ocrx_word' id='word_1_503' title='bbox 1224 4434 1369 4498; x_wconf 91' lang='lat' dir='ltr'><strong>erat,</strong></span> <span class='ocrx_word' id='word_1_504' title='bbox 1405 4432 1464 4486; x_wconf 93' lang='lat' dir='ltr'><strong>et</strong></span> <span class='ocrx_word' id='word_1_505' title='bbox 1495 4433 1681 4487; x_wconf 81' lang='lat' dir='ltr'><strong>extre·</strong></span> <span class='ocrx_word' id='word_1_506' title='bbox 1739 4431 2068 4491; x_wconf 87' lang='lat' dir='ltr'><strong>Historiam</strong></span> <span class='ocrx_word' id='word_1_507' title='bbox 2100 4435 2307 4493; x_wconf 87' lang='lat' dir='ltr'><strong>morali</strong></span> <span class='ocrx_word' id='word_1_508' title='bbox 2334 4436 2598 4511; x_wconf 72' lang='lat' dir='ltr'><strong>jungit‘</strong></span> 
     </span>
    </p>
   </div>
   <div class='ocr_carea' id='block_1_8' title="bbox 403 4517 1684 4764">
    <p class='ocr_par' dir='ltr' id='par_1_8' title="bbox 403 4517 1684 4764">
     <span class='ocr_line' id='line_1_85' title="bbox 403 4517 1682 4592; baseline -0.002 -15"><span class='ocrx_word' id='word_1_509' title='bbox 403 4521 513 4579; x_wconf 90' lang='lat' dir='ltr'><strong>mis</strong></span> <span class='ocrx_word' id='word_1_510' title='bbox 546 4521 706 4579; x_wconf 81' lang='lat' dir='ltr'><strong>vitae</strong></span> <span class='ocrx_word' id='word_1_511' title='bbox 738 4520 910 4577; x_wconf 82' lang='lat' dir='ltr'><strong>annis</strong></span> <span class='ocrx_word' id='word_1_512' title='bbox 943 4538 1079 4576; x_wconf 89' lang='lat' dir='ltr'><strong>eum</strong></span> <span class='ocrx_word' id='word_1_513' title='bbox 1111 4519 1283 4576; x_wconf 87' lang='lat' dir='ltr'><strong>horas</strong></span> <span class='ocrx_word' id='word_1_514' title='bbox 1323 4517 1589 4592; x_wconf 89' lang='lat' dir='ltr'><strong>quotidie</strong></span> <span class='ocrx_word' id='word_1_515' title='bbox 1622 4518 1682 4575; x_wconf 93' lang='lat' dir='ltr'><strong>in</strong></span> 
     </span>
     <span class='ocr_line' id='line_1_86' title="bbox 404 4607 1684 4682; baseline -0.002 -17"><span class='ocrx_word' id='word_1_516' title='bbox 404 4609 504 4667; x_wconf 87' lang='lat' dir='ltr'><strong>illa</strong></span> <span class='ocrx_word' id='word_1_517' title='bbox 538 4609 856 4667; x_wconf 77' lang='lat' dir='ltr'><strong>collocasse</strong></span> <span class='ocrx_word' id='word_1_518' title='bbox 900 4608 1203 4665; x_wconf 87' lang='lat' dir='ltr'><strong>duodenas</strong></span> <span class='ocrx_word' id='word_1_519' title='bbox 1250 4607 1473 4682; x_wconf 87' lang='lat' dir='ltr'><strong>legitur</strong></span> <span class='ocrx_word' id='word_1_520' title='bbox 1518 4610 1684 4664; x_wconf 83' lang='lat' dir='ltr'><strong>tanta</strong></span> 
     </span>
     <span class='ocr_line' id='line_1_87' title="bbox 403 4695 1683 4764; baseline -0.001 -10"><span class='ocrx_word' id='word_1_521' title='bbox 403 4697 748 4756; x_wconf 85' lang='lat' dir='ltr'><strong>collectione</strong></span> <span class='ocrx_word' id='word_1_522' title='bbox 795 4696 1030 4764; x_wconf 86' lang='lat' dir='ltr'><strong>virium,</strong></span> <span class='ocrx_word' id='word_1_523' title='bbox 1079 4700 1212 4753; x_wconf 90' lang='lat' dir='ltr'><strong>uta</strong></span> <span class='ocrx_word' id='word_1_524' title='bbox 1243 4695 1516 4753; x_wconf 90' lang='lat' dir='ltr'><strong>sensibus</strong></span> <span class='ocrx_word' id='word_1_525' title='bbox 1564 4714 1683 4753; x_wconf 91' lang='lat' dir='ltr'><strong>non</strong></span> 
     </span>
    </p>
   </div>
   <div class='ocr_carea' id='block_1_9' title="bbox 1821 4727 3020 4798">
    <p class='ocr_par' dir='ltr' id='par_1_9' title="bbox 1821 4727 3020 4798">
     <span class='ocr_line' id='line_1_88' title="bbox 1821 4727 3020 4798; baseline 0.005 -17"><span class='ocrx_word' id='word_1_526' title='bbox 1821 4734 1852 4791; x_wconf 89' lang='lat'><strong>¹)</strong></span> <span class='ocrx_word' id='word_1_527' title='bbox 1884 4727 1963 4781; x_wconf 86' lang='lat' dir='ltr'><strong>Cf.</strong></span> <span class='ocrx_word' id='word_1_528' title='bbox 1995 4728 2308 4782; x_wconf 85' lang='lat' dir='ltr'><strong>Sotvellum</strong></span> <span class='ocrx_word' id='word_1_529' title='bbox 2339 4728 2481 4783; x_wconf 89' lang='lat' dir='ltr'><strong>Bibl.</strong></span> <span class='ocrx_word' id='word_1_530' title='bbox 2525 4729 2714 4798; x_wconf 86' lang='lat' dir='ltr'><strong>script.</strong></span> <span class='ocrx_word' id='word_1_531' title='bbox 2746 4730 2797 4785; x_wconf 86' lang='lat' dir='ltr'><strong>S.</strong></span> <span class='ocrx_word' id='word_1_532' title='bbox 2826 4730 2908 4795; x_wconf 86' lang='grc'><strong>.].;</strong></span> <span class='ocrx_word' id='word_1_533' title='bbox 2951 4729 3020 4788; x_wconf 87' lang='grc' dir='ltr'><strong>Ν.</strong></span> 
     </span>
    </p>
   </div>
   <div class='ocr_carea' id='block_1_10' title="bbox 403 4783 2970 4870">
    <p class='ocr_par' dir='ltr' id='par_1_10' title="bbox 403 4783 2970 4870">
     <span class='ocr_line' id='line_1_89' title="bbox 403 4783 2970 4870; baseline 0.001 -27"><span class='ocrx_word' id='word_1_534' title='bbox 403 4804 533 4844; x_wconf 82' lang='lat' dir='ltr'><strong>raro</strong></span> <span class='ocrx_word' id='word_1_535' title='bbox 579 4789 1003 4844; x_wconf 85' lang='lat' dir='ltr'><strong>externaretur.</strong></span> <span class='ocrx_word' id='word_1_536' title='bbox 1052 4783 1273 4843; x_wconf 87' lang='lat' dir='ltr'><strong>Medico</strong></span> <span class='ocrx_word' id='word_1_537' title='bbox 1308 4783 1682 4843; x_wconf 89' lang='lat' dir='ltr'><strong>submonenti</strong></span> <span class='ocrx_word' id='word_1_538' title='bbox 1739 4799 2053 4852; x_wconf 83' lang='lat' dir='ltr'><strong>Antonium</strong></span> <span class='ocrx_word' id='word_1_539' title='bbox 2083 4800 2148 4863; x_wconf 70' lang='grc' dir='ltr'><strong>Π,</strong></span> <span class='ocrx_word' id='word_1_540' title='bbox 2176 4804 2308 4857; x_wconf 76' lang='lat'><strong>278:</strong></span> <span class='ocrx_word' id='word_1_541' title='bbox 2339 4800 2755 4870; x_wconf 80' lang='lat' dir='ltr'><strong>Sommervogel</strong></span> <span class='ocrx_word' id='word_1_542' title='bbox 2785 4803 2823 4867; x_wconf 81' lang='lat'><strong>1,</strong></span> <span class='ocrx_word' id='word_1_543' title='bbox 2851 4805 2970 4856; x_wconf 82' lang='lat'><strong>911.</strong></span> 
     </span>
    </p>
   </div>
   <div class='ocr_carea' id='block_1_11' title="bbox 622 4893 1438 4950">
    <p class='ocr_par' dir='ltr' id='par_1_11' title="bbox 622 4893 1438 4950">
     <span class='ocr_line' id='line_1_90' title="bbox 622 4893 1438 4950; baseline 0.004 -10"><span class='ocrx_word' id='word_1_544' title='bbox 622 4895 811 4950; x_wconf 82' lang='lat' dir='ltr'><strong>Hurter‚</strong></span> <span class='ocrx_word' id='word_1_545' title='bbox 840 4893 1168 4941; x_wconf 83' lang='lat' dir='ltr'><strong>Nomenclator</strong></span> <span class='ocrx_word' id='word_1_546' title='bbox 1193 4894 1256 4940; x_wconf 87' lang='lat'><strong>111</strong></span> <span class='ocrx_word' id='word_1_547' title='bbox 1285 4895 1357 4940; x_wconf 85' lang='lat' dir='ltr'><strong>ed.</strong></span> <span class='ocrx_word' id='word_1_548' title='bbox 1392 4896 1438 4943; x_wconf 82' lang='lat'><strong>3.</strong></span> 
     </span>
    </p>
   </div>
   <div class='ocr_carea' id='block_1_12' title="bbox 2600 4896 2666 4946">
    <p class='ocr_par' dir='ltr' id='par_1_12' title="bbox 2600 4896 2666 4946">
     <span class='ocr_line' id='line_1_91' title="bbox 2600 4896 2666 4946; baseline 0 0"><span class='ocrx_word' id='word_1_549' title='bbox 2600 4896 2666 4946; x_wconf 78' lang='lat'><strong>16</strong></span> 
     </span>
    </p>
   </div>
  </div>
 </body>
</html>
