<?xml version="1.0" encoding="UTF-8"?>
<!DOCTYPE html PUBLIC "-//W3C//DTD XHTML 1.0 Transitional//EN"
    "http://www.w3.org/TR/xhtml1/DTD/xhtml1-transitional.dtd">
<html xmlns="http://www.w3.org/1999/xhtml" xml:lang="en" lang="en">
 <head>
  <title>
</title>
<meta http-equiv="Content-Type" content="text/html;charset=utf-8" />
  <meta name='ocr-system' content='tesseract 3.04.00' />
  <meta name='ocr-capabilities' content='ocr_page ocr_carea ocr_par ocr_line ocrx_word'/>
</head>
<body>
  <div class='ocr_page' id='page_1' title='image "./nomenclatorlite11hurtgoog_0467.png"; bbox 0 0 3625 5193; ppageno 0'>
   <div class='ocr_carea' id='block_1_1' title="bbox 460 247 582 300">
    <p class='ocr_par' dir='ltr' id='par_1_1' title="bbox 460 247 582 300">
     <span class='ocr_line' id='line_1_1' title="bbox 460 247 582 300; baseline -0.008 0"><span class='ocrx_word' id='word_1_1' title='bbox 460 247 582 300; x_wconf 76' lang='lat'>917</span> 
     </span>
    </p>
   </div>
   <div class='ocr_carea' id='block_1_2' title="bbox 987 224 2555 296">
    <p class='ocr_par' dir='ltr' id='par_1_2' title="bbox 987 224 2555 296">
     <span class='ocr_line' id='line_1_2' title="bbox 987 224 2555 296; baseline 0.001 -18"><span class='ocrx_word' id='word_1_2' title='bbox 987 224 1183 291; x_wconf 81' lang='lat' dir='ltr'>villar,</span> <span class='ocrx_word' id='word_1_3' title='bbox 1210 225 1490 296; x_wconf 80' lang='lat' dir='ltr'>Baptista,</span> <span class='ocrx_word' id='word_1_4' title='bbox 1515 226 1674 292; x_wconf 84' lang='lat' dir='ltr'>Ruiz‚</span> <span class='ocrx_word' id='word_1_5' title='bbox 1702 225 1936 290; x_wconf 79' lang='lat' dir='ltr'>OviedO,</span> <span class='ocrx_word' id='word_1_6' title='bbox 1965 227 2030 281; x_wconf 83' lang='lat' dir='ltr'>A.</span> <span class='ocrx_word' id='word_1_7' title='bbox 2058 243 2092 279; x_wconf 87' lang='lat' dir='ltr'>a</span> <span class='ocrx_word' id='word_1_8' title='bbox 2117 225 2294 279; x_wconf 82' lang='lat' dir='ltr'>Matre</span> <span class='ocrx_word' id='word_1_9' title='bbox 2320 226 2423 280; x_wconf 89' lang='lat' dir='ltr'>Dei</span> <span class='ocrx_word' id='word_1_10' title='bbox 2450 229 2555 287; x_wconf 82' lang='lat' dir='ltr'>etc,</span> 
     </span>
    </p>
   </div>
   <div class='ocr_carea' id='block_1_3' title="bbox 2958 246 3082 300">
    <p class='ocr_par' dir='ltr' id='par_1_3' title="bbox 2958 246 3082 300">
     <span class='ocr_line' id='line_1_3' title="bbox 2958 246 3082 300; baseline 0.04 -5"><span class='ocrx_word' id='word_1_11' title='bbox 2958 246 3082 300; x_wconf 73' lang='lat'>918</span> 
     </span>
    </p>
   </div>
   <div class='ocr_carea' id='block_1_4' title="bbox 456 407 3084 674">
    <p class='ocr_par' dir='ltr' id='par_1_4' title="bbox 456 407 3084 674">
     <span class='ocr_line' id='line_1_4' title="bbox 463 407 3084 495; baseline -0.002 -18"><span class='ocrx_word' id='word_1_12' title='bbox 463 425 516 479; x_wconf 88' lang='grc'>2.</span> <span class='ocrx_word' id='word_1_13' title='bbox 556 423 624 485; x_wconf 89' lang='grc'>2;</span> <span class='ocrx_word' id='word_1_14' title='bbox 661 423 716 475; x_wconf 90' lang='grc'>3.</span> <span class='ocrx_word' id='word_1_15' title='bbox 763 433 820 489; x_wconf 87' lang='lat' dir='ltr'>p.</span> <span class='ocrx_word' id='word_1_16' title='bbox 868 407 948 492; x_wconf 89' lang='lat' dir='ltr'>(q.</span> <span class='ocrx_word' id='word_1_17' title='bbox 986 411 1273 495; x_wconf 83' lang='lat'>60—83)</span> <span class='ocrx_word' id='word_1_18' title='bbox 1318 417 1360 471; x_wconf 93' lang='lat' dir='ltr'>t.</span> <span class='ocrx_word' id='word_1_19' title='bbox 1403 425 1477 474; x_wconf 89' lang='lat'>10</span> <span class='ocrx_word' id='word_1_20' title='bbox 1525 413 1588 470; x_wconf 91' lang='lat' dir='ltr'>in</span> <span class='ocrx_word' id='word_1_21' title='bbox 1646 422 1741 476; x_wconf 90' lang='lat'>12.</span> <span class='ocrx_word' id='word_1_22' title='bbox 1800 413 2103 483; x_wconf 89' lang='lat' dir='ltr'>morensis,</span> <span class='ocrx_word' id='word_1_23' title='bbox 2151 412 2386 488; x_wconf 90' lang='lat' dir='ltr'>collegii</span> <span class='ocrx_word' id='word_1_24' title='bbox 2432 430 2478 470; x_wconf 91' lang='lat' dir='ltr'>s.</span> <span class='ocrx_word' id='word_1_25' title='bbox 2523 413 2777 471; x_wconf 84' lang='lat' dir='ltr'>Thomae</span> <span class='ocrx_word' id='word_1_26' title='bbox 2822 415 3084 490; x_wconf 90' lang='lat' dir='ltr'>complu-</span> 
     </span>
     <span class='ocr_line' id='line_1_5' title="bbox 456 501 3082 579; baseline -0.001 -16"><span class='ocrx_word' id='word_1_27' title='bbox 456 505 672 563; x_wconf 85' lang='lat' dir='ltr'>Romae</span> <span class='ocrx_word' id='word_1_28' title='bbox 714 511 1163 564; x_wconf 84' lang='lat'>1653—1662.</span> <span class='ocrx_word' id='word_1_29' title='bbox 1198 536 1280 547; x_wconf 89' lang='lat'>-</span> <span class='ocrx_word' id='word_1_30' title='bbox 1316 503 1567 561; x_wconf 79' lang='lat' dir='ltr'>Thomas</span> <span class='ocrx_word' id='word_1_31' title='bbox 1593 503 1742 561; x_wconf 90' lang='lat' dir='ltr'>Vil-</span> <span class='ocrx_word' id='word_1_32' title='bbox 1799 501 1989 561; x_wconf 89' lang='lat' dir='ltr'>tensis</span> <span class='ocrx_word' id='word_1_33' title='bbox 2027 501 2337 577; x_wconf 86' lang='lat' dir='ltr'>professor</span> <span class='ocrx_word' id='word_1_34' title='bbox 2382 502 2704 577; x_wconf 87' lang='lat' dir='ltr'>primarius</span> <span class='ocrx_word' id='word_1_35' title='bbox 2747 505 2809 561; x_wconf 90' lang='lat' dir='ltr'>et</span> <span class='ocrx_word' id='word_1_36' title='bbox 2853 521 3082 579; x_wconf 88' lang='lat' dir='ltr'>regens,</span> 
     </span>
     <span class='ocr_line' id='line_1_6' title="bbox 460 587 3083 674; baseline -0.001 -22"><span class='ocrx_word' id='word_1_37' title='bbox 460 594 574 652; x_wconf 90' lang='lat' dir='ltr'>lar</span> <span class='ocrx_word' id='word_1_38' title='bbox 605 591 920 651; x_wconf 82' lang='lat' dir='ltr'>Catalanus</span> <span class='ocrx_word' id='word_1_39' title='bbox 963 587 1020 672; x_wconf 93' lang='grc'>(8</span> <span class='ocrx_word' id='word_1_40' title='bbox 1053 591 1201 649; x_wconf 85' lang='lat' dir='ltr'>Vich</span> <span class='ocrx_word' id='word_1_41' title='bbox 1245 592 1318 650; x_wconf 90' lang='lat' dir='ltr'>de</span> <span class='ocrx_word' id='word_1_42' title='bbox 1347 587 1617 674; x_wconf 78' lang='lat' dir='ltr'>Ausona)</span> <span class='ocrx_word' id='word_1_43' title='bbox 1652 591 1744 651; x_wconf 86' lang='lat' dir='ltr'>vir</span> <span class='ocrx_word' id='word_1_44' title='bbox 1799 591 1958 649; x_wconf 90' lang='lat' dir='ltr'>inter</span> <span class='ocrx_word' id='word_1_45' title='bbox 1987 590 2344 667; x_wconf 86' lang='lat' dir='ltr'>theologicas</span> <span class='ocrx_word' id='word_1_46' title='bbox 2377 589 2810 666; x_wconf 76' lang='lat' dir='ltr'><strong>disputationes</strong></span> <span class='ocrx_word' id='word_1_47' title='bbox 2842 613 2877 650; x_wconf 88' lang='lat' dir='ltr'>a</span> <span class='ocrx_word' id='word_1_48' title='bbox 2901 611 3083 667; x_wconf 85' lang='lat' dir='ltr'>puero</span> 
     </span>
    </p>
   </div>
   <div class='ocr_carea' id='block_1_5' title="bbox 448 680 1744 4590">
    <p class='ocr_par' dir='ltr' id='par_1_5' title="bbox 448 680 1744 4590">
     <span class='ocr_line' id='line_1_7' title="bbox 458 680 1743 740; baseline -0.002 0"><span class='ocrx_word' id='word_1_49' title='bbox 458 683 667 740; x_wconf 88' lang='lat' dir='ltr'>doctus</span> <span class='ocrx_word' id='word_1_50' title='bbox 715 683 778 738; x_wconf 91' lang='lat' dir='ltr'>et</span> <span class='ocrx_word' id='word_1_51' title='bbox 823 680 885 738; x_wconf 90' lang='lat' dir='ltr'>in</span> <span class='ocrx_word' id='word_1_52' title='bbox 934 680 1257 739; x_wconf 79' lang='lat' dir='ltr'>enodandis</span> <span class='ocrx_word' id='word_1_53' title='bbox 1300 681 1468 739; x_wconf 90' lang='lat' dir='ltr'>nodis</span> <span class='ocrx_word' id='word_1_54' title='bbox 1515 682 1743 740; x_wconf 90' lang='lat' dir='ltr'>theolo-</span> 
     </span>
     <span class='ocr_line' id='line_1_8' title="bbox 457 765 1740 852; baseline 0 -23"><span class='ocrx_word' id='word_1_55' title='bbox 457 770 696 848; x_wconf 88' lang='lat' dir='ltr'>galibus</span> <span class='ocrx_word' id='word_1_56' title='bbox 743 772 970 838; x_wconf 85' lang='lat' dir='ltr'>acutus,</span> <span class='ocrx_word' id='word_1_57' title='bbox 1022 770 1216 828; x_wconf 89' lang='lat' dir='ltr'>clarus</span> <span class='ocrx_word' id='word_1_58' title='bbox 1255 774 1317 828; x_wconf 91' lang='lat' dir='ltr'>et</span> <span class='ocrx_word' id='word_1_59' title='bbox 1349 770 1659 845; x_wconf 85' lang='lat' dir='ltr'>expeditus</span> <span class='ocrx_word' id='word_1_60' title='bbox 1674 765 1740 852; x_wconf 76' lang='grc' dir='ltr'>ι),</span> 
     </span>
     <span class='ocr_line' id='line_1_9' title="bbox 458 859 1741 936; baseline 0.002 -17"><span class='ocrx_word' id='word_1_61' title='bbox 458 860 645 919; x_wconf 81' lang='lat' dir='ltr'>edidit</span> <span class='ocrx_word' id='word_1_62' title='bbox 665 859 937 917; x_wconf 79' lang='lat' dir='ltr'><strong><em>Summae</em></strong></span> <span class='ocrx_word' id='word_1_63' title='bbox 956 860 1478 917; x_wconf 78' lang='lat' dir='ltr'>controversiarum</span> <span class='ocrx_word' id='word_1_64' title='bbox 1508 860 1572 918; x_wconf 90' lang='lat' dir='ltr'>in</span> <span class='ocrx_word' id='word_1_65' title='bbox 1612 872 1664 922; x_wconf 87' lang='lat'>1.</span> <span class='ocrx_word' id='word_1_66' title='bbox 1686 880 1741 936; x_wconf 89' lang='lat' dir='ltr'>p.</span> 
     </span>
     <span class='ocr_line' id='line_1_10' title="bbox 457 946 1740 1030; baseline 0.002 -24"><span class='ocrx_word' id='word_1_67' title='bbox 457 954 500 1007; x_wconf 85' lang='lat' dir='ltr'>t.</span> <span class='ocrx_word' id='word_1_68' title='bbox 529 959 561 1010; x_wconf 86' lang='lat'>2</span> <span class='ocrx_word' id='word_1_69' title='bbox 584 949 650 1006; x_wconf 92' lang='lat' dir='ltr'>in</span> <span class='ocrx_word' id='word_1_70' title='bbox 675 955 747 1018; x_wconf 87' lang='grc'>8.,</span> <span class='ocrx_word' id='word_1_71' title='bbox 768 947 1095 1006; x_wconf 89' lang='lat' dir='ltr'>Barcinone</span> <span class='ocrx_word' id='word_1_72' title='bbox 1121 956 1287 1010; x_wconf 89' lang='grc'>1638</span> <span class='ocrx_word' id='word_1_73' title='bbox 1309 951 1370 1006; x_wconf 90' lang='lat' dir='ltr'>et</span> <span class='ocrx_word' id='word_1_74' title='bbox 1397 958 1561 1010; x_wconf 90' lang='grc'>1646</span> <span class='ocrx_word' id='word_1_75' title='bbox 1589 946 1740 1030; x_wconf 88' lang='lat' dir='ltr'>(scil.</span> 
     </span>
     <span class='ocr_line' id='line_1_11' title="bbox 458 1037 1744 1112; baseline -0.001 -16"><span class='ocrx_word' id='word_1_76' title='bbox 458 1037 884 1096; x_wconf 83' lang='lat' dir='ltr'>controversiae</span> <span class='ocrx_word' id='word_1_77' title='bbox 940 1045 1061 1099; x_wconf 85' lang='lat'>103</span> <span class='ocrx_word' id='word_1_78' title='bbox 1114 1037 1178 1094; x_wconf 94' lang='lat' dir='ltr'>in</span> <span class='ocrx_word' id='word_1_79' title='bbox 1229 1055 1323 1112; x_wconf 90' lang='lat' dir='ltr'>qq.</span> <span class='ocrx_word' id='word_1_80' title='bbox 1385 1047 1629 1108; x_wconf 88' lang='lat'><strong>1—23;</strong></span> <span class='ocrx_word' id='word_1_81' title='bbox 1680 1041 1744 1096; x_wconf 90' lang='lat' dir='ltr'>et</span> 
     </span>
     <span class='ocr_line' id='line_1_12' title="bbox 458 1125 1740 1206; baseline -0.001 -20"><span class='ocrx_word' id='word_1_82' title='bbox 458 1130 718 1187; x_wconf 80' lang='lat' dir='ltr'>controv.</span> <span class='ocrx_word' id='word_1_83' title='bbox 747 1136 867 1188; x_wconf 89' lang='grc'>100</span> <span class='ocrx_word' id='word_1_84' title='bbox 891 1126 954 1183; x_wconf 89' lang='lat' dir='ltr'>in</span> <span class='ocrx_word' id='word_1_85' title='bbox 974 1144 1069 1200; x_wconf 91' lang='lat' dir='ltr'>qq.</span> <span class='ocrx_word' id='word_1_86' title='bbox 1096 1125 1412 1206; x_wconf 86' lang='lat'>27—64);</span> <span class='ocrx_word' id='word_1_87' title='bbox 1446 1131 1489 1185; x_wconf 89' lang='lat' dir='ltr'>t.</span> <span class='ocrx_word' id='word_1_88' title='bbox 1514 1137 1569 1190; x_wconf 87' lang='grc'>3.</span> <span class='ocrx_word' id='word_1_89' title='bbox 1602 1143 1740 1186; x_wconf 90' lang='lat' dir='ltr'>con-</span> 
     </span>
     <span class='ocr_line' id='line_1_13' title="bbox 460 1214 1742 1275; baseline 0.002 -2"><span class='ocrx_word' id='word_1_90' title='bbox 460 1215 883 1274; x_wconf 77' lang='lat' dir='ltr'>troversiarum</span> <span class='ocrx_word' id='word_1_91' title='bbox 929 1214 992 1272; x_wconf 91' lang='lat' dir='ltr'>in</span> <span class='ocrx_word' id='word_1_92' title='bbox 1034 1225 1082 1275; x_wconf 92' lang='lat' dir='ltr'>l.</span> <span class='ocrx_word' id='word_1_93' title='bbox 1120 1224 1173 1275; x_wconf 86' lang='lat'>2.</span> <span class='ocrx_word' id='word_1_94' title='bbox 1208 1233 1342 1273; x_wconf 87' lang='lat' dir='ltr'>cum</span> <span class='ocrx_word' id='word_1_95' title='bbox 1383 1220 1642 1275; x_wconf 87' lang='lat' dir='ltr'>tractatu</span> <span class='ocrx_word' id='word_1_96' title='bbox 1673 1218 1742 1275; x_wconf 82' lang='lat' dir='ltr'>de</span> 
     </span>
     <span class='ocr_line' id='line_1_14' title="bbox 457 1303 1741 1382; baseline 0.001 -20"><span class='ocrx_word' id='word_1_97' title='bbox 457 1305 817 1377; x_wconf 78' lang='lat' dir='ltr'>conscientia,</span> <span class='ocrx_word' id='word_1_98' title='bbox 850 1303 928 1364; x_wconf 91' lang='lat' dir='ltr'>ib.</span> <span class='ocrx_word' id='word_1_99' title='bbox 960 1313 1120 1366; x_wconf 81' lang='grc'>1647</span> <span class='ocrx_word' id='word_1_100' title='bbox 1156 1305 1219 1362; x_wconf 92' lang='lat' dir='ltr'>in</span> <span class='ocrx_word' id='word_1_101' title='bbox 1247 1314 1300 1367; x_wconf 88' lang='lat'>8.</span> <span class='ocrx_word' id='word_1_102' title='bbox 1334 1306 1645 1382; x_wconf 86' lang='lat' dir='ltr'>Theologis</span> <span class='ocrx_word' id='word_1_103' title='bbox 1676 1306 1741 1363; x_wconf 92' lang='lat' dir='ltr'>in</span> 
     </span>
     <span class='ocr_line' id='line_1_15' title="bbox 456 1392 1739 1468; baseline 0.002 -17"><span class='ocrx_word' id='word_1_104' title='bbox 456 1412 519 1451; x_wconf 92' lang='lat' dir='ltr'>re</span> <span class='ocrx_word' id='word_1_105' title='bbox 548 1393 757 1452; x_wconf 85' lang='lat' dir='ltr'>morali</span> <span class='ocrx_word' id='word_1_106' title='bbox 802 1392 1085 1468; x_wconf 81' lang='lat' dir='ltr'>gravibus</span> <span class='ocrx_word' id='word_1_107' title='bbox 1130 1398 1485 1452; x_wconf 78' lang='lat' dir='ltr'>accensetur.</span> <span class='ocrx_word' id='word_1_108' title='bbox 1516 1427 1605 1438; x_wconf 89' lang='lat'>-</span> <span class='ocrx_word' id='word_1_109' title='bbox 1636 1395 1675 1453; x_wconf 83' lang='lat' dir='ltr'><strong>J</strong></span> <span class='ocrx_word' id='word_1_110' title='bbox 1679 1413 1739 1453; x_wconf 93' lang='lat' dir='ltr'>o-</span> 
     </span>
     <span class='ocr_line' id='line_1_16' title="bbox 457 1481 1736 1558; baseline 0.001 -18"><span class='ocrx_word' id='word_1_111' title='bbox 457 1482 598 1540; x_wconf 90' lang='lat' dir='ltr'>anni</span> <span class='ocrx_word' id='word_1_112' title='bbox 643 1481 996 1556; x_wconf 87' lang='lat' dir='ltr'>Ildephonso</span> <span class='ocrx_word' id='word_1_113' title='bbox 1040 1483 1454 1558; x_wconf 78' lang='lat' dir='ltr'>Baptistae</span> <span class='ocrx_word' id='word_1_114' title='bbox 1499 1483 1736 1543; x_wconf 85' lang='lat' dir='ltr'>Caesar-</span> 
     </span>
     <span class='ocr_line' id='line_1_17' title="bbox 456 1570 1739 1648; baseline 0.001 -19"><span class='ocrx_word' id='word_1_115' title='bbox 456 1574 791 1647; x_wconf 88' lang='lat' dir='ltr'>augustano</span> <span class='ocrx_word' id='word_1_116' title='bbox 837 1570 1161 1646; x_wconf 89' lang='lat' dir='ltr'>capitulum</span> <span class='ocrx_word' id='word_1_117' title='bbox 1210 1573 1482 1648; x_wconf 89' lang='lat' dir='ltr'>generale</span> <span class='ocrx_word' id='word_1_118' title='bbox 1514 1573 1739 1631; x_wconf 88' lang='lat' dir='ltr'>ordinis</span> 
     </span>
     <span class='ocr_line' id='line_1_18' title="bbox 457 1661 1740 1737; baseline 0.002 -20"><span class='ocrx_word' id='word_1_119' title='bbox 457 1661 672 1719; x_wconf 86' lang='lat' dir='ltr'>Romae</span> <span class='ocrx_word' id='word_1_120' title='bbox 700 1668 864 1722; x_wconf 86' lang='grc'>1644</span> <span class='ocrx_word' id='word_1_121' title='bbox 887 1663 1155 1718; x_wconf 88' lang='lat' dir='ltr'>coactum</span> <span class='ocrx_word' id='word_1_122' title='bbox 1187 1700 1214 1729; x_wconf 85' lang='lat'>,</span> <span class='ocrx_word' id='word_1_123' title='bbox 1228 1661 1291 1719; x_wconf 89' lang='lat' dir='ltr'>in</span> <span class='ocrx_word' id='word_1_124' title='bbox 1310 1662 1537 1720; x_wconf 81' lang='lat' dir='ltr'>virtute</span> <span class='ocrx_word' id='word_1_125' title='bbox 1558 1662 1740 1737; x_wconf 86' lang='lat' dir='ltr'>Spiri-</span> 
     </span>
     <span class='ocr_line' id='line_1_19' title="bbox 456 1749 1741 1810; baseline 0.002 -3"><span class='ocrx_word' id='word_1_126' title='bbox 456 1752 559 1807; x_wconf 86' lang='lat' dir='ltr'>tus</span> <span class='ocrx_word' id='word_1_127' title='bbox 612 1767 653 1807; x_wconf 90' lang='lat' dir='ltr'>s.</span> <span class='ocrx_word' id='word_1_128' title='bbox 700 1751 762 1806; x_wconf 90' lang='lat' dir='ltr'>et</span> <span class='ocrx_word' id='word_1_129' title='bbox 810 1752 1046 1807; x_wconf 86' lang='lat' dir='ltr'>sanctae</span> <span class='ocrx_word' id='word_1_130' title='bbox 1096 1749 1468 1809; x_wconf 88' lang='lat' dir='ltr'>obedientiae</span> <span class='ocrx_word' id='word_1_131' title='bbox 1518 1753 1579 1808; x_wconf 92' lang='lat' dir='ltr'>et</span> <span class='ocrx_word' id='word_1_132' title='bbox 1628 1751 1741 1810; x_wconf 92' lang='lat' dir='ltr'>sub</span> 
     </span>
     <span class='ocr_line' id='line_1_20' title="bbox 456 1838 1739 1914; baseline 0.003 -19"><span class='ocrx_word' id='word_1_133' title='bbox 456 1838 689 1896; x_wconf 84' lang='lat' dir='ltr'>formali</span> <span class='ocrx_word' id='word_1_134' title='bbox 704 1843 1020 1913; x_wconf 86' lang='lat' dir='ltr'>praecepto</span> <span class='ocrx_word' id='word_1_135' title='bbox 1034 1847 1062 1877; x_wconf 78' lang='lat'>‘</span> <span class='ocrx_word' id='word_1_136' title='bbox 1081 1840 1386 1897; x_wconf 81' lang='lat' dir='ltr'>mandavit</span> <span class='ocrx_word' id='word_1_137' title='bbox 1404 1879 1431 1908; x_wconf 86' lang='lat'>,</span> <span class='ocrx_word' id='word_1_138' title='bbox 1446 1843 1516 1898; x_wconf 92' lang='lat' dir='ltr'>ut</span> <span class='ocrx_word' id='word_1_139' title='bbox 1532 1859 1739 1914; x_wconf 88' lang='lat' dir='ltr'>quam·</span> 
     </span>
     <span class='ocr_line' id='line_1_21' title="bbox 456 1927 1738 2002; baseline 0.002 -18"><span class='ocrx_word' id='word_1_140' title='bbox 456 1928 713 2002; x_wconf 89' lang='lat' dir='ltr'>primum</span> <span class='ocrx_word' id='word_1_141' title='bbox 759 1927 921 2002; x_wconf 89' lang='lat' dir='ltr'>typis</span> <span class='ocrx_word' id='word_1_142' title='bbox 951 1927 1260 1986; x_wconf 90' lang='lat' dir='ltr'>mandaret</span> <span class='ocrx_word' id='word_1_143' title='bbox 1303 1931 1738 2000; x_wconf 88' lang='lat' dir='ltr'>commentaria,</span> 
     </span>
     <span class='ocr_line' id='line_1_22' title="bbox 457 2015 1738 2094; baseline 0.002 -20"><span class='ocrx_word' id='word_1_144' title='bbox 457 2034 609 2090; x_wconf 90' lang='lat' dir='ltr'>quae</span> <span class='ocrx_word' id='word_1_145' title='bbox 629 2015 820 2074; x_wconf 86' lang='lat' dir='ltr'>edidit</span> <span class='ocrx_word' id='word_1_146' title='bbox 836 2016 900 2074; x_wconf 92' lang='lat' dir='ltr'>in</span> <span class='ocrx_word' id='word_1_147' title='bbox 918 2019 1106 2075; x_wconf 87' lang='lat' dir='ltr'>totam</span> <span class='ocrx_word' id='word_1_148' title='bbox 1139 2028 1190 2087; x_wconf 92' lang='lat'>1,</span> <span class='ocrx_word' id='word_1_149' title='bbox 1218 2026 1272 2079; x_wconf 88' lang='lat'>2.</span> <span class='ocrx_word' id='word_1_150' title='bbox 1295 2017 1542 2094; x_wconf 82' lang='lat' dir='ltr'>angelici</span> <span class='ocrx_word' id='word_1_151' title='bbox 1573 2037 1738 2094; x_wconf 88' lang='lat' dir='ltr'>prae-</span> 
     </span>
     <span class='ocr_line' id='line_1_23' title="bbox 458 2102 1738 2188; baseline 0 -25"><span class='ocrx_word' id='word_1_152' title='bbox 458 2104 715 2179; x_wconf 89' lang='lat' dir='ltr'>ceptoris</span> <span class='ocrx_word' id='word_1_153' title='bbox 729 2112 775 2165; x_wconf 80' lang='lat'>‘.</span> <span class='ocrx_word' id='word_1_154' title='bbox 797 2105 1159 2164; x_wconf 88' lang='lat' dir='ltr'>Prodierunt</span> <span class='ocrx_word' id='word_1_155' title='bbox 1177 2110 1381 2164; x_wconf 85' lang='lat' dir='ltr'>autem</span> <span class='ocrx_word' id='word_1_156' title='bbox 1399 2110 1441 2164; x_wconf 89' lang='lat' dir='ltr'>t.</span> <span class='ocrx_word' id='word_1_157' title='bbox 1469 2116 1503 2169; x_wconf 89' lang='lat'><strong>3</strong></span> <span class='ocrx_word' id='word_1_158' title='bbox 1530 2102 1628 2188; x_wconf 91' lang='lat' dir='ltr'>(ad</span> <span class='ocrx_word' id='word_1_159' title='bbox 1642 2126 1738 2181; x_wconf 91' lang='lat' dir='ltr'>qq.</span> 
     </span>
     <span class='ocr_line' id='line_1_24' title="bbox 465 2195 1738 2271; baseline -0.001 -16"><span class='ocrx_word' id='word_1_160' title='bbox 465 2203 984 2257; x_wconf 79' lang='lat'>1—8—17-48</span> <span class='ocrx_word' id='word_1_161' title='bbox 1019 2195 1300 2271; x_wconf 87' lang='lat' dir='ltr'>Lugduni</span> <span class='ocrx_word' id='word_1_162' title='bbox 1342 2204 1524 2258; x_wconf 87' lang='grc'>1648.</span> <span class='ocrx_word' id='word_1_163' title='bbox 1559 2195 1738 2254; x_wconf 88' lang='lat' dir='ltr'>Soda-</span> 
     </span>
     <span class='ocr_line' id='line_1_25' title="bbox 458 2282 1739 2360; baseline 0.004 -21"><span class='ocrx_word' id='word_1_164' title='bbox 458 2282 618 2340; x_wconf 90' lang='lat' dir='ltr'>libus</span> <span class='ocrx_word' id='word_1_165' title='bbox 668 2285 868 2340; x_wconf 91' lang='lat' dir='ltr'>tamen</span> <span class='ocrx_word' id='word_1_166' title='bbox 913 2283 1071 2342; x_wconf 90' lang='lat' dir='ltr'>haud</span> <span class='ocrx_word' id='word_1_167' title='bbox 1116 2285 1321 2360; x_wconf 82' lang='lat' dir='ltr'>paucis</span> <span class='ocrx_word' id='word_1_168' title='bbox 1367 2285 1739 2359; x_wconf 85' lang='lat' dir='ltr'>displicuere,</span> 
     </span>
     <span class='ocr_line' id='line_1_26' title="bbox 454 2371 1739 2449; baseline 0 -19"><span class='ocrx_word' id='word_1_169' title='bbox 454 2390 607 2446; x_wconf 86' lang='lat' dir='ltr'>quae</span> <span class='ocrx_word' id='word_1_170' title='bbox 637 2371 710 2428; x_wconf 92' lang='lat' dir='ltr'>de</span> <span class='ocrx_word' id='word_1_171' title='bbox 742 2372 1101 2431; x_wconf 88' lang='lat' dir='ltr'>conscientia</span> <span class='ocrx_word' id='word_1_172' title='bbox 1147 2373 1384 2449; x_wconf 88' lang='lat' dir='ltr'>scripsit</span> <span class='ocrx_word' id='word_1_173' title='bbox 1412 2376 1456 2431; x_wconf 92' lang='lat' dir='ltr'>t.</span> <span class='ocrx_word' id='word_1_174' title='bbox 1493 2383 1548 2438; x_wconf 88' lang='grc'>3.</span> <span class='ocrx_word' id='word_1_175' title='bbox 1582 2375 1654 2432; x_wconf 81' lang='lat' dir='ltr'>ad</span> <span class='ocrx_word' id='word_1_176' title='bbox 1685 2393 1739 2449; x_wconf 92' lang='lat' dir='ltr'>q.</span> 
     </span>
     <span class='ocr_line' id='line_1_27' title="bbox 464 2462 1742 2539; baseline -0.001 -16"><span class='ocrx_word' id='word_1_177' title='bbox 464 2472 538 2523; x_wconf 76' lang='lat'>19</span> <span class='ocrx_word' id='word_1_178' title='bbox 573 2481 622 2518; x_wconf 82' lang='lat' dir='ltr'>a·</span> <span class='ocrx_word' id='word_1_179' title='bbox 663 2470 716 2521; x_wconf 82' lang='lat'>5.</span> <span class='ocrx_word' id='word_1_180' title='bbox 753 2470 807 2521; x_wconf 85' lang='grc'>6.</span> <span class='ocrx_word' id='word_1_181' title='bbox 856 2481 912 2535; x_wconf 85' lang='lat' dir='ltr'>p.</span> <span class='ocrx_word' id='word_1_182' title='bbox 950 2471 1317 2531; x_wconf 79' lang='lat'>377—605,</span> <span class='ocrx_word' id='word_1_183' title='bbox 1368 2462 1474 2521; x_wconf 88' lang='lat' dir='ltr'>ubi</span> <span class='ocrx_word' id='word_1_184' title='bbox 1522 2464 1742 2539; x_wconf 85' lang='lat' dir='ltr'>,plura</span> 
     </span>
     <span class='ocr_line' id='line_1_28' title="bbox 456 2549 1739 2625; baseline 0.002 -17"><span class='ocrx_word' id='word_1_185' title='bbox 456 2549 634 2609; x_wconf 90' lang='lat' dir='ltr'>habet</span> <span class='ocrx_word' id='word_1_186' title='bbox 664 2550 736 2609; x_wconf 89' lang='lat' dir='ltr'>de</span> <span class='ocrx_word' id='word_1_187' title='bbox 756 2550 1173 2625; x_wconf 84' lang='lat' dir='ltr'>probabilitate</span> <span class='ocrx_word' id='word_1_188' title='bbox 1208 2570 1251 2610; x_wconf 91' lang='lat' dir='ltr'>s.</span> <span class='ocrx_word' id='word_1_189' title='bbox 1273 2551 1523 2612; x_wconf 86' lang='lat' dir='ltr'>Thomas</span> <span class='ocrx_word' id='word_1_190' title='bbox 1556 2556 1616 2611; x_wconf 91' lang='lat' dir='ltr'>et</span> <span class='ocrx_word' id='word_1_191' title='bbox 1636 2572 1739 2611; x_wconf 90' lang='lat' dir='ltr'>an-</span> 
     </span>
     <span class='ocr_line' id='line_1_29' title="bbox 454 2640 1741 2717; baseline 0.003 -20"><span class='ocrx_word' id='word_1_192' title='bbox 454 2640 761 2715; x_wconf 89' lang='lat' dir='ltr'>tiquorum</span> <span class='ocrx_word' id='word_1_193' title='bbox 782 2640 912 2715; x_wconf 89' lang='lat' dir='ltr'>ejus</span> <span class='ocrx_word' id='word_1_194' title='bbox 932 2640 1361 2717; x_wconf 90' lang='lat' dir='ltr'>discipulorum</span> <span class='ocrx_word' id='word_1_195' title='bbox 1388 2641 1741 2716; x_wconf 77' lang='lat' dir='ltr'>scholasque</span> 
     </span>
     <span class='ocr_line' id='line_1_30' title="bbox 455 2728 1738 2806; baseline 0.002 -20"><span class='ocrx_word' id='word_1_196' title='bbox 455 2728 824 2787; x_wconf 88' lang='lat' dir='ltr'>themisticae</span> <span class='ocrx_word' id='word_1_197' title='bbox 856 2731 1154 2788; x_wconf 87' lang='lat' dir='ltr'>communi</span> <span class='ocrx_word' id='word_1_198' title='bbox 1199 2731 1459 2800; x_wconf 85' lang='lat' dir='ltr'>adversa,</span> <span class='ocrx_word' id='word_1_199' title='bbox 1511 2731 1573 2789; x_wconf 86' lang='lat' dir='ltr'>in</span> <span class='ocrx_word' id='word_1_200' title='bbox 1605 2733 1738 2806; x_wconf 92' lang='lat' dir='ltr'>qui-</span> 
     </span>
     <span class='ocr_line' id='line_1_31' title="bbox 454 2817 1737 2893; baseline 0.003 -19"><span class='ocrx_word' id='word_1_201' title='bbox 454 2817 567 2876; x_wconf 89' lang='lat' dir='ltr'>bus</span> <span class='ocrx_word' id='word_1_202' title='bbox 600 2817 730 2893; x_wconf 89' lang='lat' dir='ltr'>ipse</span> <span class='ocrx_word' id='word_1_203' title='bbox 751 2836 811 2875; x_wconf 93' lang='lat' dir='ltr'>se</span> <span class='ocrx_word' id='word_1_204' title='bbox 846 2819 918 2876; x_wconf 91' lang='lat' dir='ltr'>ab</span> <span class='ocrx_word' id='word_1_205' title='bbox 942 2819 1205 2893; x_wconf 85' lang='lat' dir='ltr'>antiquis</span> <span class='ocrx_word' id='word_1_206' title='bbox 1237 2818 1537 2878; x_wconf 86' lang='lat' dir='ltr'>discedere</span> <span class='ocrx_word' id='word_1_207' title='bbox 1557 2825 1614 2877; x_wconf 90' lang='lat' dir='ltr'>et</span> <span class='ocrx_word' id='word_1_208' title='bbox 1647 2839 1737 2878; x_wconf 85' lang='lat' dir='ltr'>re·</span> 
     </span>
     <span class='ocr_line' id='line_1_32' title="bbox 456 2906 1740 2984; baseline 0.003 -21"><span class='ocrx_word' id='word_1_209' title='bbox 456 2906 817 2964; x_wconf 87' lang='lat' dir='ltr'>centioribus</span> <span class='ocrx_word' id='word_1_210' title='bbox 848 2907 1195 2966; x_wconf 86' lang='lat' dir='ltr'>auctoribus</span> <span class='ocrx_word' id='word_1_211' title='bbox 1228 2909 1579 2984; x_wconf 86' lang='lat' dir='ltr'>praesertim</span> <span class='ocrx_word' id='word_1_212' title='bbox 1614 2910 1740 2967; x_wconf 89' lang='lat' dir='ltr'>Soc.</span> 
     </span>
     <span class='ocr_line' id='line_1_33' title="bbox 452 2992 1739 3079; baseline 0.002 -26"><span class='ocrx_word' id='word_1_213' title='bbox 452 2995 491 3053; x_wconf 83' lang='lat' dir='ltr'><strong>J</strong></span> <span class='ocrx_word' id='word_1_214' title='bbox 493 3013 599 3053; x_wconf 87' lang='lat' dir='ltr'>esu</span> <span class='ocrx_word' id='word_1_215' title='bbox 619 2994 930 3054; x_wconf 89' lang='lat' dir='ltr'>adhaerere</span> <span class='ocrx_word' id='word_1_216' title='bbox 945 2992 1341 3079; x_wconf 69' lang='lat' dir='ltr'>profitetur-2),</span> <span class='ocrx_word' id='word_1_217' title='bbox 1359 3006 1387 3036; x_wconf 76' lang='lat'>‘</span> <span class='ocrx_word' id='word_1_218' title='bbox 1410 2997 1547 3055; x_wconf 84' lang='lat' dir='ltr'>hinc</span> <span class='ocrx_word' id='word_1_219' title='bbox 1568 3018 1602 3055; x_wconf 91' lang='lat' dir='ltr'>a</span> <span class='ocrx_word' id='word_1_220' title='bbox 1618 3016 1739 3056; x_wconf 87' lang='lat' dir='ltr'>non</span> 
     </span>
     <span class='ocr_line' id='line_1_34' title="bbox 452 3084 1739 3161; baseline 0.004 -21"><span class='ocrx_word' id='word_1_221' title='bbox 452 3084 656 3158; x_wconf 88' lang='lat' dir='ltr'>paucis</span> <span class='ocrx_word' id='word_1_222' title='bbox 688 3085 991 3143; x_wconf 86' lang='lat' dir='ltr'>sodalibus</span> <span class='ocrx_word' id='word_1_223' title='bbox 1038 3086 1424 3161; x_wconf 84' lang='lat' dir='ltr'>impugnatus</span> <span class='ocrx_word' id='word_1_224' title='bbox 1467 3087 1613 3155; x_wconf 81' lang='lat' dir='ltr'>fuit3</span> <span class='ocrx_word' id='word_1_225' title='bbox 1665 3087 1739 3145; x_wconf 91' lang='lat' dir='ltr'>ab</span> 
     </span>
     <span class='ocr_line' id='line_1_35' title="bbox 451 3173 1741 3252; baseline 0.004 -23"><span class='ocrx_word' id='word_1_226' title='bbox 451 3173 582 3230; x_wconf 87' lang='lat' dir='ltr'>aliis</span> <span class='ocrx_word' id='word_1_227' title='bbox 634 3191 771 3232; x_wconf 84' lang='lat' dir='ltr'>vero</span> <span class='ocrx_word' id='word_1_228' title='bbox 820 3174 1111 3251; x_wconf 89' lang='lat' dir='ltr'>theologis</span> <span class='ocrx_word' id='word_1_229' title='bbox 1175 3179 1383 3234; x_wconf 85' lang='lat' dir='ltr'>auctor</span> <span class='ocrx_word' id='word_1_230' title='bbox 1432 3176 1628 3252; x_wconf 82' lang='lat' dir='ltr'>gravis</span> <span class='ocrx_word' id='word_1_231' title='bbox 1679 3180 1741 3234; x_wconf 88' lang='lat' dir='ltr'>et</span> 
     </span>
     <span class='ocr_line' id='line_1_36' title="bbox 451 3262 1739 3324; baseline 0.004 -5"><span class='ocrx_word' id='word_1_232' title='bbox 451 3262 829 3320; x_wconf 85' lang='lat' dir='ltr'>doctissimus</span> <span class='ocrx_word' id='word_1_233' title='bbox 863 3263 1132 3322; x_wconf 90' lang='lat' dir='ltr'>habetur.</span> <span class='ocrx_word' id='word_1_234' title='bbox 1168 3265 1467 3323; x_wconf 81' lang='lat' dir='ltr'>Adversus</span> <span class='ocrx_word' id='word_1_235' title='bbox 1492 3265 1739 3324; x_wconf 83' lang='lat' dir='ltr'>Joannis</span> 
     </span>
     <span class='ocr_line' id='line_1_37' title="bbox 453 3351 1738 3424; baseline 0.004 -17"><span class='ocrx_word' id='word_1_236' title='bbox 453 3351 759 3424; x_wconf 87' lang='lat' dir='ltr'>Baptistae</span> <span class='ocrx_word' id='word_1_237' title='bbox 790 3351 986 3410; x_wconf 88' lang='lat' dir='ltr'>Poza</span> <span class='ocrx_word' id='word_1_238' title='bbox 1019 3353 1072 3409; x_wconf 92' lang='lat' dir='ltr'>S.</span> <span class='ocrx_word' id='word_1_239' title='bbox 1106 3352 1161 3410; x_wconf 85' lang='lat' dir='ltr'>J.</span> <span class='ocrx_word' id='word_1_240' title='bbox 1213 3354 1263 3411; x_wconf 89' lang='lat' dir='ltr'>A</span> <span class='ocrx_word' id='word_1_241' title='bbox 1295 3354 1384 3411; x_wconf 93' lang='lat' dir='ltr'>los</span> <span class='ocrx_word' id='word_1_242' title='bbox 1420 3354 1633 3412; x_wconf 87' lang='lat' dir='ltr'>Jueces</span> <span class='ocrx_word' id='word_1_243' title='bbox 1666 3354 1738 3413; x_wconf 91' lang='lat' dir='ltr'>de</span> 
     </span>
     <span class='ocr_line' id='line_1_38' title="bbox 451 3439 1738 3520; baseline 0.004 -24"><span class='ocrx_word' id='word_1_244' title='bbox 451 3440 510 3496; x_wconf 96' lang='grc'>18</span> <span class='ocrx_word' id='word_1_245' title='bbox 541 3439 760 3497; x_wconf 86' lang='lat' dir='ltr'>verdad</span> <span class='ocrx_word' id='word_1_246' title='bbox 791 3460 831 3515; x_wconf 83' lang='lat' dir='ltr'><strong>y</strong></span> <span class='ocrx_word' id='word_1_247' title='bbox 865 3440 1137 3499; x_wconf 90' lang='lat' dir='ltr'>doctrina</span> <span class='ocrx_word' id='word_1_248' title='bbox 1182 3442 1422 3518; x_wconf 86' lang='lat' dir='ltr'>scripsit</span> <span class='ocrx_word' id='word_1_249' title='bbox 1453 3444 1738 3520; x_wconf 76' lang='lat' dir='ltr'>Apoloyia</span> 
     </span>
     <span class='ocr_line' id='line_1_39' title="bbox 450 3529 1738 3604; baseline 0.005 -20"><span class='ocrx_word' id='word_1_250' title='bbox 450 3546 558 3604; x_wconf 89' lang='lat' dir='ltr'>por</span> <span class='ocrx_word' id='word_1_251' title='bbox 591 3529 646 3586; x_wconf 89' lang='lat' dir='ltr'>la</span> <span class='ocrx_word' id='word_1_252' title='bbox 676 3529 985 3588; x_wconf 89' lang='lat' dir='ltr'>autoridad</span> <span class='ocrx_word' id='word_1_253' title='bbox 1030 3530 1103 3588; x_wconf 91' lang='lat' dir='ltr'>de</span> <span class='ocrx_word' id='word_1_254' title='bbox 1144 3530 1230 3589; x_wconf 90' lang='grc'>103</span> <span class='ocrx_word' id='word_1_255' title='bbox 1263 3532 1531 3590; x_wconf 81' lang='lat' dir='ltr'>doctores</span> <span class='ocrx_word' id='word_1_256' title='bbox 1577 3532 1649 3590; x_wconf 91' lang='lat' dir='ltr'>de</span> <span class='ocrx_word' id='word_1_257' title='bbox 1683 3534 1738 3590; x_wconf 94' lang='lat' dir='ltr'>la</span> 
     </span>
     <span class='ocr_line' id='line_1_40' title="bbox 451 3617 1737 3697; baseline 0.005 -23"><span class='ocrx_word' id='word_1_258' title='bbox 451 3617 666 3693; x_wconf 90' lang='lat' dir='ltr'>Iglesia</span> <span class='ocrx_word' id='word_1_259' title='bbox 684 3637 724 3693; x_wconf 86' lang='lat' dir='ltr'><strong>y</strong></span> <span class='ocrx_word' id='word_1_260' title='bbox 746 3623 949 3677; x_wconf 90' lang='lat' dir='ltr'>santos</span> <span class='ocrx_word' id='word_1_261' title='bbox 971 3619 1206 3687; x_wconf 66' lang='lat' dir='ltr'>pucras,</span> <span class='ocrx_word' id='word_1_262' title='bbox 1238 3621 1737 3697; x_wconf 85' lang='lat' dir='ltr'>Caesaraugustae</span> 
     </span>
     <span class='ocr_line' id='line_1_41' title="bbox 461 3707 1734 3785; baseline 0.001 -18"><span class='ocrx_word' id='word_1_263' title='bbox 461 3714 641 3768; x_wconf 83' lang='lat'>1628.</span> <span class='ocrx_word' id='word_1_264' title='bbox 681 3740 757 3749; x_wconf 94' lang='lat'><strong>—</strong></span> <span class='ocrx_word' id='word_1_265' title='bbox 796 3707 1010 3783; x_wconf 83' lang='lat' dir='ltr'>Caspar</span> <span class='ocrx_word' id='word_1_266' title='bbox 1040 3708 1224 3766; x_wconf 86' lang='lat' dir='ltr'>Ruiz</span> <span class='ocrx_word' id='word_1_267' title='bbox 1256 3709 1574 3768; x_wconf 88' lang='lat' dir='ltr'>Pincianus</span> <span class='ocrx_word' id='word_1_268' title='bbox 1613 3710 1734 3785; x_wconf 89' lang='lat' dir='ltr'>pri·</span> 
     </span>
     <span class='ocr_line' id='line_1_42' title="bbox 453 3796 1737 3875; baseline 0.005 -25"><span class='ocrx_word' id='word_1_269' title='bbox 453 3796 697 3852; x_wconf 90' lang='lat' dir='ltr'>mariam</span> <span class='ocrx_word' id='word_1_270' title='bbox 732 3796 795 3853; x_wconf 92' lang='lat' dir='ltr'>in</span> <span class='ocrx_word' id='word_1_271' title='bbox 826 3798 1020 3872; x_wconf 88' lang='lat' dir='ltr'>patria</span> <span class='ocrx_word' id='word_1_272' title='bbox 1066 3797 1361 3856; x_wconf 89' lang='lat' dir='ltr'>academia</span> <span class='ocrx_word' id='word_1_273' title='bbox 1404 3799 1737 3875; x_wconf 85' lang='lat' dir='ltr'>theologiae</span> 
     </span>
     <span class='ocr_line' id='line_1_43' title="bbox 451 3883 1735 3946; baseline 0.005 -7"><span class='ocrx_word' id='word_1_274' title='bbox 451 3883 787 3942; x_wconf 87' lang='lat' dir='ltr'>cathedram</span> <span class='ocrx_word' id='word_1_275' title='bbox 833 3905 866 3942; x_wconf 90' lang='lat' dir='ltr'>a</span> <span class='ocrx_word' id='word_1_276' title='bbox 912 3886 1060 3945; x_wconf 88' lang='lat' dir='ltr'>duce</span> <span class='ocrx_word' id='word_1_277' title='bbox 1111 3886 1181 3944; x_wconf 88' lang='lat' dir='ltr'>de</span> <span class='ocrx_word' id='word_1_278' title='bbox 1226 3886 1438 3946; x_wconf 86' lang='lat' dir='ltr'>Lerma</span> <span class='ocrx_word' id='word_1_279' title='bbox 1482 3892 1735 3946; x_wconf 89' lang='lat' dir='ltr'>erectam</span> 
     </span>
     <span class='ocr_line' id='line_1_44' title="bbox 450 3973 1736 4051; baseline 0.005 -22"><span class='ocrx_word' id='word_1_280' title='bbox 450 3973 620 4041; x_wconf 82' lang='lat' dir='ltr'>rexit,</span> <span class='ocrx_word' id='word_1_281' title='bbox 655 3976 717 4030; x_wconf 93' lang='lat' dir='ltr'>et</span> <span class='ocrx_word' id='word_1_282' title='bbox 746 3976 1103 4050; x_wconf 75' lang='lat' dir='ltr'>quaestiones</span> <span class='ocrx_word' id='word_1_283' title='bbox 1133 3976 1365 4034; x_wconf 77' lang='lat' dir='ltr'>selectas</span> <span class='ocrx_word' id='word_1_284' title='bbox 1394 3975 1642 4051; x_wconf 87' lang='lat' dir='ltr'>reliquit</span> <span class='ocrx_word' id='word_1_285' title='bbox 1672 3978 1736 4035; x_wconf 90' lang='lat' dir='ltr'>in</span> 
     </span>
     <span class='ocr_line' id='line_1_45' title="bbox 455 4063 1735 4137; baseline 0.001 -14"><span class='ocrx_word' id='word_1_286' title='bbox 455 4072 507 4123; x_wconf 88' lang='grc'>3.</span> <span class='ocrx_word' id='word_1_287' title='bbox 540 4083 596 4137; x_wconf 82' lang='lat' dir='ltr'>p.</span> <span class='ocrx_word' id='word_1_288' title='bbox 632 4064 904 4121; x_wconf 85' lang='lat' dir='ltr'>Summae</span> <span class='ocrx_word' id='word_1_289' title='bbox 938 4081 983 4125; x_wconf 89' lang='grc'>3.</span> <span class='ocrx_word' id='word_1_290' title='bbox 1012 4063 1267 4123; x_wconf 82' lang='lat' dir='ltr'>Thomas</span> <span class='ocrx_word' id='word_1_291' title='bbox 1300 4065 1424 4122; x_wconf 83' lang='lat' dir='ltr'>sive</span> <span class='ocrx_word' id='word_1_292' title='bbox 1456 4083 1735 4124; x_wconf 83' lang='lat' dir='ltr'>commen·</span> 
     </span>
     <span class='ocr_line' id='line_1_46' title="bbox 451 4151 1737 4227; baseline 0.004 -20"><span class='ocrx_word' id='word_1_293' title='bbox 451 4154 608 4209; x_wconf 78' lang='lat' dir='ltr'>turia</span> <span class='ocrx_word' id='word_1_294' title='bbox 639 4151 794 4210; x_wconf 86' lang='lat' dir='ltr'>circa</span> <span class='ocrx_word' id='word_1_295' title='bbox 838 4152 972 4210; x_wconf 91' lang='lat' dir='ltr'>illas</span> <span class='ocrx_word' id='word_1_296' title='bbox 1018 4152 1081 4210; x_wconf 89' lang='lat' dir='ltr'>in</span> <span class='ocrx_word' id='word_1_297' title='bbox 1131 4153 1352 4227; x_wconf 89' lang='lat' dir='ltr'>quibus</span> <span class='ocrx_word' id='word_1_298' title='bbox 1395 4153 1737 4212; x_wconf 88' lang='lat' dir='ltr'>defenditur</span> 
     </span>
     <span class='ocr_line' id='line_1_47' title="bbox 451 4240 1735 4300; baseline 0.004 -5"><span class='ocrx_word' id='word_1_299' title='bbox 451 4240 719 4297; x_wconf 85' lang='lat' dir='ltr'>doctrina</span> <span class='ocrx_word' id='word_1_300' title='bbox 750 4240 916 4299; x_wconf 89' lang='lat' dir='ltr'>illius</span> <span class='ocrx_word' id='word_1_301' title='bbox 935 4242 1010 4299; x_wconf 91' lang='lat' dir='ltr'>ab</span> <span class='ocrx_word' id='word_1_302' title='bbox 1041 4242 1312 4300; x_wconf 89' lang='lat' dir='ltr'>omnibus</span> <span class='ocrx_word' id='word_1_303' title='bbox 1333 4242 1575 4300; x_wconf 89' lang='lat' dir='ltr'>sinistre</span> <span class='ocrx_word' id='word_1_304' title='bbox 1607 4262 1735 4300; x_wconf 88' lang='lat' dir='ltr'>eam</span> 
     </span>
     <span class='ocr_line' id='line_1_48' title="bbox 448 4327 1730 4405; baseline 0.004 -21"><span class='ocrx_word' id='word_1_305' title='bbox 448 4327 930 4404; x_wconf 87' lang='lat' dir='ltr'>intelligentibus</span> <span class='ocrx_word' id='word_1_306' title='bbox 975 4348 1044 4388; x_wconf 85' lang='lat' dir='ltr'>ex</span> <span class='ocrx_word' id='word_1_307' title='bbox 1076 4331 1349 4405; x_wconf 90' lang='lat' dir='ltr'>quolibet</span> <span class='ocrx_word' id='word_1_308' title='bbox 1391 4331 1513 4389; x_wconf 90' lang='lat' dir='ltr'>sint</span> <span class='ocrx_word' id='word_1_309' title='bbox 1558 4331 1730 4390; x_wconf 91' lang='lat' dir='ltr'>insti-</span> 
     </span>
     <span class='ocr_line' id='line_1_49' title="bbox 449 4416 1733 4494; baseline 0.005 -22"><span class='ocrx_word' id='word_1_310' title='bbox 449 4419 601 4486; x_wconf 90' lang='lat' dir='ltr'>tuto,</span> <span class='ocrx_word' id='word_1_311' title='bbox 636 4416 871 4477; x_wconf 85' lang='lat' dir='ltr'>Pinciae</span> <span class='ocrx_word' id='word_1_312' title='bbox 912 4428 1076 4481; x_wconf 87' lang='lat'>1652</span> <span class='ocrx_word' id='word_1_313' title='bbox 1111 4419 1174 4478; x_wconf 91' lang='lat' dir='ltr'>in</span> <span class='ocrx_word' id='word_1_314' title='bbox 1207 4419 1245 4483; x_wconf 85' lang='lat' dir='ltr'>f.</span> <span class='ocrx_word' id='word_1_315' title='bbox 1277 4453 1364 4463; x_wconf 90' lang='lat'>-</span> <span class='ocrx_word' id='word_1_316' title='bbox 1394 4419 1733 4494; x_wconf 86' lang='lat' dir='ltr'>Alphonsus</span> 
     </span>
     <span class='ocr_line' id='line_1_50' title="bbox 449 4502 1732 4590; baseline 0.003 -28"><span class='ocrx_word' id='word_1_317' title='bbox 449 4506 738 4582; x_wconf 80' lang='lat' dir='ltr'>Miguel</span> <span class='ocrx_word' id='word_1_318' title='bbox 774 4502 873 4587; x_wconf 88' lang='lat' dir='ltr'>(al.</span> <span class='ocrx_word' id='word_1_319' title='bbox 910 4508 1300 4584; x_wconf 89' lang='lat' dir='ltr'>Ildephonsus</span> <span class='ocrx_word' id='word_1_320' title='bbox 1322 4503 1593 4590; x_wconf 87' lang='lat' dir='ltr'>Michael)</span> <span class='ocrx_word' id='word_1_321' title='bbox 1630 4509 1732 4566; x_wconf 90' lang='lat' dir='ltr'>Za-</span> 
     </span>
    </p>
   </div>
   <div class='ocr_carea' id='block_1_6' title="bbox 448 4647 765 4656">
    <p class='ocr_par' dir='ltr' id='par_1_6' title="bbox 448 4647 765 4656">
     <span class='ocr_line' id='line_1_51' title="bbox 448 4647 765 4656; baseline 0 537"><span class='ocrx_word' id='word_1_322' title='bbox 448 4647 765 4656; x_wconf 95' lang='lat' dir='ltr'> </span> 
     </span>
    </p>
   </div>
   <div class='ocr_carea' id='block_1_7' title="bbox 524 4711 1164 4850">
    <p class='ocr_par' dir='ltr' id='par_1_7' title="bbox 524 4711 1164 4850">
     <span class='ocr_line' id='line_1_52' title="bbox 524 4711 1047 4777; baseline 0.004 -12"><span class='ocrx_word' id='word_1_323' title='bbox 524 4716 563 4773; x_wconf 75' lang='lat'>1)</span> <span class='ocrx_word' id='word_1_324' title='bbox 585 4711 801 4767; x_wconf 85' lang='lat' dir='ltr'>Echard</span> <span class='ocrx_word' id='word_1_325' title='bbox 830 4713 899 4777; x_wconf 86' lang='grc' dir='ltr'>ΙΙ,</span> <span class='ocrx_word' id='word_1_326' title='bbox 927 4717 1047 4770; x_wconf 78' lang='lat'>555.</span> 
     </span>
     <span class='ocr_line' id='line_1_53' title="bbox 524 4784 1164 4850; baseline 0.008 -17"><span class='ocrx_word' id='word_1_327' title='bbox 524 4788 562 4849; x_wconf 72' lang='lat'>²⁶)</span> <span class='ocrx_word' id='word_1_328' title='bbox 590 4784 669 4835; x_wconf 82' lang='lat' dir='ltr'>lta</span> <span class='ocrx_word' id='word_1_329' title='bbox 702 4785 921 4839; x_wconf 81' lang='lat' dir='ltr'>Echard</span> <span class='ocrx_word' id='word_1_330' title='bbox 949 4785 1018 4850; x_wconf 80' lang='lat'>11,</span> <span class='ocrx_word' id='word_1_331' title='bbox 1039 4788 1164 4843; x_wconf 80' lang='lat'>558.</span> 
     </span>
    </p>
   </div>
   <div class='ocr_carea' id='block_1_8' title="bbox 1798 680 3085 917">
    <p class='ocr_par' dir='ltr' id='par_1_8' title="bbox 1798 680 3085 917">
     <span class='ocr_line' id='line_1_54' title="bbox 1799 680 3085 739; baseline 0.001 -1"><span class='ocrx_word' id='word_1_332' title='bbox 1799 697 2219 739; x_wconf 83' lang='lat' dir='ltr'>consenescens</span> <span class='ocrx_word' id='word_1_333' title='bbox 2250 683 2721 738; x_wconf 75' lang='lat' dir='ltr'>commentarium</span> <span class='ocrx_word' id='word_1_334' title='bbox 2765 680 2954 739; x_wconf 90' lang='lat' dir='ltr'>edidit</span> <span class='ocrx_word' id='word_1_335' title='bbox 2985 699 3085 739; x_wconf 90' lang='lat' dir='ltr'>su-</span> 
     </span>
     <span class='ocr_line' id='line_1_55' title="bbox 1799 769 3080 846; baseline 0.004 -18"><span class='ocrx_word' id='word_1_336' title='bbox 1799 788 1905 845; x_wconf 90' lang='lat' dir='ltr'>per</span> <span class='ocrx_word' id='word_1_337' title='bbox 1943 781 1992 831; x_wconf 92' lang='lat'>1.</span> <span class='ocrx_word' id='word_1_338' title='bbox 2040 791 2094 846; x_wconf 90' lang='lat' dir='ltr'>p.</span> <span class='ocrx_word' id='word_1_339' title='bbox 2144 787 2186 827; x_wconf 89' lang='lat' dir='ltr'>s.</span> <span class='ocrx_word' id='word_1_340' title='bbox 2237 769 2508 838; x_wconf 82' lang='lat' dir='ltr'>Thomas,</span> <span class='ocrx_word' id='word_1_341' title='bbox 2562 771 2858 844; x_wconf 80' lang='lat' dir='ltr'>compluti</span> <span class='ocrx_word' id='word_1_342' title='bbox 2919 779 3080 833; x_wconf 80' lang='lat'>1658</span> 
     </span>
     <span class='ocr_line' id='line_1_56' title="bbox 1798 859 1931 917; baseline 0 -2"><span class='ocrx_word' id='word_1_343' title='bbox 1798 859 1862 916; x_wconf 92' lang='lat' dir='ltr'>in</span> <span class='ocrx_word' id='word_1_344' title='bbox 1893 859 1931 917; x_wconf 88' lang='lat' dir='ltr'>f.</span> 
     </span>
    </p>
   </div>
   <div class='ocr_carea' id='block_1_9' title="bbox 1795 1036 3138 3516">
    <p class='ocr_par' dir='ltr' id='par_1_9' title="bbox 1795 1036 3138 3516">
     <span class='ocr_line' id='line_1_57' title="bbox 1913 1036 3084 1100; baseline -0.004 -1"><span class='ocrx_word' id='word_1_345' title='bbox 1913 1046 2055 1100; x_wconf 84' lang='lat'><strong>389.</strong></span> <span class='ocrx_word' id='word_1_346' title='bbox 2102 1038 2187 1095; x_wconf 85' lang='lat' dir='ltr'>Ex</span> <span class='ocrx_word' id='word_1_347' title='bbox 2213 1037 2820 1096; x_wconf 85' lang='lat' dir='ltr'>Cisterciensium</span> <span class='ocrx_word' id='word_1_348' title='bbox 2862 1036 3084 1096; x_wconf 82' lang='lat' dir='ltr'>familia</span> 
     </span>
     <span class='ocr_line' id='line_1_58' title="bbox 1797 1126 3082 1203; baseline -0.001 -19"><span class='ocrx_word' id='word_1_349' title='bbox 1797 1126 2012 1185; x_wconf 86' lang='lat' dir='ltr'>Petrus</span> <span class='ocrx_word' id='word_1_350' title='bbox 2045 1126 2130 1185; x_wconf 91' lang='lat' dir='ltr'>de</span> <span class='ocrx_word' id='word_1_351' title='bbox 2164 1126 2448 1185; x_wconf 87' lang='lat' dir='ltr'>Oviedo</span> <span class='ocrx_word' id='word_1_352' title='bbox 2481 1126 2546 1184; x_wconf 93' lang='lat' dir='ltr'>in</span> <span class='ocrx_word' id='word_1_353' title='bbox 2587 1136 2635 1187; x_wconf 94' lang='lat'>1.</span> <span class='ocrx_word' id='word_1_354' title='bbox 2668 1148 2723 1203; x_wconf 90' lang='lat' dir='ltr'>p.</span> <span class='ocrx_word' id='word_1_355' title='bbox 2757 1129 2819 1184; x_wconf 91' lang='lat' dir='ltr'>et</span> <span class='ocrx_word' id='word_1_356' title='bbox 2859 1138 2909 1194; x_wconf 90' lang='lat'>1,</span> <span class='ocrx_word' id='word_1_357' title='bbox 2949 1135 3002 1187; x_wconf 88' lang='lat'>2.</span> <span class='ocrx_word' id='word_1_358' title='bbox 3037 1145 3082 1184; x_wconf 80' lang='lat' dir='ltr'>s,</span> 
     </span>
     <span class='ocr_line' id='line_1_59' title="bbox 1798 1215 3083 1274; baseline 0.002 -2"><span class='ocrx_word' id='word_1_359' title='bbox 1798 1215 2053 1273; x_wconf 85' lang='lat' dir='ltr'>Thomae</span> <span class='ocrx_word' id='word_1_360' title='bbox 2084 1218 2515 1274; x_wconf 89' lang='lat' dir='ltr'>commentatus</span> <span class='ocrx_word' id='word_1_361' title='bbox 2547 1228 2652 1274; x_wconf 83' lang='lat' dir='ltr'>est.</span> <span class='ocrx_word' id='word_1_362' title='bbox 2708 1216 3001 1273; x_wconf 86' lang='lat' dir='ltr'>Docuerat</span> <span class='ocrx_word' id='word_1_363' title='bbox 3031 1216 3083 1274; x_wconf 90' lang='lat' dir='ltr'>is</span> 
     </span>
     <span class='ocr_line' id='line_1_60' title="bbox 1796 1304 3084 1381; baseline 0.001 -20"><span class='ocrx_word' id='word_1_364' title='bbox 1796 1304 2160 1380; x_wconf 84' lang='lat' dir='ltr'>theologiam</span> <span class='ocrx_word' id='word_1_365' title='bbox 2209 1305 2273 1362; x_wconf 91' lang='lat' dir='ltr'>in</span> <span class='ocrx_word' id='word_1_366' title='bbox 2323 1304 2628 1381; x_wconf 86' lang='lat' dir='ltr'>gymnasio</span> <span class='ocrx_word' id='word_1_367' title='bbox 2684 1304 3084 1379; x_wconf 87' lang='lat' dir='ltr'>complutensi</span> 
     </span>
     <span class='ocr_line' id='line_1_61' title="bbox 1797 1393 3085 1469; baseline -0.002 -16"><span class='ocrx_word' id='word_1_368' title='bbox 1797 1412 1866 1453; x_wconf 83' lang='lat' dir='ltr'>ex</span> <span class='ocrx_word' id='word_1_369' title='bbox 1899 1393 2197 1452; x_wconf 88' lang='lat' dir='ltr'>ordinaria</span> <span class='ocrx_word' id='word_1_370' title='bbox 2226 1398 2289 1452; x_wconf 90' lang='lat' dir='ltr'>et</span> <span class='ocrx_word' id='word_1_371' title='bbox 2334 1411 2644 1469; x_wconf 90' lang='lat' dir='ltr'>supremae</span> <span class='ocrx_word' id='word_1_372' title='bbox 2686 1393 2952 1468; x_wconf 86' lang='lat' dir='ltr'>proxima</span> <span class='ocrx_word' id='word_1_373' title='bbox 2981 1412 3085 1451; x_wconf 89' lang='lat' dir='ltr'>seu</span> 
     </span>
     <span class='ocr_line' id='line_1_62' title="bbox 1797 1469 3123 1558; baseline -0.001 -17"><span class='ocrx_word' id='word_1_374' title='bbox 1797 1501 2173 1558; x_wconf 83' lang='lat' dir='ltr'>vesperorum</span> <span class='ocrx_word' id='word_1_375' title='bbox 2207 1483 2497 1541; x_wconf 89' lang='lat' dir='ltr'>cathedra.</span> <span class='ocrx_word' id='word_1_376' title='bbox 2532 1481 2812 1558; x_wconf 78' lang='lat' dir='ltr'>Migravit</span> <span class='ocrx_word' id='word_1_377' title='bbox 2841 1482 2980 1540; x_wconf 90' lang='lat' dir='ltr'>hinc</span> <span class='ocrx_word' id='word_1_378' title='bbox 3011 1483 3086 1540; x_wconf 88' lang='lat' dir='ltr'>ad</span> <span class='ocrx_word' id='word_1_379' title='bbox 3112 1469 3123 1478; x_wconf 59' lang='grc'>’</span> 
     </span>
     <span class='ocr_line' id='line_1_63' title="bbox 1798 1571 3079 1647; baseline -0.003 -16"><span class='ocrx_word' id='word_1_380' title='bbox 1798 1571 2193 1631; x_wconf 88' lang='lat' dir='ltr'>occidentales</span> <span class='ocrx_word' id='word_1_381' title='bbox 2225 1572 2402 1630; x_wconf 89' lang='lat' dir='ltr'>Indos</span> <span class='ocrx_word' id='word_1_382' title='bbox 2425 1572 2735 1647; x_wconf 87' lang='lat' dir='ltr'>episcopus</span> <span class='ocrx_word' id='word_1_383' title='bbox 2766 1571 3002 1630; x_wconf 86' lang='lat' dir='ltr'>insulae</span> <span class='ocrx_word' id='word_1_384' title='bbox 3036 1590 3079 1629; x_wconf 89' lang='lat' dir='ltr'>s.</span> 
     </span>
     <span class='ocr_line' id='line_1_64' title="bbox 1797 1660 3085 1720; baseline 0 -1"><span class='ocrx_word' id='word_1_385' title='bbox 1797 1661 2090 1720; x_wconf 90' lang='lat' dir='ltr'>Dominici</span> <span class='ocrx_word' id='word_1_386' title='bbox 2122 1662 2475 1720; x_wconf 88' lang='lat' dir='ltr'>destinatus.</span> <span class='ocrx_word' id='word_1_387' title='bbox 2507 1660 2600 1718; x_wconf 89' lang='lat' dir='ltr'>Ab</span> <span class='ocrx_word' id='word_1_388' title='bbox 2631 1660 2737 1718; x_wconf 90' lang='lat' dir='ltr'>hac</span> <span class='ocrx_word' id='word_1_389' title='bbox 2757 1660 3085 1719; x_wconf 82' lang='lat' dir='ltr'>translatus</span> 
     </span>
     <span class='ocr_line' id='line_1_65' title="bbox 1798 1745 3081 1832; baseline 0.002 -25"><span class='ocrx_word' id='word_1_390' title='bbox 1798 1753 1891 1808; x_wconf 89' lang='lat' dir='ltr'>est</span> <span class='ocrx_word' id='word_1_391' title='bbox 1922 1751 1993 1807; x_wconf 88' lang='lat' dir='ltr'>ad</span> <span class='ocrx_word' id='word_1_392' title='bbox 2026 1750 2357 1824; x_wconf 89' lang='lat' dir='ltr'>quitensem</span> <span class='ocrx_word' id='word_1_393' title='bbox 2393 1745 2640 1832; x_wconf 85' lang='lat'>(1629),</span> <span class='ocrx_word' id='word_1_394' title='bbox 2682 1749 2819 1807; x_wconf 89' lang='lat' dir='ltr'>dein</span> <span class='ocrx_word' id='word_1_395' title='bbox 2853 1745 3081 1829; x_wconf 84' lang='grc'>(1645)</span> 
     </span>
     <span class='ocr_line' id='line_1_66' title="bbox 1797 1835 3080 1920; baseline 0 -23"><span class='ocrx_word' id='word_1_396' title='bbox 1797 1839 1872 1897; x_wconf 90' lang='lat' dir='ltr'>ad</span> <span class='ocrx_word' id='word_1_397' title='bbox 1921 1839 2402 1915; x_wconf 87' lang='lat' dir='ltr'>argentinensem</span> <span class='ocrx_word' id='word_1_398' title='bbox 2447 1835 2555 1920; x_wconf 96' lang='lat' dir='ltr'>(La</span> <span class='ocrx_word' id='word_1_399' title='bbox 2586 1837 2770 1906; x_wconf 86' lang='lat' dir='ltr'>Plata,</span> <span class='ocrx_word' id='word_1_400' title='bbox 2818 1839 3080 1898; x_wconf 78' lang='lat' dir='ltr'>Chare-as,</span> 
     </span>
     <span class='ocr_line' id='line_1_67' title="bbox 1797 1926 3083 2003; baseline -0.008 -9"><span class='ocrx_word' id='word_1_401' title='bbox 1797 1926 1833 1995; x_wconf 83' lang='lat'>†</span> <span class='ocrx_word' id='word_1_402' title='bbox 1876 1937 1970 1990; x_wconf 80' lang='lat'>18.</span> <span class='ocrx_word' id='word_1_403' title='bbox 1999 1928 2123 1985; x_wconf 88' lang='lat' dir='ltr'>Oct.</span> <span class='ocrx_word' id='word_1_404' title='bbox 2166 1929 2372 2003; x_wconf 83' lang='lat'>1649).</span> <span class='ocrx_word' id='word_1_405' title='bbox 2405 1961 2494 1971; x_wconf 92' lang='lat'>—</span> <span class='ocrx_word' id='word_1_406' title='bbox 2526 1927 2611 1984; x_wconf 87' lang='lat' dir='ltr'>Ex</span> <span class='ocrx_word' id='word_1_407' title='bbox 2637 1927 3083 1985; x_wconf 77' lang='lat' dir='ltr'>carmelita-</span> 
     </span>
     <span class='ocr_line' id='line_1_68' title="bbox 1797 2017 3084 2093; baseline -0.001 -19"><span class='ocrx_word' id='word_1_408' title='bbox 1797 2036 1961 2075; x_wconf 89' lang='lat' dir='ltr'>rum</span> <span class='ocrx_word' id='word_1_409' title='bbox 2005 2017 2230 2075; x_wconf 87' lang='lat' dir='ltr'>familia</span> <span class='ocrx_word' id='word_1_410' title='bbox 2278 2018 2623 2093; x_wconf 86' lang='lat' dir='ltr'>praesertim</span> <span class='ocrx_word' id='word_1_411' title='bbox 2668 2017 2964 2074; x_wconf 86' lang='lat' dir='ltr'>mentione</span> <span class='ocrx_word' id='word_1_412' title='bbox 2996 2021 3084 2073; x_wconf 88' lang='lat' dir='ltr'>est</span> 
     </span>
     <span class='ocr_line' id='line_1_69' title="bbox 1798 2105 3084 2182; baseline -0.001 -18"><span class='ocrx_word' id='word_1_413' title='bbox 1798 2106 2046 2182; x_wconf 89' lang='lat' dir='ltr'>dignus:</span> <span class='ocrx_word' id='word_1_414' title='bbox 2084 2106 2384 2165; x_wconf 82' lang='lat' dir='ltr'>Antonius</span> <span class='ocrx_word' id='word_1_415' title='bbox 2404 2125 2439 2163; x_wconf 90' lang='lat' dir='ltr'>a</span> <span class='ocrx_word' id='word_1_416' title='bbox 2458 2106 2515 2162; x_wconf 91' lang='lat' dir='ltr'>M</span> <span class='ocrx_word' id='word_1_417' title='bbox 2532 2108 2607 2163; x_wconf 89' lang='lat' dir='ltr'>at</span> <span class='ocrx_word' id='word_1_418' title='bbox 2623 2124 2652 2162; x_wconf 92' lang='lat' dir='ltr'>r</span> <span class='ocrx_word' id='word_1_419' title='bbox 2667 2123 2698 2163; x_wconf 89' lang='lat' dir='ltr'>e</span> <span class='ocrx_word' id='word_1_420' title='bbox 2717 2105 2766 2162; x_wconf 94' lang='lat' dir='ltr'>D</span> <span class='ocrx_word' id='word_1_421' title='bbox 2786 2123 2816 2162; x_wconf 93' lang='lat' dir='ltr'>e</span> <span class='ocrx_word' id='word_1_422' title='bbox 2834 2105 2871 2164; x_wconf 86' lang='lat' dir='ltr'>i.</span> <span class='ocrx_word' id='word_1_423' title='bbox 2908 2109 3084 2163; x_wconf 90' lang='lat' dir='ltr'>antea</span> 
     </span>
     <span class='ocr_line' id='line_1_70' title="bbox 1800 2189 3081 2273; baseline -0.002 -21"><span class='ocrx_word' id='word_1_424' title='bbox 1800 2197 1865 2253; x_wconf 83' lang='lat' dir='ltr'>A.</span> <span class='ocrx_word' id='word_1_425' title='bbox 1899 2194 1983 2252; x_wconf 91' lang='lat' dir='ltr'>de</span> <span class='ocrx_word' id='word_1_426' title='bbox 2034 2194 2350 2253; x_wconf 83' lang='lat' dir='ltr'>Olivera</span> <span class='ocrx_word' id='word_1_427' title='bbox 2394 2194 2592 2251; x_wconf 90' lang='lat' dir='ltr'>dictus</span> <span class='ocrx_word' id='word_1_428' title='bbox 2638 2189 2699 2273; x_wconf 91' lang='lat'>(†</span> <span class='ocrx_word' id='word_1_429' title='bbox 2741 2189 2932 2272; x_wconf 85' lang='grc'>1641)</span> <span class='ocrx_word' id='word_1_430' title='bbox 2976 2193 3081 2250; x_wconf 90' lang='lat' dir='ltr'>Le-</span> 
     </span>
     <span class='ocr_line' id='line_1_71' title="bbox 1797 2282 3082 2360; baseline -0.003 -18"><span class='ocrx_word' id='word_1_431' title='bbox 1797 2284 2097 2360; x_wconf 87' lang='lat' dir='ltr'>gionensis</span> <span class='ocrx_word' id='word_1_432' title='bbox 2116 2325 2131 2353; x_wconf 94' lang='lat'>,</span> <span class='ocrx_word' id='word_1_433' title='bbox 2182 2285 2286 2358; x_wconf 89' lang='lat' dir='ltr'>qui</span> <span class='ocrx_word' id='word_1_434' title='bbox 2336 2285 2540 2341; x_wconf 87' lang='lat' dir='ltr'>auctor</span> <span class='ocrx_word' id='word_1_435' title='bbox 2589 2287 2681 2341; x_wconf 90' lang='lat' dir='ltr'>est</span> <span class='ocrx_word' id='word_1_436' title='bbox 2725 2282 3082 2357; x_wconf 85' lang='lat' dir='ltr'>praecipuus</span> 
     </span>
     <span class='ocr_line' id='line_1_72' title="bbox 1798 2371 3078 2445; baseline -0.002 -14"><span class='ocrx_word' id='word_1_437' title='bbox 1798 2372 2047 2431; x_wconf 86' lang='lat' dir='ltr'>celebris</span> <span class='ocrx_word' id='word_1_438' title='bbox 2099 2390 2309 2432; x_wconf 90' lang='lat' dir='ltr'>cursus</span> <span class='ocrx_word' id='word_1_439' title='bbox 2357 2372 2574 2430; x_wconf 87' lang='lat' dir='ltr'>artium</span> <span class='ocrx_word' id='word_1_440' title='bbox 2633 2371 3078 2445; x_wconf 86' lang='lat' dir='ltr'>complutensis,</span> 
     </span>
     <span class='ocr_line' id='line_1_73' title="bbox 1797 2460 3084 2537; baseline -0.002 -17"><span class='ocrx_word' id='word_1_441' title='bbox 1797 2461 1899 2536; x_wconf 87' lang='lat' dir='ltr'>qui</span> <span class='ocrx_word' id='word_1_442' title='bbox 1935 2462 2233 2537; x_wconf 89' lang='lat' dir='ltr'>Compluti</span> <span class='ocrx_word' id='word_1_443' title='bbox 2273 2470 2439 2523; x_wconf 87' lang='grc'>1624</span> <span class='ocrx_word' id='word_1_444' title='bbox 2474 2460 2670 2536; x_wconf 86' lang='lat' dir='ltr'>coepit</span> <span class='ocrx_word' id='word_1_445' title='bbox 2709 2460 2944 2535; x_wconf 84' lang='lat' dir='ltr'>prodire</span> <span class='ocrx_word' id='word_1_446' title='bbox 2976 2461 3084 2518; x_wconf 85' lang='lat' dir='ltr'>hac</span> 
     </span>
     <span class='ocr_line' id='line_1_74' title="bbox 1799 2550 3082 2630; baseline -0.002 -22"><span class='ocrx_word' id='word_1_447' title='bbox 1799 2551 2215 2626; x_wconf 89' lang='lat' dir='ltr'>inscriptione:</span> <span class='ocrx_word' id='word_1_448' title='bbox 2235 2551 2542 2630; x_wconf 73' lang='lat' dir='ltr'>Colleyium</span> <span class='ocrx_word' id='word_1_449' title='bbox 2559 2550 2941 2623; x_wconf 78' lang='lat' dir='ltr'>complutense</span> <span class='ocrx_word' id='word_1_450' title='bbox 2947 2550 3082 2625; x_wconf 77' lang='lat' dir='ltr'>phi-</span> 
     </span>
     <span class='ocr_line' id='line_1_75' title="bbox 1797 2640 3082 2716; baseline -0.002 -16"><span class='ocrx_word' id='word_1_451' title='bbox 1797 2642 2154 2716; x_wconf 77' lang='lat' dir='ltr'>losophicum</span> <span class='ocrx_word' id='word_1_452' title='bbox 2204 2642 2261 2705; x_wconf 87' lang='lat' dir='ltr'>h.</span> <span class='ocrx_word' id='word_1_453' title='bbox 2311 2660 2359 2702; x_wconf 88' lang='grc'>8.</span> <span class='ocrx_word' id='word_1_454' title='bbox 2410 2640 2631 2698; x_wconf 89' lang='lat' dir='ltr'>artium</span> <span class='ocrx_word' id='word_1_455' title='bbox 2695 2656 2906 2697; x_wconf 87' lang='lat' dir='ltr'>cursus</span> <span class='ocrx_word' id='word_1_456' title='bbox 2958 2640 3082 2697; x_wconf 86' lang='lat' dir='ltr'>sive</span> 
     </span>
     <span class='ocr_line' id='line_1_76' title="bbox 1798 2727 3082 2805; baseline -0.002 -17"><span class='ocrx_word' id='word_1_457' title='bbox 1798 2730 2235 2805; x_wconf 84' lang='lat' dir='ltr'>disputationes</span> <span class='ocrx_word' id='word_1_458' title='bbox 2267 2730 2330 2788; x_wconf 89' lang='lat' dir='ltr'>in</span> <span class='ocrx_word' id='word_1_459' title='bbox 2350 2729 2691 2788; x_wconf 88' lang='lat' dir='ltr'>Aristotelis</span> <span class='ocrx_word' id='word_1_460' title='bbox 2716 2727 3082 2786; x_wconf 85' lang='lat' dir='ltr'>dialecticam</span> 
     </span>
     <span class='ocr_line' id='line_1_77' title="bbox 1797 2818 3138 2896; baseline -0.003 -19"><span class='ocrx_word' id='word_1_461' title='bbox 1797 2821 1859 2877; x_wconf 90' lang='lat' dir='ltr'>et</span> <span class='ocrx_word' id='word_1_462' title='bbox 1889 2819 2323 2896; x_wconf 86' lang='lat' dir='ltr'>philosophiam</span> <span class='ocrx_word' id='word_1_463' title='bbox 2374 2818 2713 2877; x_wconf 85' lang='lat' dir='ltr'>naturalem</span> <span class='ocrx_word' id='word_1_464' title='bbox 2758 2819 2934 2893; x_wconf 80' lang='lat' dir='ltr'>juxta</span> <span class='ocrx_word' id='word_1_465' title='bbox 2977 2836 3079 2874; x_wconf 79' lang='lat' dir='ltr'>an·</span> <span class='ocrx_word' id='word_1_466' title='bbox 3132 2868 3138 2873; x_wconf 86' lang='lat'>.</span> 
     </span>
     <span class='ocr_line' id='line_1_78' title="bbox 1796 2907 3084 2984; baseline 0 -19"><span class='ocrx_word' id='word_1_467' title='bbox 1796 2908 1972 2984; x_wconf 91' lang='lat' dir='ltr'>gelici</span> <span class='ocrx_word' id='word_1_468' title='bbox 2003 2909 2259 2967; x_wconf 83' lang='lat' dir='ltr'>doctoris</span> <span class='ocrx_word' id='word_1_469' title='bbox 2290 2908 2344 2965; x_wconf 91' lang='lat' dir='ltr'>d.</span> <span class='ocrx_word' id='word_1_470' title='bbox 2376 2908 2628 2966; x_wconf 88' lang='lat' dir='ltr'>Thomae</span> <span class='ocrx_word' id='word_1_471' title='bbox 2660 2907 2989 2965; x_wconf 85' lang='lat' dir='ltr'>doctrinam</span> <span class='ocrx_word' id='word_1_472' title='bbox 3022 2910 3084 2965; x_wconf 91' lang='lat' dir='ltr'>et</span> 
     </span>
     <span class='ocr_line' id='line_1_79' title="bbox 1797 2995 3081 3071; baseline -0.002 -16"><span class='ocrx_word' id='word_1_473' title='bbox 1797 2998 1927 3071; x_wconf 88' lang='lat' dir='ltr'>ejus</span> <span class='ocrx_word' id='word_1_474' title='bbox 1949 2998 2226 3056; x_wconf 90' lang='lat' dir='ltr'>scholam.</span> <span class='ocrx_word' id='word_1_475' title='bbox 2260 2996 2426 3055; x_wconf 87' lang='lat' dir='ltr'>Tomi</span> <span class='ocrx_word' id='word_1_476' title='bbox 2450 2996 2646 3071; x_wconf 90' lang='lat' dir='ltr'>primi,</span> <span class='ocrx_word' id='word_1_477' title='bbox 2681 2996 2785 3071; x_wconf 92' lang='lat' dir='ltr'>qui</span> <span class='ocrx_word' id='word_1_478' title='bbox 2807 2995 3081 3071; x_wconf 78' lang='lat' dir='ltr'>Logicam</span> 
     </span>
     <span class='ocr_line' id='line_1_80' title="bbox 1797 3085 3080 3161; baseline -0.003 -16"><span class='ocrx_word' id='word_1_479' title='bbox 1797 3086 2229 3161; x_wconf 87' lang='lat' dir='ltr'>complectitur,</span> <span class='ocrx_word' id='word_1_480' title='bbox 2280 3090 2488 3144; x_wconf 88' lang='lat' dir='ltr'>auctor</span> <span class='ocrx_word' id='word_1_481' title='bbox 2531 3090 2626 3143; x_wconf 85' lang='lat' dir='ltr'>est</span> <span class='ocrx_word' id='word_1_482' title='bbox 2656 3085 2906 3143; x_wconf 84' lang='lat' dir='ltr'>Michael</span> <span class='ocrx_word' id='word_1_483' title='bbox 2939 3103 2973 3141; x_wconf 91' lang='lat' dir='ltr'>a</span> <span class='ocrx_word' id='word_1_484' title='bbox 3006 3102 3080 3142; x_wconf 79' lang='grc'>33.</span> 
     </span>
     <span class='ocr_line' id='line_1_81' title="bbox 1796 3171 3080 3252; baseline -0.002 -19"><span class='ocrx_word' id='word_1_485' title='bbox 1796 3175 2196 3234; x_wconf 84' lang='lat' dir='ltr'>Trinitate</span> <span class='ocrx_word' id='word_1_486' title='bbox 2229 3171 2286 3252; x_wconf 84' lang='lat'>(†</span> <span class='ocrx_word' id='word_1_487' title='bbox 2327 3172 2553 3251; x_wconf 83' lang='lat'>1661);</span> <span class='ocrx_word' id='word_1_488' title='bbox 2600 3172 2784 3232; x_wconf 90' lang='lat' dir='ltr'>trium</span> <span class='ocrx_word' id='word_1_489' title='bbox 2830 3191 3080 3247; x_wconf 88' lang='lat' dir='ltr'>sequen-</span> 
     </span>
     <span class='ocr_line' id='line_1_82' title="bbox 1796 3260 3082 3339; baseline -0.002 -18"><span class='ocrx_word' id='word_1_490' title='bbox 1796 3265 1951 3322; x_wconf 86' lang='lat' dir='ltr'>tium</span> <span class='ocrx_word' id='word_1_491' title='bbox 1967 3264 2265 3323; x_wconf 87' lang='lat' dir='ltr'>Antonius</span> <span class='ocrx_word' id='word_1_492' title='bbox 2298 3260 2576 3339; x_wconf 76' lang='lat' dir='ltr'>nosterl).</span> <span class='ocrx_word' id='word_1_493' title='bbox 2622 3263 2833 3338; x_wconf 83' lang='lat' dir='ltr'>Magno</span> <span class='ocrx_word' id='word_1_494' title='bbox 2866 3262 3082 3336; x_wconf 80' lang='lat' dir='ltr'>plausu</span> 
     </span>
     <span class='ocr_line' id='line_1_83' title="bbox 1796 3349 3079 3420; baseline -0.002 -9"><span class='ocrx_word' id='word_1_495' title='bbox 1796 3371 2009 3411; x_wconf 88' lang='lat' dir='ltr'>cursus</span> <span class='ocrx_word' id='word_1_496' title='bbox 2055 3354 2151 3412; x_wconf 90' lang='lat' dir='ltr'>hic</span> <span class='ocrx_word' id='word_1_497' title='bbox 2181 3353 2298 3410; x_wconf 87' lang='lat' dir='ltr'>fuit</span> <span class='ocrx_word' id='word_1_498' title='bbox 2344 3353 2416 3409; x_wconf 84' lang='lat' dir='ltr'>ab</span> <span class='ocrx_word' id='word_1_499' title='bbox 2460 3350 2730 3420; x_wconf 86' lang='lat' dir='ltr'>eruditis,</span> <span class='ocrx_word' id='word_1_500' title='bbox 2776 3349 3079 3409; x_wconf 87' lang='lat' dir='ltr'>themistis</span> 
     </span>
     <span class='ocr_line' id='line_1_84' title="bbox 1795 3439 3079 3516; baseline -0.002 -17"><span class='ocrx_word' id='word_1_501' title='bbox 1795 3442 2163 3516; x_wconf 89' lang='lat' dir='ltr'>praesertim,</span> <span class='ocrx_word' id='word_1_502' title='bbox 2210 3443 2500 3515; x_wconf 87' lang='lat' dir='ltr'>receptus,</span> <span class='ocrx_word' id='word_1_503' title='bbox 2554 3439 2802 3513; x_wconf 89' lang='lat' dir='ltr'>ideoque</span> <span class='ocrx_word' id='word_1_504' title='bbox 2834 3456 3079 3497; x_wconf 89' lang='lat' dir='ltr'>recusus</span> 
     </span>
    </p>
   </div>
   <div class='ocr_carea' id='block_1_10' title="bbox 1796 3583 1950 3589">
    <p class='ocr_par' dir='ltr' id='par_1_10' title="bbox 1796 3583 1950 3589">
     <span class='ocr_line' id='line_1_85' title="bbox 1796 3583 1950 3589; baseline 0 0"><span class='ocrx_word' id='word_1_505' title='bbox 1796 3583 1950 3589; x_wconf 95' lang='lat' dir='ltr'> </span> 
     </span>
    </p>
   </div>
   <div class='ocr_carea' id='block_1_11' title="bbox 1791 3643 3082 4356">
    <p class='ocr_par' dir='ltr' id='par_1_11' title="bbox 1791 3643 3082 4356">
     <span class='ocr_line' id='line_1_86' title="bbox 1875 3643 3080 3717; baseline -0.002 -18"><span class='ocrx_word' id='word_1_506' title='bbox 1875 3650 1910 3717; x_wconf 86' lang='lat'>¹)</span> <span class='ocrx_word' id='word_1_507' title='bbox 1939 3644 2194 3710; x_wconf 57' lang='grc'>(3881801-</span> <span class='ocrx_word' id='word_1_508' title='bbox 2232 3644 2431 3697; x_wconf 83' lang='lat' dir='ltr'>saltem</span> <span class='ocrx_word' id='word_1_509' title='bbox 2475 3643 2908 3714; x_wconf 84' lang='lat' dir='ltr'>distinguuntur</span> <span class='ocrx_word' id='word_1_510' title='bbox 2953 3643 3080 3696; x_wconf 86' lang='lat' dir='ltr'>scri-</span> 
     </span>
     <span class='ocr_line' id='line_1_87' title="bbox 1792 3714 3082 3787; baseline -0.003 -16"><span class='ocrx_word' id='word_1_511' title='bbox 1792 3719 1985 3787; x_wconf 84' lang='lat' dir='ltr'>ptores</span> <span class='ocrx_word' id='word_1_512' title='bbox 2006 3716 2256 3785; x_wconf 87' lang='lat' dir='ltr'>ejusdem</span> <span class='ocrx_word' id='word_1_513' title='bbox 2278 3716 2522 3769; x_wconf 89' lang='lat' dir='ltr'>nominis</span> <span class='ocrx_word' id='word_1_514' title='bbox 2542 3716 2605 3769; x_wconf 86' lang='lat' dir='ltr'>et</span> <span class='ocrx_word' id='word_1_515' title='bbox 2617 3714 2868 3768; x_wconf 86' lang='lat' dir='ltr'>sodalitii</span> <span class='ocrx_word' id='word_1_516' title='bbox 2888 3736 2900 3768; x_wconf 89' lang='lat'>:</span> <span class='ocrx_word' id='word_1_517' title='bbox 2920 3714 3082 3767; x_wconf 90' lang='lat' dir='ltr'>Prae·</span> 
     </span>
     <span class='ocr_line' id='line_1_88' title="bbox 1794 3785 3081 3843; baseline -0.004 -1"><span class='ocrx_word' id='word_1_518' title='bbox 1794 3793 1880 3843; x_wconf 88' lang='lat' dir='ltr'>ter</span> <span class='ocrx_word' id='word_1_519' title='bbox 1916 3790 2174 3841; x_wconf 85' lang='lat' dir='ltr'>nostrum</span> <span class='ocrx_word' id='word_1_520' title='bbox 2213 3787 2361 3840; x_wconf 87' lang='lat' dir='ltr'>alius</span> <span class='ocrx_word' id='word_1_521' title='bbox 2401 3787 2512 3839; x_wconf 86' lang='lat' dir='ltr'>fuit</span> <span class='ocrx_word' id='word_1_522' title='bbox 2549 3785 2955 3842; x_wconf 82' lang='lat' dir='ltr'>Avenionensis</span> <span class='ocrx_word' id='word_1_523' title='bbox 2994 3786 3081 3839; x_wconf 78' lang='lat' dir='ltr'>vir</span> 
     </span>
     <span class='ocr_line' id='line_1_89' title="bbox 1794 3856 3079 3931; baseline -0.003 -17"><span class='ocrx_word' id='word_1_524' title='bbox 1794 3859 2099 3931; x_wconf 85' lang='lat' dir='ltr'>prudentia</span> <span class='ocrx_word' id='word_1_525' title='bbox 2139 3875 2203 3911; x_wconf 88' lang='lat' dir='ltr'>ac</span> <span class='ocrx_word' id='word_1_526' title='bbox 2227 3858 2440 3928; x_wconf 89' lang='lat' dir='ltr'>pietate</span> <span class='ocrx_word' id='word_1_527' title='bbox 2476 3858 2679 3923; x_wconf 87' lang='lat' dir='ltr'>clarus,</span> <span class='ocrx_word' id='word_1_528' title='bbox 2719 3856 2983 3912; x_wconf 85' lang='lat' dir='ltr'>definitor</span> <span class='ocrx_word' id='word_1_529' title='bbox 3018 3874 3079 3910; x_wconf 86' lang='lat' dir='ltr'>ac</span> 
     </span>
     <span class='ocr_line' id='line_1_90' title="bbox 1795 3928 3082 4002; baseline -0.002 -19"><span class='ocrx_word' id='word_1_530' title='bbox 1795 3930 2156 4002; x_wconf 83' lang='lat' dir='ltr'>provincialis</span> <span class='ocrx_word' id='word_1_531' title='bbox 2184 3939 2230 3995; x_wconf 82' lang='lat'>(†</span> <span class='ocrx_word' id='word_1_532' title='bbox 2251 3930 2378 3986; x_wconf 83' lang='lat' dir='ltr'><strong>14.J</strong></span> <span class='ocrx_word' id='word_1_533' title='bbox 2387 3931 2463 3985; x_wconf 91' lang='lat' dir='ltr'>ul.</span> <span class='ocrx_word' id='word_1_534' title='bbox 2482 3934 2656 4002; x_wconf 84' lang='grc'>1662),</span> <span class='ocrx_word' id='word_1_535' title='bbox 2686 3930 2785 3997; x_wconf 90' lang='lat' dir='ltr'>qui</span> <span class='ocrx_word' id='word_1_536' title='bbox 2808 3928 3082 3983; x_wconf 85' lang='lat' dir='ltr'>nonnulla</span> 
     </span>
     <span class='ocr_line' id='line_1_91' title="bbox 1834 4000 3081 4127; baseline -0.003 -72"><span class='ocrx_word' id='word_1_537' title='bbox 1834 4002 1891 4056; x_wconf 88' lang='lat' dir='ltr'>ia</span> <span class='ocrx_word' id='word_1_538' title='bbox 1917 4001 2189 4127; x_wconf 57' lang='lat' dir='ltr'>etpuscula</span> <span class='ocrx_word' id='word_1_539' title='bbox 2214 4002 2560 4125; x_wconf 71' lang='lat' dir='ltr'>conscriszit,</span> <span class='ocrx_word' id='word_1_540' title='bbox 2598 4001 2800 4126; x_wconf 53' lang='lat' dir='ltr'>qliliibus</span> <span class='ocrx_word' id='word_1_541' title='bbox 2829 4000 3081 4124; x_wconf 61' lang='lat' dir='ltr'>fidelimtl</span> 
     </span>
     <span class='ocr_line' id='line_1_92' title="bbox 1834 4088 3034 4129; baseline -0.003 -1"><span class='ocrx_word' id='word_1_542' title='bbox 1834 4091 1937 4129; x_wconf 80' lang='lat' dir='ltr'>evo</span> <span class='ocrx_word' id='word_1_543' title='bbox 1989 4089 2154 4128; x_wconf 88' lang='lat' dir='ltr'>onem</span> <span class='ocrx_word' id='word_1_544' title='bbox 2196 4090 2256 4127; x_wconf 89' lang='lat' dir='ltr'>er</span> <span class='ocrx_word' id='word_1_545' title='bbox 2298 4089 2331 4126; x_wconf 92' lang='lat' dir='ltr'>a</span> <span class='ocrx_word' id='word_1_546' title='bbox 2375 4090 2417 4128; x_wconf 91' lang='lat' dir='ltr'>s.</span> <span class='ocrx_word' id='word_1_547' title='bbox 2490 4090 2581 4127; x_wconf 93' lang='lat' dir='ltr'>ose</span> <span class='ocrx_word' id='word_1_548' title='bbox 2745 4088 3034 4127; x_wconf 87' lang='lat' dir='ltr'>removere</span> 
     </span>
     <span class='ocr_line' id='line_1_93' title="bbox 1792 4090 3081 4215; baseline -0.004 -15"><span class='ocrx_word' id='word_1_549' title='bbox 1792 4161 1974 4215; x_wconf 89' lang='lat' dir='ltr'>eoque</span> <span class='ocrx_word' id='word_1_550' title='bbox 2000 4144 2110 4201; x_wconf 84' lang='lat' dir='ltr'>fine</span> <span class='ocrx_word' id='word_1_551' title='bbox 2139 4144 2271 4213; x_wconf 90' lang='lat' dir='ltr'>pulc</span> <span class='ocrx_word' id='word_1_552' title='bbox 2312 4161 2377 4197; x_wconf 86' lang='lat' dir='ltr'>ra</span> <span class='ocrx_word' id='word_1_553' title='bbox 2397 4144 2525 4199; x_wconf 90' lang='lat' dir='ltr'>diss.</span> <span class='ocrx_word' id='word_1_554' title='bbox 2554 4090 2817 4214; x_wconf 47' lang='lat' dir='ltr'>egpoguit</span> <span class='ocrx_word' id='word_1_555' title='bbox 2849 4116 3081 4198; x_wconf 66' lang='grc' dir='ltr'>17183ααῖ</span> 
     </span>
     <span class='ocr_line' id='line_1_94' title="bbox 1792 4217 3078 4282; baseline -0.003 -11"><span class='ocrx_word' id='word_1_556' title='bbox 1792 4236 1914 4271; x_wconf 75' lang='lat' dir='ltr'>rum</span> <span class='ocrx_word' id='word_1_557' title='bbox 1955 4219 2387 4271; x_wconf 74' lang='lat' dir='ltr'>inaestimabilem</span> <span class='ocrx_word' id='word_1_558' title='bbox 2426 4222 2740 4271; x_wconf 74' lang='lat' dir='ltr'>meritorum</span> <span class='ocrx_word' id='word_1_559' title='bbox 2780 4233 2823 4268; x_wconf 84' lang='lat' dir='ltr'>s.</span> <span class='ocrx_word' id='word_1_560' title='bbox 2863 4217 3078 4282; x_wconf 72' lang='lat' dir='ltr'>Joseph,</span> 
     </span>
     <span class='ocr_line' id='line_1_95' title="bbox 1791 4286 3080 4356; baseline -0.003 -17"><span class='ocrx_word' id='word_1_561' title='bbox 1791 4286 2140 4356; x_wconf 89' lang='lat' dir='ltr'>modumque</span> <span class='ocrx_word' id='word_1_562' title='bbox 2185 4286 2426 4340; x_wconf 84' lang='lat' dir='ltr'>tradidit</span> <span class='ocrx_word' id='word_1_563' title='bbox 2469 4287 2663 4341; x_wconf 89' lang='lat' dir='ltr'>omnia</span> <span class='ocrx_word' id='word_1_564' title='bbox 2707 4301 2878 4353; x_wconf 85' lang='lat' dir='ltr'>opera</span> <span class='ocrx_word' id='word_1_565' title='bbox 2927 4300 3080 4337; x_wconf 84' lang='lat' dir='ltr'>exer-</span> 
     </span>
    </p>
   </div>
   <div class='ocr_carea' id='block_1_12' title="bbox 1790 4355 3079 4497">
    <p class='ocr_par' dir='ltr' id='par_1_12' title="bbox 1790 4355 3079 4497">
     <span class='ocr_line' id='line_1_96' title="bbox 1790 4355 3078 4424; baseline -0.005 -12"><span class='ocrx_word' id='word_1_566' title='bbox 1790 4357 1953 4413; x_wconf 85' lang='lat' dir='ltr'>cendi</span> <span class='ocrx_word' id='word_1_567' title='bbox 1979 4358 2039 4411; x_wconf 89' lang='lat' dir='ltr'>in</span> <span class='ocrx_word' id='word_1_568' title='bbox 2067 4358 2336 4412; x_wconf 87' lang='lat' dir='ltr'>honorem</span> <span class='ocrx_word' id='word_1_569' title='bbox 2361 4358 2388 4411; x_wconf 87' lang='lat' dir='ltr'>J</span> <span class='ocrx_word' id='word_1_570' title='bbox 2397 4374 2512 4422; x_wconf 89' lang='lat' dir='ltr'>esu,</span> <span class='ocrx_word' id='word_1_571' title='bbox 2538 4357 2746 4411; x_wconf 82' lang='lat' dir='ltr'>Mariae</span> <span class='ocrx_word' id='word_1_572' title='bbox 2773 4359 2830 4408; x_wconf 90' lang='lat' dir='ltr'>et</span> <span class='ocrx_word' id='word_1_573' title='bbox 2855 4355 2887 4408; x_wconf 89' lang='lat' dir='ltr'>J</span> <span class='ocrx_word' id='word_1_574' title='bbox 2893 4355 3078 4424; x_wconf 80' lang='lat' dir='ltr'>oseph,</span> 
     </span>
     <span class='ocr_line' id='line_1_97' title="bbox 1790 4428 3079 4497; baseline -0.005 -14"><span class='ocrx_word' id='word_1_575' title='bbox 1790 4428 2081 4484; x_wconf 79' lang='lat' dir='ltr'>Avenione</span> <span class='ocrx_word' id='word_1_576' title='bbox 2109 4434 2251 4487; x_wconf 84' lang='lat'>1646</span> <span class='ocrx_word' id='word_1_577' title='bbox 2277 4463 2344 4470; x_wconf 86' lang='lat'>—-</span> <span class='ocrx_word' id='word_1_578' title='bbox 2373 4428 2453 4481; x_wconf 78' lang='lat' dir='ltr'>De</span> <span class='ocrx_word' id='word_1_579' title='bbox 2495 4428 2663 4481; x_wconf 85' lang='lat' dir='ltr'>tertio</span> <span class='ocrx_word' id='word_1_580' title='bbox 2690 4432 2739 4497; x_wconf 86' lang='lat'>(†</span> <span class='ocrx_word' id='word_1_581' title='bbox 2774 4430 2926 4496; x_wconf 82' lang='lat'>1679)</span> <span class='ocrx_word' id='word_1_582' title='bbox 2952 4442 3079 4495; x_wconf 87' lang='lat' dir='ltr'>age·</span> 
     </span>
    </p>
   </div>
   <div class='ocr_carea' id='block_1_13' title="bbox 1792 4497 3076 4567">
    <p class='ocr_par' dir='ltr' id='par_1_13' title="bbox 1792 4497 3076 4567">
     <span class='ocr_line' id='line_1_98' title="bbox 1792 4497 3076 4567; baseline -0.004 -13"><span class='ocrx_word' id='word_1_583' title='bbox 1792 4518 1919 4554; x_wconf 88' lang='lat' dir='ltr'>mus</span> <span class='ocrx_word' id='word_1_584' title='bbox 1960 4503 2000 4560; x_wconf 86' lang='lat' dir='ltr'>t.</span> <span class='ocrx_word' id='word_1_585' title='bbox 2028 4517 2143 4567; x_wconf 90' lang='lat' dir='ltr'>seq.</span> <span class='ocrx_word' id='word_1_586' title='bbox 2186 4535 2247 4542; x_wconf 92' lang='lat'>—</span> <span class='ocrx_word' id='word_1_587' title='bbox 2293 4500 2540 4565; x_wconf 83' lang='lat' dir='ltr'>Quartus</span> <span class='ocrx_word' id='word_1_588' title='bbox 2581 4502 2645 4553; x_wconf 91' lang='lat' dir='ltr'>A.</span> <span class='ocrx_word' id='word_1_589' title='bbox 2685 4515 2720 4551; x_wconf 86' lang='lat' dir='ltr'>a</span> <span class='ocrx_word' id='word_1_590' title='bbox 2754 4497 2934 4551; x_wconf 84' lang='lat' dir='ltr'>Matre</span> <span class='ocrx_word' id='word_1_591' title='bbox 2979 4497 3076 4550; x_wconf 91' lang='lat' dir='ltr'>Dei</span> 
     </span>
    </p>
   </div>
   <div class='ocr_carea' id='block_1_14' title="bbox 1790 4568 3078 4641">
    <p class='ocr_par' dir='ltr' id='par_1_14' title="bbox 1790 4568 3078 4641">
     <span class='ocr_line' id='line_1_99' title="bbox 1790 4568 3078 4641; baseline -0.002 -16"><span class='ocrx_word' id='word_1_592' title='bbox 1790 4572 1983 4641; x_wconf 86' lang='lat' dir='ltr'>patria</span> <span class='ocrx_word' id='word_1_593' title='bbox 2026 4571 2366 4625; x_wconf 84' lang='lat' dir='ltr'>Catalaunus</span> <span class='ocrx_word' id='word_1_594' title='bbox 2415 4570 2651 4638; x_wconf 87' lang='lat' dir='ltr'>reliquit</span> <span class='ocrx_word' id='word_1_595' title='bbox 2694 4569 2934 4623; x_wconf 84' lang='lat' dir='ltr'>ascetica</span> <span class='ocrx_word' id='word_1_596' title='bbox 2978 4568 3078 4638; x_wconf 80' lang='lat' dir='ltr'>(in-</span> 
     </span>
    </p>
   </div>
   <div class='ocr_carea' id='block_1_15' title="bbox 1792 4640 3079 4851">
    <p class='ocr_par' dir='ltr' id='par_1_15' title="bbox 1792 4640 3079 4851">
     <span class='ocr_line' id='line_1_100' title="bbox 1792 4640 3078 4710; baseline -0.005 -13"><span class='ocrx_word' id='word_1_597' title='bbox 1792 4642 1982 4707; x_wconf 68' lang='lat' dir='ltr'>edita).</span> <span class='ocrx_word' id='word_1_598' title='bbox 2011 4642 2241 4697; x_wconf 89' lang='lat' dir='ltr'>Praeter</span> <span class='ocrx_word' id='word_1_599' title='bbox 2266 4644 2369 4696; x_wconf 89' lang='lat' dir='ltr'>hos</span> <span class='ocrx_word' id='word_1_600' title='bbox 2404 4646 2490 4695; x_wconf 87' lang='lat' dir='ltr'>est</span> <span class='ocrx_word' id='word_1_601' title='bbox 2516 4643 2773 4710; x_wconf 86' lang='lat' dir='ltr'>quintus,</span> <span class='ocrx_word' id='word_1_602' title='bbox 2811 4656 2925 4692; x_wconf 87' lang='lat' dir='ltr'>non</span> <span class='ocrx_word' id='word_1_603' title='bbox 2953 4640 3078 4692; x_wconf 81' lang='lat' dir='ltr'>Car·</span> 
     </span>
     <span class='ocr_line' id='line_1_101' title="bbox 1792 4712 3079 4781; baseline -0.004 -13"><span class='ocrx_word' id='word_1_604' title='bbox 1792 4713 2008 4779; x_wconf 88' lang='lat' dir='ltr'>melita,</span> <span class='ocrx_word' id='word_1_605' title='bbox 2037 4715 2132 4768; x_wconf 87' lang='lat' dir='ltr'>sed</span> <span class='ocrx_word' id='word_1_606' title='bbox 2151 4712 2212 4768; x_wconf 91' lang='grc' dir='ltr'>Ο.</span> <span class='ocrx_word' id='word_1_607' title='bbox 2236 4714 2289 4767; x_wconf 81' lang='lat' dir='ltr'>S.</span> <span class='ocrx_word' id='word_1_608' title='bbox 2308 4712 2488 4779; x_wconf 84' lang='lat' dir='ltr'>Pauli,</span> <span class='ocrx_word' id='word_1_609' title='bbox 2516 4712 2585 4766; x_wconf 88' lang='lat' dir='ltr'>de</span> <span class='ocrx_word' id='word_1_610' title='bbox 2608 4730 2721 4781; x_wconf 89' lang='lat' dir='ltr'>quo</span> <span class='ocrx_word' id='word_1_611' title='bbox 2747 4714 2788 4765; x_wconf 86' lang='lat' dir='ltr'>t.</span> <span class='ocrx_word' id='word_1_612' title='bbox 2815 4727 2929 4780; x_wconf 88' lang='lat' dir='ltr'>seq.</span> <span class='ocrx_word' id='word_1_613' title='bbox 2953 4727 3079 4781; x_wconf 79' lang='lat' dir='ltr'>age·</span> 
     </span>
     <span class='ocr_line' id='line_1_102' title="bbox 1794 4784 2848 4851; baseline -0.002 -11"><span class='ocrx_word' id='word_1_614' title='bbox 1794 4802 1939 4841; x_wconf 85' lang='lat' dir='ltr'>mus.</span> <span class='ocrx_word' id='word_1_615' title='bbox 1964 4784 2047 4841; x_wconf 84' lang='lat' dir='ltr'>Cf.</span> <span class='ocrx_word' id='word_1_616' title='bbox 2071 4784 2310 4840; x_wconf 87' lang='lat' dir='ltr'>Michael</span> <span class='ocrx_word' id='word_1_617' title='bbox 2336 4802 2369 4837; x_wconf 89' lang='lat' dir='ltr'>a</span> <span class='ocrx_word' id='word_1_618' title='bbox 2397 4802 2436 4838; x_wconf 90' lang='lat' dir='ltr'>s.</span> <span class='ocrx_word' id='word_1_619' title='bbox 2463 4785 2574 4838; x_wconf 76' lang='lat' dir='ltr'>JOS.</span> <span class='ocrx_word' id='word_1_620' title='bbox 2599 4790 2646 4851; x_wconf 88' lang='lat'>1,</span> <span class='ocrx_word' id='word_1_621' title='bbox 2673 4788 2776 4840; x_wconf 79' lang='lat'>271</span> <span class='ocrx_word' id='word_1_622' title='bbox 2806 4801 2848 4838; x_wconf 85' lang='lat' dir='ltr'>s.</span> 
     </span>
    </p>
   </div>
  </div>
 </body>
</html>
