3625 5193
404 230 526 282 465
1370 210 1690 274 Gonterius,
1718 208 2069 265 Possevinus.

2894 226 3017 279 466

398 416 706 474 reynerum
739 398 799 454 ll.
838 407 870 459 8
920 398 1202 455 adversus
1235 399 1446 473 impios
1480 398 1680 473 politi·
1746 407 1930 461 1614.
1973 408 2135 460 1615
2171 401 2213 456 t.
2253 406 2322 468 3;
2369 398 2715 470 Exposition
2747 398 2814 454 de
2845 396 3021 454 subti-

400 504 514 557 cos,
549 486 626 548 ib.
671 495 867 555 15963
902 486 1170 545 Coloniae
1213 496 1392 550 1598.
1441 488 1682 564 Cogita·
1738 490 1867 544 litez
1903 487 2008 563 qui
2044 504 2105 545 se
2137 488 2266 545 font
2297 486 2445 544 dans
2499 487 2583 544 les
2614 486 2885 561 disputes
2919 503 3024 542 sur

397 576 501 634 bat
528 578 837 650 praeterea
866 594 1111 651 magnae
1145 576 1316 634 molis
1337 595 1517 652 opus:
1554 578 1679 635 An·
1739 577 1799 634 la
1830 576 1931 653 foy
1951 577 2170 651 lorsqu'
2190 594 2265 633 on
2297 594 2372 633 ne
2390 578 2531 650 peut
2550 575 2777 632 donner
2795 592 3023 632 aucune

398 665 557 723 nates
605 665 1010 739 antiquitatum
1025 686 1049 738 ;
1098 683 1304 722 verum
1351 684 1420 723 ex
1477 677 1571 734 10,
1619 665 1682 722 111
1738 665 1929 724 solide
1949 665 2163 736 raison,
2188 665 2428 723 Parisiis
2459 673 2652 734 1613;
2686 663 3023 736 Refutation

402 771 550 829 quos
582 753 735 811 illud
783 753 1188 823 distribuerat,
1221 754 1394 812 tomis
1451 766 1497 816 1.
1548 761 1680 812 tan·
1737 756 2005 828 complete
2054 754 2155 812 des
2207 771 2440 811 erreurs
2486 753 2557 811 de
2590 771 2653 811 ce
2688 752 2881 820 510010,
2916 753 3019 810 Oa·

401 846 530 900 tum
563 838 823 921 (aborbe
855 843 1296 916 conditousque
1315 843 1388 901 ad
1411 839 1682 922 02024)
1739 844 1993 918 rolopoli
2055 852 2217 906 1613
2272 844 2331 900 in
2368 844 2443 914 8,·
2492 843 2550 900 la
2599 844 2769 899 ruine
2818 842 3025 898 entibre

401 931 617 1007 prodiit
679 948 824 989 cura
871 930 1068 989 fratris
1122 932 1217 989 sui
1233 927 1300 1009 ¹),
1349 932 1451 1007 qui
1514 951 1681 1007 prae·
1739 932 1899 991 dela
1930 932 2271 990 Confession
2303 931 2375 990 de
2409 931 2529 1006 Foy
2571 930 2672 988 des
2704 931 3020 998 ministres,

403 1020 569 1078 misit
629 1019 884 1078 Thomae
945 1020 1148 1089 vitam,
1213 1021 1430 1079 Romae
1503 1032 1680 1084 1637.
1738 1020 1975 1090 Cadomi
2021 1031 2203 1083 1616.
2264 1021 2335 1078 In
2380 1019 2589 1095 primis
2639 1038 2778 1077 vero
2812 1019 3025 1077 acriter

403 1109 666 1167 Plurima
728 1126 902 1183 opera
951 1113 1010 1166 et
1056 1111 1361 1183 opuscula,
1427 1128 1680 1185 quorum

404 1197 801 1272 manuscripta
819 1201 1050 1257 servata
1065 1198 1228 1255 fuere
1245 1198 1306 1256 in
1325 1199 1683 1257 bibliotheca

401 1286 784 1355 vallicellana,
853 1291 1203 1345 manserunt
1277 1287 1518 1346 inedita.
1596 1320 1683 1331 -—

404 1376 573 1433 Alter
623 1379 713 1433 est
760 1374 1020 1433 Joannes
1072 1377 1491 1434 Gonterius
1538 1378 1593 1438 S.
1625 1377 1680 1433 J.

1738 1111 2044 1168 insecutus
2077 1113 2168 1168 est
2200 1109 2558 1167 Molinaeum
2608 1108 2782 1165 editis
2831 1106 3022 1183 pluri-

1738 1199 1850 1257 bus
1887 1199 2172 1258 adversus
2206 1216 2343 1257 eum
2374 1198 2610 1256 libellis.

1836 1387 1974 1438 199.
2008 1377 2230 1434 Ultimo
2263 1375 2386 1434 loco
2435 1377 2715 1433 italorum
2759 1374 3021 1432 omnium

401 1464 803 1532 Tam-inensis,
855 1465 959 1538 qui
991 1469 1192 1522 tamen
1223 1465 1341 1523 sere
1374 1470 1560 1524 totam
1594 1466 1681 1524 vi·
1736 1466 2151 1525 doctissimum
2185 1465 2460 1541 ponimus
2493 1463 2823 1522 Antonium
2855 1464 3022 1520 Pos-

401 1557 522 1610 tam
539 1553 830 1628 transegit
845 1553 905 1610 in
925 1553 1131 1622 Gallia,
1151 1556 1243 1628 cuj
1252 1574 1320 1611 us
1335 1556 1681 1630 praecipuas

1741 1555 2088 1613 sevinum
2141 1555 2193 1611 S.
2245 1554 2300 1610 J.
2365 1553 2560 1628 patria
2612 1554 3021 1620 mantuanum,

401 1642 674 1700 civitates
751 1642 1136 1700 concionibus
1214 1642 1337 1700 suis
1406 1644 1680 1712 excoluit,
1738 1664 1796 1706 n.
1853 1653 2015 1706 1534
2068 1643 2419 1718 parentibus
2468 1641 2789 1709 nobilibus,
2844 1641 2940 1698 cui
2992 1659 3026 1698 a

404 1749 618 1806 magno
652 1730 1077 1788 catholicorum
1109 1732 1530 1801 emolumentO,
1564 1750 1683 1790 non

1739 1733 1929 1808 prima
1975 1736 2167 1790 aetate
2213 1734 2418 1789 tantus
2465 1730 2684 1789 sciendi
2725 1729 2901 1788 ardor
2930 1729 3023 1787 in·

402 1819 609 1877 minori
626 1823 984 1878 novatorum
1000 1820 1230 1881 damno,
1263 1821 1685 1879 Formidabant
1738 1823 2022 1890 haeserat,
2057 1824 2128 1878 ut
2160 1839 2291 1878 011111
2326 1820 2397 1877 ad
2431 1820 2691 1894 quietem
2741 1836 2802 1876 se
2843 1820 3025 1876 noctu

404 1907 780 1979 calvinistae,
832 1927 980 1984 quos
1033 1928 1133 1968 ore
1166 1912 1225 1967 et
1260 1909 1493 1984 scriptis
1527 1913 1685 1968 arcte

404 1997 724 2096 premebat,
759 1998 887 2072 ejus
910 1998 1313 2071 eloquentiam
1334 1997 1685 2074 dicendique

1740 1915 2136 1984 componeret,
2200 1909 2411 1966 tibiam
2473 1909 2548 1966 ad
2609 1907 3025 1966 columnellam

1740 1999 2029 2075 alligaret,
2065 2002 2133 2056 ut
2166 1998 2269 2055 ubi
2303 1998 2562 2072 primum
2613 2014 2675 2054 se
2709 1996 2782 2054 ab
2816 2014 3025 2071 sopore

404 2104 541 2156 vim,
574 2090 646 2143 ut
669 2088 794 2160 jam
839 2087 1022 2162 vulgo
1068 2087 1502 2146 haereticorum
1535 2088 1685 2144 mal·
1739 2088 1931 2163 primo
1966 2087 2380 2153 commisisset,
2433 2103 2501 2143 eo
2534 2086 2703 2143 velut
2734 2085 3024 2142 monitore

405 2174 532 2232 leus
563 2175 975 2250 appellaretur.
1010 2174 1177 2234 Vitae
1197 2175 1432 2235 mortali
1463 2174 1684 2234 valedi-

407 2263 494 2320 xit
535 2274 628 2324 11.
662 2264 809 2322 Nov.
850 2274 1034 2327 1616.
1072 2265 1338 2323 Plurima
1371 2261 1507 2346 (22)
1543 2269 1687 2322 sunt

404 2352 668 2426 ejusdem
721 2349 1090 2434 opuscula2)‚
1143 2354 1302 2412 inter
1347 2373 1497 2428 quae
1542 2354 1684 2411 emi-

404 2446 576 2498 nent:
631 2442 726 2498 La
757 2460 929 2517 vraye
952 2443 1278 2515 procedure
1299 2461 1459 2516 pour
1489 2444 1685 2500 termi-

407 2547 509 2586 ner
540 2531 589 2587 le
620 2530 887 2604 different
931 2551 998 2588 en
1044 2533 1280 2589 matiere
1328 2534 1398 2589 de
1428 2533 1684 2609 reliqion‚

407 2618 642 2678 Cadomi
687 2628 867 2689 1607,
902 2640 934 2678 a
965 2620 1194 2678 Joanne
1247 2621 1688 2697 Mocquetio

407 2707 459 2765 S.
492 2709 547 2770 J.
581 2709 765 2766 latine
793 2709 1023 2767 reddita
1053 2709 1162 2768 hoe
1194 2709 1404 2769 titulo:
1472 2710 1684 2769 Metho-

405 2796 514 2854 ἀνθ
547 2797 904 2863 Gonteriana-
937 2800 1056 2857 sive
1076 2798 1287 2857 modus
1307 2803 1365 2857 et
1386 2798 1537 2856 ratio
1554 2816 1685 2857 cum

407 2885 715 2944 haereticis
748 2904 817 2944 ex
852 2888 974 2946 solo
999 2888 1101 2946 Dei
1123 2888 1301 2946 verbo
1321 2887 1686 2962 disputandi,

408 2973 759 3050 Ingolstadii
784 2976 1030 3037 1618111
1052 2988 1087 3038 4
1108 2998 1120 3044 ;
1154 2977 1232 3033 du
1252 2977 1394 3052 juye
1424 2977 1522 3033 des
1542 2977 1687 3034 Con·

406 3069 699 3139 troverses,
736 3064 980 3123 Parisiis
1024 3075 1184 3128 1616
1221 3065 1285 3123 111
1310 3073 1377 3134 8;
1411 3066 1466 3122 la
1491 3064 1690 3123 Pierre

408 3153 474 3209 de
501 3154 725 3224 touch&
766 3171 844 3211 ou
890 3153 947 3210 la
991 3171 1171 3228 vraye
1218 3154 1489 3212 methode
1543 3172 1690 3228 pour

405 3240 723 3299 desabuser
785 3242 866 3299 les
929 3243 1144 3317 esprits
1197 3245 1461 3318 trompez
1511 3243 1689 3301 soubs

408 3330 650 3388 couleur
712 3331 783 3388 de
847 3330 1262 3399 Reformation,
1336 3332 1690 3407 Burdigalae

481 3559 520 3623 ¹)
549 3553 652 3606 Hie
680 3554 906 3607 nomine
947 3553 1352 3609 Franciscu
1378 3573 1402 3607 s
1441 3558 1488 3626 (†
1516 3559 1693 3620 1643),

407 3627 618 3693 pariter
663 3625 906 3694 scriptor
955 3629 1011 3678 et
1055 3625 1261 3678 sodalis
1307 3625 1418 3679 fuit
1468 3630 1692 3695 congre·

407 3695 656 3763 gationis
706 3694 968 3751 Oratorii.
1021 3696 1255 3765 Scripsit
1303 3701 1365 3750 de
1416 3701 1696 3766 temporali

410 3768 669 3821 Ecclesiae
713 3772 1022 3821 monarchia
1067 3778 1114 3821 et
1143 3772 1516 3835 jurisdictione
1560 3769 1619 3822 ll.
1661 3772 1695 3824 5

407 3842 604 3891 contra
625 3838 884 3907 politicos
903 3842 960 3892 et
975 3840 1301 3905 haereticos,
1329 3839 1537 3893 Romae
1555 3845 1689 3896 1601

411 3910 449 3961 t.
476 3914 508 3964 2
535 3909 598 3962 in
623 3914 684 3975 4;
714 3910 974 3963 Coloniae
1004 3915 1157 3966 1602.
1211 3909 1383 3964 Plura.
1409 3910 1477 3963 de
1504 3914 1692 3964 nostro

407 3979 623 4035 Thoma
650 3981 717 4034 cf.
744 3981 803 4033 in
827 3981 875 4033 N
881 3981 978 4035 icii
999 3980 1296 4049 Erythraei
1318 3981 1695 4035 Pinacotheca

407 4068 462 4120 p.
488 4057 537 4107 1.
564 4051 738 4121 imag.
761 4057 860 4108 50:
888 4052 958 4105 de
984 4056 1227 4119 utroque
1244 4052 1397 4121 apud
1416 4051 1694 4107 Villarosa

407 4122 674 4177 Memorie
701 4124 940 4177 storiche
967 4124 1120 4193 degli
1149 4124 1406 4177 Sorittori
1417 4123 1693 4193 Filippini

411 4211 466 4262 p.
493 4197 684 4251 74-78:
727 4194 917 4248 Morus
937 4195 1160 4250 Bibliot.
1182 4194 1285 4262 pic.
1306 4195 1402 4259 111,
1419 4199 1694 4252 45-53·56.

482 4269 521 4333 ²)
550 4264 631 4319 Of.
652 4264 1069 4336 Sommervogel
1087 4267 1180 4329 111,
1200 4270 1496 4322 1567—74.
1525 4264 1694 4321 Plura

408 4335 478 4390 de
504 4336 756 4405 Gontery
770 4338 1014 4406 reperies
1033 4354 1120 4406 ap.
1140 4338 1190 4390 J.
1210 4338 1438 4406 Caspel:
1466 4338 1567 4390 Les
1584 4340 1692 4390 tro-

412 4407 582 4476 1111600
609 4408 683 4460 (111
710 4407 768 4461 P.
800 4408 1064 4476 Gontery‚
1085 4407 1314 4489 jesuite,
1342 4425 1475 4462 avec
1503 4424 1581 4460 un
1608 4424 1691 4461 oa-

407 4478 678 4533 techisme
741 4496 887 4548 pour
936 4496 1037 4532 son
1088 4480 1447 4543 instruction,
1510 4480 1694 4533 Sedan

409 4554 564 4614 1613,
582 4549 854 4617 aliosque,
869 4568 1007 4618 quos
1020 4550 1252 4604 adducit
1269 4551 1449 4604 Feller
1461 4550 1552 4609 lv,
1571 4555 1690 4615 209,

409 4621 508 4688 qui
553 4637 682 4675 eum
725 4621 893 4674 dicit:
949 4621 1341 4683 „Predicateur
1380 4626 1437 4675 et
1461 4623 1692 4676 ‘contro-

409 4693 642 4747 versiste
668 4692 905 4746 redoute
923 4692 1014 4745 des
1031 4696 1429 4761 protestants“.
1457 4693 1537 4746 Cf.
1557 4693 1694 4746 Con-

408 4764 617 4817 tinuat.
647 4763 775 4823 hist.
803 4763 933 4822 eccl.
965 4764 1175 4818 Fleurii
1202 4765 1237 4817 l.
1269 4767 1372 4822 188
1398 4775 1424 4831 5
1452 4769 1570 4821 114.

1740 2176 2030 2235 excitatus
2076 2175 2151 2233 ad
2193 2174 2392 2233 studia
2441 2176 2727 2251 surgeret.
2790 2173 2874 2230 Ex
2907 2192 3025 2248 qua

1744 2264 1963 2340 puerili
1981 2263 2222 2323 solertia
2239 2262 2425 2332 utilis,
2444 2282 2622 2336 quam
2653 2262 2725 2319 ad
2742 2262 3021 2319 ultimum

1742 2371 1934 2429 usque
1983 2353 2195 2424 tenuit,
2246 2351 2613 2410 consuetudo
2675 2353 2873 2408 coorta
2917 2354 3022 2418 est,

1742 2445 1815 2501 ut
1843 2443 2182 2518 interrupta
2231 2443 2413 2499 noctu
2463 2440 2663 2514 quiete
2712 2439 2884 2497 horas
2916 2439 3024 2495 ali-

1743 2535 1893 2609 quot
1954 2531 2110 2589 curis
2173 2528 2550 2608 gravissimis
2602 2529 2785 2586 daret.
2851 2527 3026 2585 Omni

1743 2621 2189 2697 disciplinarum
2240 2638 2454 2695 genere
2504 2619 2792 2687 excultus,
2854 2618 3026 2676 inno·

1743 2711 1935 2770 centia
1981 2728 2213 2768 morum
2275 2707 2679 2783 modestiaque
2726 2709 3029 2782 spectatus

1742 2818 1808 2858 ac
1859 2799 2028 2857 suavi
2077 2798 2433 2873 eloquentia,
2485 2816 2663 2872 quam
2707 2802 2881 2873 grata
2912 2797 3029 2855 oris

1744 2888 2059 2946 decorabat
2091 2888 2385 2962 majestas,
2435 2884 2675 2944 nonnisi
2708 2886 2784 2943 ad
2817 2904 3029 2962 magna

1743 2981 1920 3035 natus
1982 2971 2377 3056 videbaturl),
2439 2975 2600 3050 quod
2660 2978 2720 3033 et
2779 2976 3029 3033 eventus

1745 3066 2173 3141 comprobavit.
2238 3065 2371 3123 Non
2418 3064 2614 3122 solum
2644 3064 2705 3121 in
2740 3063 3030 3122 Sabaudia

1747 3150 1855 3235 (1.5
1867 3165 1899 3217 6
1911 3151 1993 3233 0),
2012 3154 2113 3212 sed
2129 3154 2307 3211 etiam
2320 3153 2383 3211 in
2402 3153 2590 3210 Gallia
2606 3152 3026 3220 concionandO,

1745 3242 2127 3318 disputando,
2194 3242 2501 3299 scribendo
2565 3241 2705 3299 adeo
2747 3241 3029 3299 adversus

1746 3332 1884 3389 fidei
1917 3333 2116 3390 hostes
2165 3331 2310 3406 egit,
2359 3334 2431 3387 ut
2470 3348 2588 3387 non
2620 3347 2741 3386 una
2772 3329 2896 3386 vice
2930 3347 3030 3386 ca-

1745 3421 1890 3496 pitis
1923 3420 2245 3478 incurrerit
2277 3418 2615 3476 discrimen.
2667 3418 3027 3475 Decennium

1748 3513 1948 3567 totum
1963 3512 2233 3567 versatus
2265 3507 2484 3564 ibidem
2519 3505 2773 3575 Parisiis,
2809 3505 3028 3563 Aveni-

1747 3616 1876 3667 one,
1895 3599 2165 3672 Bajonae,
2185 3595 2551 3671 Rothomagi‚
2570 3595 2830 3670 Dieppae
2851 3599 3030 3670 atque

1748 3686 1893 3744 alibi
1956 3705 2168 3762 magna
2227 3684 2484 3742 nominis
2536 3684 2879 3742 celebritate
2923 3701 3031 3741 nec

1749 3776 1951 3833 fructu
2013 3775 2238 3833 minore
2300 3773 2683 3833 concionatus
2736 3778 2843 3839 est,
2892 3791 3031 3831 nam

1752 3864 2137 3923 sectariorum
2170 3866 2420 3921 centena
2460 3861 2534 3920 ad
2565 3880 2765 3920 veram
2796 3861 3033 3920 reduxit

1749 3953 1941 4017 fidem.
1973 3953 2441 4012 concionaturus
2479 3970 2650 4026 saepe
2672 3969 2870 4009 secum
2891 3952 3032 4008 affe-

1749 4043 1917 4100 rebat
1952 4060 2024 4099 ss.
2056 4046 2297 4116 patrum
2331 4060 2527 4117 opera,
2581 4043 2653 4097 ut
2696 4040 2930 4098 facilius
2964 4059 3030 4097 ex

1749 4130 1873 4188 illis
1909 4131 2274 4189 adversarios
2322 4130 2727 4197 convince1·et;
2774 4129 2838 4187 in
2887 4129 3032 4186 locis

1749 4219 2007 4294 publicis
2027 4218 2083 4277 b.
2106 4218 2322 4278 Canisii
2355 4218 2775 4277 catechismum
2794 4218 3033 4293 affigere

1750 4309 1995 4377 solebat,
2043 4327 2161 4383 quo
2211 4326 2414 4367 omnes
2447 4308 2620 4365 illum
2668 4308 2861 4381 legere
2894 4325 3032 4380 pos-

1826 4556 1863 4615 ι)
1896 4548 2002 4611 „Er
2029 4551 2159 4618 trug
2187 4549 2271 4602 bei
2300 4547 2490 4601 seinen
2512 4546 2710 4600 bochet
2729 4545 3032 4599 bedeuten·

1749 4620 1858 4675 den
1883 4621 2029 4673 Anla
2071 4638 2141 4674 en
2159 4620 2464 4688 unstreitig
2478 4618 2567 4671 die
2582 4617 2943 4686 Befahigung
2964 4634 3031 4669 zu

1749 4692 1932 4745 einem
1960 4691 2040 4745 Ge
2067 4692 2264 4745 ehrten
2294 4706 2403 4743 von
2423 4689 2799 4759 grossartigem
2818 4688 3030 4741 Stilein

1749 4764 1917 4817 sich.“
1967 4761 2040 4814 W
2056 4779 2085 4816 e
2101 4778 2129 4814 r
2144 4779 2183 4814 n
2198 4779 2226 4815 0
2243 4779 2269 4813 1·
2296 4760 2473 4814 Franz
2500 4762 2701 4814 Suarcz
2732 4765 2777 4821 1,
2804 4764 2887 4814 31.
