3625 5193
593 264 720 317 939

588 451 755 490 mum
787 431 1043 491 doctoris
1074 430 1390 506 utriusque
1435 431 1737 490 sententia
1766 449 1872 490 no-

588 521 682 580 vis
714 519 1227 596 speculationibus
1270 519 1635 590 illustratur,
1681 519 1872 597 pluri-

588 629 684 668 ma
713 627 920 669 eorum
949 608 1152 668 abdita
1183 626 1354 668 sensa
1375 609 1748 684 aperiuntur,
1780 608 1871 667 in-

588 716 955 774 numeraque
986 697 1129 768 loca,
1156 717 1316 772 quae
1335 698 1495 758 inter
1525 716 1588 757 se
1606 716 1875 774 pugnare

909 249 1280 303 1641-1663.
1309 245 1503 299 Theol.
1529 244 1704 299 schol.
1729 244 1791 298 in
1819 244 1886 301 It.
1914 246 2260 315 Interpretes
2286 262 2328 299 s.
2364 244 2613 299 Thomas
2639 247 2699 298 et
2724 243 2895 300 Scoti.

3097 266 3229 319 940

1929 448 2066 490 cum
2100 431 2323 506 plausu
2353 434 2414 489 et
2446 430 2647 490 fructu
2678 431 2899 496 docuit.
2944 432 3013 490 A.
3055 441 3225 496 1592

1929 538 2065 579 cum
2093 519 2313 579 nuncio
2357 520 2685 596 apostolico
2716 520 3055 580 Bohemiam
3089 522 3217 581 adi·

1929 609 2033 679 vit,
2067 608 2271 684 ibique
2292 609 2354 667 in
2375 608 2769 669 universitate
2793 610 3072 687 pragensi
3092 614 3231 670 stu·

1929 697 2149 774 dioque
2196 698 2293 757 sui
2324 698 2553 757 ordinis
2598 698 2857 775 generali
2903 700 3225 775 primarius

588 787 868 847 videntur
883 831 897 858 ,
956 787 1031 847 ad
1080 786 1451 846 concordiam
1499 789 1872 848 revocantur.
1928 804 2144 863 regens
2174 787 2496 847 institutus
2527 791 2734 846 eontra
2760 789 3223 863 protestantium

590 877 850 952 Objectis
882 875 1096 935 deinde
1115 875 1590 953 quibuscunque,
1622 895 1777 952 quae
1797 876 1872 935 ad

588 967 740 1024 hanc
757 984 948 1041 usque
979 965 1139 1024 diem
1170 965 1455 1025 adversus
1475 969 1582 1024 aut
1612 965 1666 1023 d.
1689 965 1734 1023 Τ
1752 965 1792 1023 h
1808 983 1872 1023 o·

588 1073 745 1113 mae
788 1054 1115 1114 doctrinam
1161 1057 1267 1113 aut
1311 1054 1669 1131 Cajetani
1714 1071 1873 1112 com·

589 1142 882 1202 mentaria
925 1146 1031 1202 aut
1060 1144 1336 1213 rationes,
1388 1142 1609 1220 quibus
1653 1142 1873 1202 thomi-

590 1232 738 1291 stica
769 1232 1065 1291 sententia
1095 1232 1406 1302 adnititur,
1454 1236 1561 1293 aut
1592 1249 1875 1308 responsa

591 1322 857 1396 antiquis
886 1321 1407 1398 impugnatoribus
1429 1322 1630 1391 allata,
1663 1340 1699 1380 a
1726 1339 1874 1396 quo-

592 1430 769 1485 quam
801 1412 1082 1487 evulgata
1113 1414 1272 1480 sunt,
1312 1414 1443 1471 tum
1476 1429 1615 1470 vero
1647 1409 1873 1485 praeci-

1929 893 2160 935 errores
2210 876 2507 935 Ecclesiae
2569 877 2892 937 catholicae
2944 876 3227 953 dogmata

1931 964 2211 1040 sedisque
2243 965 2599 1041 apostolicae
2639 965 2965 1041 primatum
2996 969 3059 1025 et
3082 967 3224 1042 jura

1930 1053 2155 1130 scripto
2175 1056 2236 1112 et
2255 1054 2435 1114 verbo
2454 1055 2874 1131 propugnavit.
2893 1053 2967 1113 In
2980 1055 3223 1115 Italiam

1930 1143 2115 1201 redux
2148 1137 2376 1227 (1596)
2408 1163 2443 1202 a
2474 1143 2767 1202 Clemente
2783 1144 2941 1203 VIII.
2962 1144 3223 1204 selectus

1929 1235 2021 1291 est
2041 1226 2286 1312 (1597),
2322 1232 2426 1307 qui
2449 1232 2512 1290 in
2533 1232 2748 1308 oppido
2768 1231 2959 1292 Plurii
2979 1233 3043 1292 in
3063 1234 3229 1293 valle

1930 1321 2259 1381 Clavennae
2320 1338 2456 1379 cum
2517 1322 2807 1381 ministris
2868 1323 3214 1382 calvinianis

1929 1409 2169 1485 publice
2199 1409 2660 1486 congrederetur
2691 1414 2752 1469 et
2782 1400 3001 1470 missae
3033 1411 3214 1470 sacri-

590 1518 707 1574 pue
739 1498 811 1557 ab
842 1498 952 1569 hie,
998 1499 1102 1573 qui
1134 1499 1456 1558 novissime
1487 1498 1872 1575 scripserunt,
1928 1498 2126 1558 ficium
2178 1519 2213 1556 a
2260 1499 2491 1558 Christo
2554 1500 2802 1559 Domino
2862 1500 3219 1560 institutum

591 1587 810 1663 quibus
840 1587 1030 1645 adhuc
1063 1608 1098 1646 a
1126 1588 1362 1646 nemine
1391 1605 1742 1663 responsum
1760 1590 1873 1660 est,

1929 1592 2348 1664 propugnaret,
2383 1588 2541 1663 quod
2562 1591 2625 1646 et
2654 1589 2960 1665 praestitit
2983 1597 3111 1653 8-
3124 1601 3149 1652 1
3163 1601 3220 1653 0.

590 1676 899 1752 profunde,
932 1675 1143 1748 lucide,
1193 1677 1423 1753 copiose
1454 1677 1745 1753 pleneque
1776 1694 1872 1736 oo-

590 1765 871 1824 curritur.
891 1765 1195 1824 Postremo
1211 1767 1604 1825 Scotistarum
1622 1765 1872 1842 perillu-

593 1854 732 1912 stris
765 1854 964 1913 schola
986 1873 1121 1913 cum
1153 1854 1496 1914 thomistica
1524 1855 1717 1930 quoad
1748 1853 1875 1913 fieri
1930 1857 2023 1914 ter
2072 1855 2336 1931 regentis
2399 1873 2644 1914 munere
2696 1856 2940 1915 functus
3001 1856 3221 1922 fuerat,

591 1947 791 2018 potest
820 1943 1198 2002 conciliatur:
1245 1945 1402 2003 Scoti
1435 1944 1719 2012 doctrina,
1767 1943 1874 2001 ubi
1930 1944 2101 2002 annis
2118 1947 2180 2001 et
2194 1943 2498 2004 laboribus
2518 1943 2757 2015 fractus,
2775 1945 3007 2022 integro
3020 1947 3225 2004 tamen

592 2032 668 2090 ab
715 2031 1013 2108 Aquinate
1059 2032 1340 2106 dissidet,
1394 2035 1544 2092 mira
1593 2032 1876 2092 facilitate
1923 2032 2150 2109 judicio
2200 2032 2274 2091 ad
2325 2032 2599 2092 ultimam
2654 2037 3022 2094 senectutem
3074 2052 3229 2093 usus

593 2121 920 2196 explicatur
938 2124 1120 2196 atque
1150 2121 1488 2181 defenditur
1509 2122 1870 2182 vindicatur·
1929 2121 2081 2180 obiit
2105 2131 2270 2184 1645
2304 2123 2402 2180 vel
2429 2131 2593 2184 1646
2628 2143 2676 2181 a.
2709 2123 2919 2182 aetatis
2941 2132 3039 2186 90.
3073 2122 3213 2181 Edi·

590 2229 708 2286 que
737 2230 773 2269 a
804 2211 1116 2268 calumniis
1149 2214 1277 2280 etc„
1311 2211 1572 2270 Venetiis
1615 2220 1777 2274 1624
1810 2209 1875 2266 in
1930 2210 2049 2273 dit:
2101 2211 2531 2270 Commentario
2565 2207 2746 2294 (rara)
2793 2220 2845 2269 et
2895 2217 3225 2270 constraver-

590 2300 627 2356 f.
672 2300 783 2360 Sed
814 2318 882 2357 ex
928 2303 969 2357 t.
1007 2307 1063 2369 5,
1097 2319 1248 2375 quos
1297 2301 1666 2377 promiserat,
1715 2317 1874 2356 unus
1930 2302 2052 2358 siae
2096 2299 2161 2358 in
2200 2311 2249 2360 1.
2294 2319 2351 2376 p.
2386 2300 2662 2360 Summae
2708 2319 2750 2359 a.
2786 2301 3041 2360 Thomae
3084 2302 3221 2376 Aq.,

589 2390 828 2447 tantum
873 2388 1115 2463 prodiit.
1159 2390 1230 2447 In
1262 2390 1471 2462 primis
1515 2408 1657 2465 prae
1687 2387 1874 2447 oculis
1933 2389 2231 2448 Bononiae
2270 2398 2433 2453 1620
2470 2389 2582 2469 (ed.
2620 2385 2701 2471 2.)
2737 2394 2778 2448 t.
2804 2399 2837 2452 3
2871 2390 2935 2448 in
2966 2389 3036 2459 f.;
3069 2389 3135 2448 in
3158 2399 3213 2453 3.

592 2477 770 2535 habet
800 2476 1021 2538 Radam
1052 2481 1113 2536 et
1145 2477 1298 2536 Phil.
1332 2478 1533 2548 Faber,
1581 2495 1732 2553 quos
1764 2477 1873 2534 im·
1931 2497 1990 2552 p.
2024 2478 2101 2536 ib.
2159 2486 2498 2541 1625—27
2536 2482 2578 2536 t.
2629 2487 2663 2540 3
2714 2479 2778 2538 in
2819 2478 2855 2536 f.
2906 2473 2993 2560 (in
3038 2497 3135 2555 qq.
3189 2490 3210 2539 l

592 2585 861 2645 pugnare
894 2567 1058 2629 solet.
1096 2567 1366 2625 Ceterum
1400 2567 1638 2626 Scotum
1675 2564 1875 2643 magni
1941 2562 2510 2648 —17—34—59),
2560 2568 2781 2643 quibus
2828 2567 3047 2645 adjecit
3090 2571 3133 2626 t.
3181 2575 3217 2628 2

592 2656 748 2714 facit.
779 2656 1219 2729 Amplissimum
1239 2657 1458 2713 artium
1477 2658 1875 2714 scientiarum-
1932 2658 2340 2731 opusculorum
2401 2658 2856 2735 theoloyicorum,
2921 2659 3227 2717 Bononiae

593 2763 700 2821 que
729 2746 985 2802 omnium
1017 2745 1502 2818 amphitheatrum
1522 2745 1574 2801 h.
1597 2763 1643 2802 e.
1678 2745 1750 2803 de
1781 2763 1874 2802 re·
1939 2754 2125 2807 1631.
2164 2754 2330 2807 1632
2366 2745 2430 2805 in
2463 2756 2537 2815 4.,
2585 2747 2744 2806 inter
2786 2766 2938 2823 quae
2985 2750 3221 2822 praeter

593 2834 707 2891 bus
750 2831 1041 2890 universis
1079 2851 1173 2908 qq.
1222 2832 1558 2909 disputatae
1605 2838 1669 2891 at
1714 2834 1876 2894 orbis
1932 2835 2047 2893 alia
2060 2830 2106 2916 ¹)
2142 2838 2317 2894 sunt:
2350 2835 2434 2894 De
2467 2836 2708 2910 scriptis
2742 2837 2794 2893 d.
2828 2836 3085 2895 'rhomae
3105 2837 3224 2911 Aq.

593 2921 832 2979 oraculo
877 2920 932 2981 d.
963 2920 1181 2979 Thoma
1223 2924 1333 2996 Aq.
1371 2922 1445 2979 ad
1492 2922 1640 2981 hanc
1684 2941 1875 2998 usque
1932 2923 2267 2982 dissertatio
2314 2923 2549 2995 critica3
2592 2924 3081 2984 commentarium
3138 2934 3212 2987 16

577 3009 748 3067 *diem
799 3029 833 3066 a
881 3008 1117 3068 nemine
1179 3011 1510 3085 expositae,
1573 3013 1876 3072 Bononiae
1931 3013 2239 3071 continens
2270 3014 2508 3089 regulas
2539 3014 2614 3071 ad
2647 3013 2925 3073 scientiae
2968 3017 3091 3073 tam
3124 3013 3215 3071 di-

599 3107 764 3162 1658
800 3102 842 3158 t.
879 3107 912 3159 2
946 3098 1010 3156 in
1040 3099 1077 3156 f.
1110 3097 1201 3179 (fr.
1235 3098 1358 3181 70).
1933 3102 2312 3177 vinae-quam
2358 3102 2651 3161 humanae
2698 3102 3093 3179 cognitionem
3124 3122 3223 3161 as·

683 3195 828 3251 398.
860 3188 1016 3246 Huic
1061 3208 1130 3247 ex
1163 3188 1365 3247 eodem
1398 3190 1603 3248 ordine
1652 3190 1871 3249 addan·
1934 3190 2296 3266 sequendam
2327 3190 2659 3267 aptissimas
2691 3209 2761 3250 ex
2791 3191 3063 3269 angelico
3083 3191 3216 3250 doc·

590 3280 722 3336 tur:
770 3277 1016 3336 Michael
1061 3277 1392 3337 Zanardi
1436 3280 1756 3355 Bergomas
1791 3276 1872 3361 (n.
1929 3282 2059 3337 tore
2079 3279 2356 3337 collectas
2377 3281 2438 3338 et
2457 3280 2921 3356 expositionibus
2949 3281 3217 3339 illustra·

598 3374 693 3429 18.
728 3366 850 3425 Jul.
892 3376 1077 3437 1570,
1111 3364 1147 3434 †
1189 3364 1400 3447 1642),
1451 3367 1653 3444 quiin
1685 3369 1873 3444 pluri·
1930 3371 2041 3427 tas.
2089 3367 2274 3428 Aliud
2313 3368 2579 3443 ejusdem
2628 3371 3004 3443 opusculum,
3056 3370 3217 3445 quod

589 3454 703 3514 bus
749 3456 1084 3531 provinciae
1127 3456 1523 3516 lombardicae
1568 3457 1873 3517 conventi·
1930 3456 2007 3515 ib.
2053 3466 2214 3519 1633
2249 3457 2314 3515 in
2348 3466 2405 3520 4.
2437 3458 2678 3533 prodiit,
2710 3453 3089 3518 inscribitur:
3132 3458 3227 3517 De·

588 3543 700 3602 bus
731 3545 1167 3620 philosophiam
1200 3549 1262 3604 et
1284 3549 1490 3620 postea
1520 3546 1875 3623 theologiam
1932 3565 2009 3608 ss.
2034 3553 2279 3622 patrum
2324 3554 2374 3604 et
2423 3549 2718 3606 doctorum
2750 3548 3038 3607 Ecclesiae
3080 3566 3216 3606 auc-

588 3634 890 3708 professus
921 3638 1029 3696 est.
1075 3634 1315 3693 Praeter
1360 3637 1771 3694 commentaria
1811 3639 1875 3694 in
1930 3637 2156 3693 tor-itate
2203 3637 2267 3693 in
2316 3634 2586 3695 doctrina
2636 3637 2971 3713 theoloqica,
3018 3636 3217 3695 addita

587 3724 781 3780 varios
797 3723 1125 3782 Aristotelis
1155 3722 1344 3794 libros,
1392 3724 1665 3784 Coloniae
1706 3733 1871 3788 1622
1932 3723 2276 3784 defensione
2296 3725 2663 3802 apologetica
2681 3744 2788 3801 pro
2816 3728 3056 3802 patrum
3079 3744 3217 3784 auc-

587 3810 652 3867 in
685 3820 763 3883 4.‚
808 3811 1058 3884 reliquit
1096 3816 1508 3871 commentaria
1551 3810 1613 3872 in
1644 3815 1871 3872 univer·
1931 3814 2177 3872 toritate
2194 3813 2485 3889 Alphonsi
2511 3808 3026 3896 (seulldephonsi)
3048 3816 3141 3873 Ba
3160 3835 3221 3890 p·

586 3917 711 3956 sam
759 3902 818 3956 1.
861 3918 918 3973 p.
963 3918 1010 3956 s.
1058 3899 1324 3976 Thomas,
1378 3900 1645 3962 Venetiis
1704 3911 1870 3964 1620
1929 3903 2178 3960 tistae
2210 3902 2273 3960 in
2294 3903 2553 3961 latinum
2571 3904 2792 3962 idioma
2808 3905 3214 3963 translata.-

588 3986 654 4043 in
687 3986 758 4054 f.;
804 3988 1098 4045 director-ii
1128 3989 1509 4066 theoloqorum
1551 4009 1622 4049 ac
1652 3993 1871 4064 confes·
1930 3993 2000 4050 In
2051 4000 2104 4054 3.
2151 4011 2206 4066 p.
2254 3995 2531 4052 Summae
2579 3992 2910 4070 theologiae
2958 3991 3217 4051 doctoris

588 4092 786 4131 sorum
835 4074 911 4133 ad
960 4093 1248 4135 summam
1298 4079 1419 4138 fere
1468 4080 1731 4138 omnium
1781 4098 1872 4139 ca·
1930 4080 2185 4157 angelici
2233 4084 2645 4140 commentaria
2694 4083 3028 4141 scholastica
3074 4081 3214 4140 Gre-

589 4181 765 4221 suum
798 4164 1189 4225 conscientiae
1224 4161 1323 4249 (de
1355 4168 1759 4238 sacramentis,
1799 4169 1872 4228 de
1927 4169 2078 4247 gorii
2129 4170 2482 4246 Cippulli
2543 4171 2803 4246 Capuani
2866 4171 3217 4247 prodierunt

588 4270 706 4312 non
736 4252 1077 4313 mentiendo
1108 4254 1173 4314 in
1205 4254 1498 4333 singulari
1515 4257 1654 4337 etc.)
1689 4277 1783 4334 pp.
1814 4268 1869 4327 3,
1928 4259 2146 4318 Romae
2189 4268 2353 4321 1646
2388 4260 2452 4318 in
2484 4260 2521 4317 f.
2559 4293 2643 4303 ·—
2675 4259 2936 4319 Joannes
2967 4260 3217 4319 Thomas

588 4342 903 4404 Cremonae
942 4353 1106 4409 1612
1156 4348 1217 4403 et
1248 4342 1515 4404 Venetiis
1554 4354 1718 4410 1614
1753 4349 1796 4408 t.
1834 4358 1868 4409 3
1928 4346 2263 4406 Gastaldi
2291 4344 2622 4431 (castaldi),
2645 4349 2863 4408 Alassii
2893 4349 2958 4407 in
2988 4348 3216 4407 ditione

585 4432 650 4490 in
683 4442 738 4494 8.
801 4435 1029 4494 Auctor
1072 4436 1166 4494 est
1209 4434 1274 4492 in
1322 4453 1386 4493 re
1432 4435 1642 4494 morali
1692 4435 1872 4494 nimis
1927 4436 2221 4513 genuensi
2242 4439 2440 4507 natus,
2476 4437 2679 4497 studio
2696 4442 2759 4497 et
2788 4438 3024 4514 ingenio
3056 4438 3223 4496 inter

585 4521 894 4598 benignus.
926 4554 1014 4566 -
1058 4522 1096 4581 J
1101 4538 1321 4581 oannes
1365 4523 1586 4582 Paulus
1633 4524 1873 4583 Naza·
1927 4525 2141 4584 aetatis
2173 4542 2318 4585 suae
2362 4526 2670 4604 theologos
2716 4526 2880 4586 haud
2922 4526 3223 4586 incelebre

587 4609 754 4668 rius
801 4610 1117 4671 Cremonae
1169 4617 1332 4675 1556
1382 4615 1587 4682 natus,
1639 4612 1733 4673 vir
1777 4613 1870 4671 in-
1927 4632 2139 4673 nomen
2172 4613 2289 4674 sibi
2333 4615 2488 4674 fecit.
2539 4617 2609 4674 In
2642 4617 2900 4694 capitulo
2946 4614 3213 4693 generali

587 4698 759 4775 genio
805 4703 1117 4777 promptus
1150 4705 1212 4760 et
1257 4720 1407 4772 acer,
1459 4720 1504 4759 s.
1537 4699 1871 4779 theologiae

588 4785 874 4862 magister
905 4788 1119 4859 clarus,
1170 4809 1350 4865 quam
1390 4790 1577 4852 variis
1620 4791 1686 4851 in
1730 4792 1872 4851 locis

1930 1677 2142 1745 Martii,
2177 1678 2347 1752 cujus
2377 1676 2798 1753 disputationis
2832 1681 2966 1738 acta
2996 1678 3216 1738 haben-

1930 1769 2033 1823 tur
2065 1784 2264 1842 opusc.
2296 1767 2339 1824 t.
2381 1777 2431 1828 1.
2464 1767 2715 1825 Demum
2749 1768 3063 1837 Bononiae,
3112 1768 3220 1826 ubi

2006 4806 2043 4874 ¹)
2070 4801 2152 4856 Cf.
2180 4800 2405 4856 Echard
2431 4803 2499 4870 ΙΙ,
2528 4806 2633 4860 544
2653 4820 2697 4858 s.
