3625 5193
472 283 595 339 665

471 452 734 521 cedebat,
785 455 846 510 et
895 451 957 509 in
1007 452 1221 510 itinere
1272 452 1482 526 quovis
1527 452 1759 511 eminus

467 543 595 601 loco
640 545 955 617 conspecto
999 542 1290 616 templum
1342 541 1531 599 oculis
1576 541 1759 599 vesti-

469 632 666 708 gabat,
699 635 830 690 tum
853 630 1118 689 detracto
1139 629 1251 688 sibi
1274 630 1432 706 pileo
1452 629 1552 704 pia
1584 647 1757 705 prece

467 721 582 780 loci
615 720 933 779 Dominum
983 718 1392 778 venerabatur.
1457 719 1756 795 Singulari

470 809 670 868 studio
730 808 969 867 favebat
1015 808 1108 877 iis,
1161 828 1194 865 a
1243 808 1464 882 quibus
1513 808 1759 867 adversa

467 899 828 975 patiebatur,
892 900 963 954 ut
1003 898 1129 972 jam
1174 897 1391 971 passim
1442 899 1755 962 constaret,

468 1006 588 1046 non
619 987 783 1046 aliud
827 986 1024 1061 ipsum
1077 986 1413 1044 demerendi
1454 987 1758 1061 potentius

469 1077 784 1135 inventum
816 1093 958 1133 esse.
1006 1075 1349 1133 Doctrinam
1393 1094 1559 1134 suam
1593 1075 1756 1133 omni

470 1185 588 1241 qua
604 1167 837 1240 poterat
848 1168 980 1248 'arte
996 1163 1427 1230 dissimulabat,
1446 1167 1508 1222 et
1522 1164 1757 1240 quando

470 1255 794 1330 cogebatur
828 1272 936 1329 pro
955 1272 1019 1311 re
1039 1255 1182 1311 nata
1201 1252 1366 1327 loqui
1397 1253 1757 1328 discipulum

471 1363 532 1402 se
594 1344 780 1420 magis
831 1342 1148 1400 exhibebat
1198 1361 1376 1416 quam
1438 1342 1755 1400 doctorem.

470 1432 606 1491 Non
637 1433 762 1490 sine
784 1431 1119 1489 sanctitatis
1139 1429 1289 1488 fama
1308 1431 1404 1506 pie
1423 1431 1486 1489 in
1511 1431 1757 1490 Domino

472 1521 830 1579 obdormivit
868 1531 920 1583 5.
953 1520 1084 1577 Jan.
1125 1530 1289 1582 1632
1328 1540 1375 1577 a.
1409 1520 1621 1578 aetatis
1659 1531 1756 1582 60.

473 1610 647 1668 Dedit
677 1610 741 1668 in
772 1609 1074 1684 publicum
1123 1611 1666 1667 commentariorum
1699 1611 1759 1667 in

472 1699 772 1757 Summam
798 1699 1130 1774 Theoloyiae
1159 1718 1203 1755 s.
1230 1698 1474 1756 Thomae
1491 1701 1534 1755 t.
1560 1707 1594 1760 8
1617 1699 1681 1755 in
1703 1699 1755 1766 f.‚

470 1807 726 1862 quorum
761 1797 794 1850 3
829 1787 1004 1862 primi
1026 1787 1321 1861 explicant
1350 1797 1401 1848 1.
1423 1807 1481 1862 p.
1504 1784 1757 1866 (Hispali

479 1887 665 1949 1623,
700 1876 1059 1951 Mussiponti
1090 1871 1318 1958 1024);
1351 1875 1470 1934 duo
1505 1893 1757 1950 sequen-

471 1970 561 2024 tes
604 1978 652 2035 1,
691 1975 747 2028 2.
779 1984 834 2040 p.
870 1962 972 2046 (ib.
1018 1962 1239 2046 ισῑ3]);
1281 1969 1483 2023 sextus
1521 1974 1575 2035 2,
1614 1973 1668 2024 2.
1703 1985 1756 2039 p.

475 2051 577 2136 (ib.
608 2051 835 2134 1629);
866 2054 984 2112 duo
1017 2053 1232 2127 reliqui
1259 2063 1316 2116 3.
1347 2073 1401 2128 p.
1439 2051 1757 2123 (Granatae

481 2140 706 2225 1633);
740 2144 954 2201 horum
986 2142 1174 2217 priori
1205 2143 1466 2200 insertus
1486 2147 1579 2200 est
1598 2147 1757 2200 trac-

471 2237 636 2291 tatus
687 2233 822 2308 pius
871 2234 932 2288 et
981 2231 1254 2289 eruditus
1288 2233 1356 2289 de
1387 2233 1758 2289 immaculata

476 2322 583 2380 Dei
607 2323 902 2398 yenitricis
931 2323 1284 2392 conceptione
1305 2320 1546 2379 seorsim
1579 2321 1759 2378 etiam

475 2428 724 2469 excusus
757 2409 988 2484 Hispali
1033 2419 1190 2471 1617
1225 2411 1288 2467 in
1311 2419 1366 2471 4.
1401 2410 1680 2467 Eminent
1699 2408 1760 2465 bi

475 2498 881 2558 commentarii
942 2498 1280 2574 sagacitate,
1332 2499 1615 2566 claritate,
1666 2497 1759 2556 ni·

473 2584 682 2669 tore3).
745 2586 1026 2648 Auctoris
1075 2587 1256 2646 vitam
1307 2586 1521 2663 adjecit
1572 2590 1614 2645 t.
1662 2587 1757 2646 1v.

476 2678 795 2753 Gregorius
829 2677 1002 2735 Hem
1024 2678 1332 2735 elmann
1367 2678 1420 2735 S.
1455 2679 1529 2745 J.‚
1579 2676 1759 2735 Mala·

477 2767 723 2835 citanus,
758 2766 941 2841 quiet
973 2766 1101 2841 ipse
1132 2766 1328 2824 clarus
1355 2784 1463 2825 suo
1496 2769 1760 2840 tempore

476 2859 606 2914 erat
635 2856 949 2930 theologus
985 2850 1045 2935 (†
1081 2864 1134 2915 4.
1168 2854 1309 2914 Jun.
1351 2850 1564 2935 1637).
1612 2855 1758 2929 Ejus

476 2950 648 3005 sunt:
701 2946 1014 3017 Disputata
1064 2944 1366 3019 theoloyica
1415 2944 1476 3001 in
1532 2956 1582 3005 1.
1629 2962 1683 3018 p.
1717 2962 1760 3005 S.

476 3033 749 3103 Thomae‚
785 3033 1071 3091 Granatae
1111 3042 1273 3095 1637
1298 3051 1351 3090 v.
1378 3042 1411 3093 2
1438 3033 1498 3089 in
1520 3032 1556 3089 f.
1591 3033 1757 3090 Com·

477 3123 760 3198 plectitur
791 3123 832 3178 t.
872 3131 924 3183 2.
958 3122 1168 3180 titulos
1190 3124 1414 3196 septem
1436 3121 1760 3195 multiplici

476 3211 880 3287 disputatione
912 3211 1193 3268 dissectos
1215 3212 1285 3267 ad
1315 3222 1363 3272 l.
1386 3232 1439 3285 p.
1463 3230 1516 3285 q.
1548 3220 1621 3273 19
1647 3214 1758 3267 art.

486 3313 535 3362 1.
567 3304 628 3359 et
663 3310 717 3362 2.
751 3303 811 3358 et
842 3300 915 3358 ad
948 3320 1002 3375 q.
1049 3309 1149 3362 21.
1196 3300 1266 3357 de
1299 3298 1635 3357 omnimoda
1666 3299 1760 3356 in-

476 3390 832 3467 connexione
862 3389 1098 3447 divinae
1117 3391 1385 3457 naturae,
1420 3388 1760 3446 intellectus

555 3616 591 3683 ¹)
619 3613 700 3667 Cf.
727 3612 1144 3681 Sommervogel
1173 3612 1294 3675 VII,
1321 3618 1447 3669 323.

552 3689 591 3753 ²)
620 3683 702 3737 Cf.
748 3684 817 3736 N.
865 3684 1142 3736 Antonius
1184 3684 1224 3745 Ι,
1266 3687 1404 3743 287..
1447 3683 1548 3752 qui
1587 3684 1654 3736 de
1695 3700 1760 3736 eo

479 3759 693 3809 narrat:
748 3754 979 3816 „Miram
1021 3771 1135 3808 reru
1171 3755 1463 3808 domestici
1484 3755 1759 3819 referunt,

478 3827 704 3878 tractari
731 3843 766 3878 a.
791 3842 847 3877 se
875 3825 1131 3893 quotidie
1159 3843 1271 3877 non
1299 3826 1415 3879 sine
1438 3829 1663 3893 stupore
1680 3843 1761 3879 ar-

475 3897 719 3966 chetypa.
746 3896 870 3965 ipsa
898 3896 1464 3950 laboriosissimarum
1505 3897 1762 3951 lucubra-

477 3967 699 4021 tionum
727 3985 796 4020 ne
825 3967 1057 4034 quidem
1097 3968 1267 4020 verbo
1314 3984 1427 4021 uno
1455 3968 1763 4022 cancellato

478 4039 761 4093 deletove:
788 4039 927 4091 adeo
955 4056 1237 4106 nusquam
1268 4038 1460 4091 stilum
1489 4040 1761 4104 vertebat,

479 4111 569 4162 sed
597 4111 1056 4179 praesentissima
1082 4126 1266 4162 rerum
1314 4111 1762 4178 apprehensione

475 4183 774 4236 muniebat
799 4181 952 4249 prius
977 4181 1098 4249 ipse
1128 4181 1274 4233 viam
1313 4182 1545 4243 calamo,
1590 4199 1761 4248 quam

477 4252 686 4305 chartis
713 4252 1058 4321 inprimeret.
1111 4252 1244 4304 Cum
1289 4253 1588 4305 ederentur
1621 4270 1764 4305 com·

478 4325 745 4377 mentaria
777 4324 836 4375 in
867 4329 911 4378 1.
941 4341 995 4392 p.
1018 4339 1266 4376 summae
1285 4323 1622 4391 Theologiae
1640 4340 1764 4392 ope-

478 4411 640 4447 raeve
669 4396 969 4454 ferverent,
1012 4395 1340 4462 importuna
1368 4396 1518 4447 facta
1536 4395 1765 4462 jactura

478 4469 561 4519 est
585 4466 804 4534 aliquot
832 4465 1166 4533 exemplaris
1194 4466 1538 4527 chartarum,
1573 4466 1658 4518 cui
1687 4484 1765 4518 re-

478 4538 765 4606 parandae
793 4537 1084 4603 accingens
1113 4554 1168 4589 se
1185 4536 1251 4589 de
1275 4554 1422 4590 novo
1446 4538 1684 4606 scriptor
1700 4554 1766 4589 ea

478 4608 733 4678 protulit,
761 4625 906 4675 quae
952 4607 1260 4676 deperditis
1306 4608 1477 4677 paulo
1517 4611 1647 4677 post
1686 4626 1765 4662 re·

478 4680 652 4747 pertis
668 4680 876 4733 collata
898 4696 1118 4732 summa·
1139 4679 1246 4731 fide
1263 4683 1378 4732 tam
1391 4696 1575 4733 rerum
1595 4697 1764 4747 quam

479 4751 776 4804 verborum
792 4750 1247 4819 respondei·ent;“
1270 4751 1320 4803 N
1325 4752 1633 4818 ieremberg
1655 4752 1764 4803 Fir-

481 4825 766 4875 mamento
795 4821 1055 4890 religioso
1084 4839 1138 4889 p.
1166 4825 1429 4878 616—27.

1071 266 1384 332 Granadus,
1414 265 1806 331 Hemelmann,
1838 266 2100 331 Fonseca,
2125 268 2488 323 Montesinos.

2974 289 3098 342 666

1814 456 1876 509 et
1904 453 2234 512 voluntatis
2266 471 2400 511 cum
2435 454 2595 512 omni
2624 473 2709 522 ec,
2751 456 2909 530 quod
2945 457 3103 515 Deus

1814 560 1932 600 non
1983 547 2088 600 est.
2154 542 2262 600 Ubi
2313 542 2385 601 de
2430 544 2801 617 respectibus
2842 546 3106 604 realibus

1812 631 2433 690 transcendentalibus
2495 632 2835 692 intrinsecis
2887 651 3101 692 earun-

1812 719 1947 777 dem
2009 720 2133 782 div.
2195 720 2627 794 perfectionum
2678 723 2749 778 acl
2802 726 3103 782 creaturas

1814 809 2147 884 possibileS,
2175 810 2561 885 ipsorumque
2583 817 2960 886 respectuum
2981 816 3104 870 ter-

1815 899 1993 956 minis
2026 899 2326 972 primariis
2378 902 2438 957 et
2470 899 2836 958 secundariis
2871 904 2932 958 et
2964 920 3101 960 con-

1816 987 2063 1045 sectaria
2096 988 2169 1045 de
2200 987 2391 1047 modis
2423 1006 2625 1046 rerum
2674 989 2738 1047 in
2769 991 3101 1048 communi:

1814 1095 1880 1135 ac
1928 1076 2166 1135 demum
2218 1078 2289 1135 de
2333 1077 2696 1146 exsistentia,
2749 1079 3101 1153 quidditate,

1814 1166 2043 1240 objecto
2074 1167 2365 1224 materiali
2396 1169 2457 1224 et
2487 1167 2720 1226 formali
2753 1186 2860 1225 nec
2889 1187 3007 1227 non
3029 1168 3100 1225 de

1814 1254 2238 1313 infallibilitate
2272 1255 2503 1314 divinae
2534 1255 2957 1330 providentiae.
2993 1257 3105 1314 Cu-

1815 1344 1971 1402 ravit
2001 1362 2239 1418 quoque
2288 1345 2605 1404 editionem
2642 1347 2772 1402 tum
2807 1364 3104 1403 commen·

1816 1432 1958 1492 tarii
1988 1433 2210 1492 Ludov.
2245 1432 2316 1492 de
2349 1434 2667 1492 Alcasar
2698 1434 2752 1491 S.
2772 1434 2826 1491 J.
2860 1435 2925 1491 in
2946 1437 3104 1509 Apo-

1816 1522 2105 1597 calypsim
2140 1517 2236 1602 (de
2268 1540 2385 1598 quo
2418 1522 2487 1580 cf.
2520 1542 2578 1598 p.
2613 1519 2767 1603 483)
2800 1527 2931 1581 tum
2964 1541 3100 1581 con·

1817 1611 2090 1670 siliorum
2152 1629 2255 1669 seu
2317 1613 2742 1687 opusculorum
2789 1612 3103 1670 moralium

1816 1700 2072 1759 Thomae
2119 1700 2460 1760 Sanchez
2505 1701 2561 1762 S.
2609 1700 2664 1758 J.
2710 1697 2803 1781 (cf.
2837 1720 2894 1776 p.
2933 1698 3103 1782 596).

1908 1888 2052 1939 290.
2116 1878 2198 1934 Ex
2250 1878 2832 1954 Augustinianorum
2878 1878 3107 1938 familia

1816 1967 2095 2025 memoria
2127 1969 2220 2024 est
2239 1966 2457 2042 dignus
2475 1967 2760 2044 Aegidius
2794 1968 2872 2025 de
2906 1968 3105 2026 Prae-

1816 2054 2264 2113 sentatione
2298 2059 2371 2112 et
2403 2055 3103 2126 FonsecaLusitanus,

1816 2144 1978 2201 Petri
2025 2144 2096 2201 de
2144 2145 2400 2202 Fonseca
2445 2144 2500 2202 S.
2532 2143 2586 2201 J.
2644 2141 2740 2225 (cf.
2772 2167 2829 2220 p.
2873 2155 2991 2208 148
3027 2142 3103 2225 a.)

1816 2232 2207 2308 propinquus,
2240 2232 2399 2290 inter
2429 2233 2745 2310 praecipua
2764 2234 2856 2291 sui
2878 2234 3105 2291 ordinis

1816 2323 2022 2379 decora
2054 2321 2382 2398 singularis
2397 2320 2701 2380 doctrinae
2734 2322 2947 2380 merito
2964 2341 3103 2380 con·

1815 2410 2235 2479 numerandae,
2283 2410 2617 2486 theologiae
2663 2411 2727 2468 in
2777 2411 3103 2469 conimbri-

1817 2499 1976 2557 censi
1991 2499 2291 2557 academia
2302 2499 2608 2574 professor.
2627 2500 2838 2558 Fertur
2848 2519 3105 2575 magnus

1818 2588 2032 2647 Suarez
2051 2588 2123 2647 de
2143 2609 2210 2647 eo
2232 2588 2465 2660 dixisse,
2498 2589 2747 2647 unicum
2769 2608 2830 2648 se
2853 2588 3099 2647 habuise

1815 2679 1990 2736 illum
2024 2679 2358 2736 studiorum
2390 2697 2633 2737 suorum
2655 2679 3104 2737 exercitatorem

1816 2774 1995 2841 atque
2025 2767 2252 2844 ingenii
2286 2771 2473 2825 cotem
2510 2764 2569 2848 (†
2608 2777 2771 2830 1626
2808 2787 2858 2828 a.
2891 2767 3103 2826 aetatis

1821 2852 1949 2935 87).
2014 2856 2260 2932 Scripsit
2292 2857 2728 2930 Disputationes
2778 2859 2847 2914 de
2878 2858 3108 2915 animae

1820 2953 1871 3002 et
1902 2948 2165 3020 corporis
2195 2945 2539 3003 beatitudine
2570 2946 2642 3003 ad
2676 2946 2905 3021 priores
2944 2957 2975 3009 5
3009 2965 3106 3021 qq.

1825 3044 1876 3103 1,
1916 3043 1968 3095 2.
2005 3053 2047 3090 a.
2082 3034 2336 3092 'rhomae
2370 3037 2429 3092 et
2460 3035 2533 3093 ad
2577 3047 2623 3098 l.
2660 3055 2713 3110 p.
2748 3056 2801 3109 q.
2848 3045 2960 3103 12.,
2998 3036 3102 3092 Co·

1817 3122 2139 3181 nimbricae
2183 3133 2377 3187 16Ο9;
2441 3134 2601 3186 1615
2653 3144 2706 3184 v.
2744 3134 2778 3186 3
2829 3125 2891 3181 in
2924 3124 2992 3192 f.;
3040 3126 3108 3181 de

1817 3213 2191 3270 immacutata
2238 3214 2285 3273 b.
2334 3213 2591 3291 Viryinis
2636 3215 2989 3288 conceptione
3035 3212 3107 3269 ab

1819 3301 1977 3359 omni
2028 3301 2304 3376 originali
2357 3307 2588 3376 peccato
2642 3302 2889 3358 immuni
2936 3301 2996 3357 ll.
3049 3312 3106 3369 4,

1818 3389 1894 3446 ib.
1936 3400 2097 3452 1617
2125 3391 2188 3447 in
2210 3389 2245 3446 f.
2280 3423 2366 3431 --
2403 3390 2666 3462 Denique
2698 3409 2766 3446 ex
2793 3408 2835 3447 s.
2853 3390 3108 3447 Thomae

1820 3479 2251 3554 interpretibus
2284 3497 2559 3554 magnam
2592 3478 2855 3536 nominis
2889 3477 3105 3536 famam

1819 3570 2169 3626 consecutus
2215 3571 2305 3624 est
2350 3567 2685 3644 Ludovicus
2720 3568 2790 3624 de
2823 3566 3107 3625 Monte·

1821 3655 1990 3714 sino
2012 3674 2038 3713 s
2100 3656 2605 3721 Bellomontanus,
2660 3655 2764 3730 qui
2810 3655 3109 3730 Compluti

1819 3745 2081 3820 primum
2125 3746 2558 3821 interpretatus
2592 3748 2685 3803 est
2705 3745 3106 3813 Aristotelem,

1820 3834 2031 3892 deinde
2064 3853 2265 3892 omnes
2298 3833 2418 3892 fere
2450 3834 2593 3891 alios
2628 3834 2859 3892 scholae
2891 3833 3110 3910 gradus

1820 3928 2172 3982 consecutus
2216 3942 2405 3997 usque
2449 3923 2522 3981 ad
2570 3942 2904 3999 supremam
2938 3923 3110 3981 tbeo-

1821 4013 2009 4087 legiae
2043 4012 2378 4071 cathedram
2397 4013 2757 4072 matutinam
2792 4013 2920 4069 sine
2954 4030 3108 4068 coin-

1821 4101 2088 4175 petitore.
2108 4102 2195 4161 Ob
2214 4102 2435 4177 ingenii
2459 4102 2947 4178 perspicuitatem
2964 4102 3112 4157 clari

1822 4191 2067 4248 doctoris
2099 4195 2556 4267 cognomentum
2592 4192 2859 4266 adeptus,
2905 4209 2971 4247 ea
3004 4190 3108 4246 do-

1822 4279 1948 4335 cuit
1994 4280 2330 4355 frequentia
2375 4279 2807 4354 discipulorum
2855 4297 3109 4354 gymna-

1823 4368 1975 4425 sium
2026 4370 2345 4444 plusquam
2400 4380 2523 4433 600
2578 4386 2755 4442 capax
2804 4367 3107 4441 implente,

1822 4460 1938 4514 ute
1959 4457 2187 4515 foribus
2222 4458 2370 4531 ipsis
2395 4460 2665 4532 atrioque
2697 4456 2971 4514 nonnulli
3006 4455 3108 4512 ad·

1821 4548 2061 4604 starent.
2128 4547 2231 4604 Cui
2278 4547 2509 4604 muneri
2557 4565 2662 4622 per
2697 4554 2774 4607 :30
2828 4562 3011 4602 annos
3043 4562 3109 4601 ea

1822 4635 2172 4693 assiduitate
2204 4636 2433 4693 vacavit
2483 4635 2874 4709 lubentiaque
2906 4633 3107 4700 animi,

1822 4730 1889 4779 ut
1926 4725 2215 4783 recusatis
2256 4724 2715 4798 quibuscunque
2747 4722 3105 4797 pontificati·

1823 4812 1934 4870 bus
1965 4817 2024 4870 et
2058 4814 2218 4872 inter
2251 4814 2395 4873 alios
2428 4812 2880 4879 salmanticensi,
2915 4814 3109 4868 tenta·
