3625 5193
584 250 706 303 427

579 419 895 478 cutiuntur
939 424 999 475 et
1030 418 1417 493 explicantur,
1453 419 1530 477 ib.
1575 429 1759 487 1594,
1794 439 1856 479 e·

578 507 724 566 ditio
784 507 1096 566 correctior
1161 502 1347 588 (prior
1406 508 1565 566 enim
1628 510 1857 567 mendis

577 593 808 679 scatet),
844 596 1077 653 auctior
1107 599 1168 654 et
1198 597 1477 670 exemplis
1519 598 1673 656 facta
1716 598 1858 658 illu-

578 686 773 756 strior,
821 685 898 746 ib.
933 694 1133 753 1598;
1182 684 1340 743 Loca
1371 688 1581 765 infesta
1615 687 1668 743 h.
1702 706 1751 748 e.
1785 687 1857 745 de

577 775 810 833 infestis
855 776 929 832 ob
983 776 1368 833 molestantes
1414 774 1857 834 daemoniorum

577 869 637 922 et
669 864 1084 922 defunctorum
1105 864 1411 921 hominum
1430 863 1677 938 spiritus
1695 865 1855 936 lociS,

578 954 613 1010 l.
648 972 821 1021 unuS,
855 953 918 1011 in
950 970 1067 1026 quo
1100 952 1419 1027 spirituum
1439 952 1854 1012 infestantium

576 1060 807 1118 genera,
821 1039 1101 1109 conditiO,
1115 1042 1286 1111 vires,
1300 1041 1853 1118 discrimina,opera,

574 1130 748 1198 mala,
783 1149 936 1205 quae
968 1129 1312 1188 viventibus
1345 1130 1631 1199 afferunt;
1674 1132 1854 1190 ratio-

574 1239 682 1277 nes
727 1220 889 1287 item,
938 1219 1158 1292 quibus
1208 1219 1426 1294 partim
1473 1220 1855 1295 proscribun-

578 1313 693 1378 tur,
724 1308 883 1366 modi
931 1307 1206 1382 denique,
1254 1309 1473 1383 quibus
1499 1309 1627 1366 loca
1657 1310 1731 1367 ab
1764 1310 1854 1384 ip-

576 1415 777 1455 sorum
821 1396 1093 1454 molest-ia
1139 1396 1484 1470 liberantur,
1532 1397 1740 1473 hisque
1770 1398 1854 1456 si-

574 1486 741 1543 milia
771 1484 1210 1555 discutiuutur;
1254 1485 1520 1559 adjectus
1554 1492 1647 1543 est
1680 1487 1853 1545 libel-

577 1575 670 1632 lus
716 1575 784 1632 de
833 1574 1311 1632 terriculamentis
1357 1577 1665 1645 nocturnis,
1700 1594 1855 1650 quae

575 1663 881 1721 hominum
899 1665 1148 1720 moitem
1169 1663 1363 1721 solent
1383 1664 1750 1738 portendere,
1771 1665 1854 1722 ib.

586 1761 780 1821 15983
824 1763 1020 1821 16043
1079 1762 1272 1820 16273
1319 1752 1599 1828 Lugduni
1654 1763 1853 1823 1599;

574 1842 640 1898 de
693 1841 1163 1915 apparitionibus
1202 1843 1518 1915 spirituum
1563 1846 1854 1900 tractatus

574 1929 712 2000 duc,
748 1948 997 2003 quorum
1031 1930 1197 2004 prior
1219 1930 1343 2006 agit
1364 1932 1432 1988 de
1466 1932 1851 2006 apparitioni-

575 2019 679 2076 bus
711 2020 897 2075 omnis
923 2018 1149 2095 yeneris
1179 2022 1513 2095 spirituum,
1539 2020 1660 2087 Dei,
1674 2040 1852 2097 ange-

574 2108 767 2166 lorum
801 2108 1152 2165 daemonum
1185 2114 1246 2166 et
1276 2109 1610 2166 animarum
1641 2110 1851 2167 huma·

573 2215 804 2266 narum,
847 2197 882 2252 l.
918 2215 1036 2255 uno
1082 2216 1216 2255 cum
1260 2196 1483 2273 duplici
1528 2199 1852 2274 appendice

570 2285 642 2343 de
688 2286 1010 2361 spirituum
1056 2286 1417 2362 imaginibus
1448 2291 1511 2344 et
1544 2289 1712 2345 cultu
1750 2288 1850 2345 de·

571 2393 686 2449 que
718 2376 1052 2450 purgatorii
1084 2376 1363 2443 veritate;
1398 2377 1691 2450 posterior
1712 2394 1850 2434 con-

570 2463 725 2521 tinet
756 2465 1088 2522 divinarum
1119 2484 1218 2522 seu
1250 2464 1358 2523 Dei
1392 2466 1451 2521 in
1489 2465 1544 2526 V,
1570 2466 1627 2521 T.
1662 2482 1849 2539 appa-

570 2555 850 2611 ritionum
896 2556 956 2612 et
1000 2554 1371 2612 locutionum
1416 2557 1537 2611 tam
1577 2557 1848 2610 externa-

570 2659 702 2698 rum
738 2662 912 2716 qunm
961 2642 1330 2700 internarum
1362 2642 1423 2698 u.
1460 2650 1495 2701 4
1531 2660 1690 2699 nunc
1722 2642 1848 2717 pri-

569 2749 732 2787 mum
750 2731 959 2799 editos,
973 2730 1245 2788 Coloniae
1261 2731 1622 2805 Agrippinae
1649 2742 1666 2792 1
1687 2740 1720 2790 6
1733 2741 1810 2792 00
1834 2751 1846 2799 ;

577 2827 760 2879 1605.
812 2818 963 2876 Hinc
1013 2819 1289 2876 videntur
1326 2817 1672 2893 desumptae
1705 2819 1848 2877 illae

568 2907 635 2962 de
678 2925 754 2963 ss.
808 2907 1109 2964 Trinitatis
1153 2909 1402 2984 imayine
1446 2903 1646 2980 theses,
1698 2927 1846 2982 quas

568 2995 826 3052 multum
858 2995 1065 3053 laudat
1097 2996 1191 3053 Po
1210 3015 1236 3054 s
1254 3014 1280 3053 s
1298 3014 1329 3053 e
1354 2997 1538 3054 vinu
1555 3016 1581 3053 s
1599 2993 1643 3077 ¹)
1667 3001 1846 3072 atque

568 3083 631 3139 in
654 3102 822 3140 suam
841 3083 1258 3142 bibliothecam
1282 3086 1557 3144 selectam
1589 3087 1844 3160 recepit;

567 3172 919 3230 Divinarum
952 3173 1025 3235 N.
1072 3174 1130 3230 T.
1166 3175 1291 3232 sive
1323 3175 1542 3233 Christi
1574 3175 1703 3232 Filii
1739 3176 1846 3232 Dei

566 3260 637 3318 N.
685 3261 746 3318 T.
800 3262 1135 3321 Mediatoris
1182 3266 1625 3337 apparitionum
1670 3265 1731 3320 ll.
1785 3273 1843 3334 3,

566 3367 815 3425 quorum
848 3353 1075 3426 primus
1108 3353 1295 3422 illam,
1329 3372 1449 3427 qua
1477 3353 1541 3411 in
1587 3353 1844 3427 particu-

565 3439 671 3497 lari
696 3440 922 3514 judicio
956 3443 1231 3501 omnibus
1264 3441 1486 3499 dicitur
1531 3460 1842 3516 apparere;

564 3529 712 3586 alter
762 3533 1227 3600 sacramentales,
1264 3531 1484 3606 quibus
1517 3531 1844 3606 peregrinis

562 3619 868 3691 speciebus
916 3620 1235 3693 aliquando
1281 3619 1674 3694 conspicitur3
1721 3623 1841 3677 ter-

562 3706 685 3764 tius
718 3709 1151 3782 impersonaleS‚
1192 3709 1255 3766 in
1287 3709 1507 3784 quibus
1555 3709 1668 3767 sub
1700 3709 1842 3766 alie-

562 3795 654 3852 nis
718 3797 987 3871 personis
1049 3797 1377 3866 exhibetur,
1441 3797 1710 3871 explicat,
1761 3797 1841 3855 ib.

572 3892 730 3947 1603
768 3885 829 3942 in
864 3894 937 3951 4.,
972 3903 1121 3960 opus
1153 3886 1567 3961 posthumum;
1614 3886 1710 3943 cui
1739 3885 1840 3942 ad·

561 3973 817 4031 dendum
873 3975 1312 4047 apparitionum
1344 3973 1382 4031 1.
1416 3991 1575 4031 unus
1620 3973 1839 4049 glorio·

559 4079 677 4118 sam
726 4062 1065 4120 describens
1113 4065 1237 4120 tam
1280 4060 1674 4138 judiciariam,
1722 4082 1842 4137 qua

557 4150 619 4206 in
666 4155 924 4209 extremo
963 4151 1190 4225 judicio
1239 4155 1329 4210 est
1373 4151 1837 4225 conspiciendae,

557 4258 733 4312 quam
766 4239 1156 4306 thaborinam,
1210 4258 1330 4315 qua
1380 4239 1640 4314 seipsum
1692 4259 1834 4316 apo-

557 4329 724 4386 stolis
776 4329 896 4386 suis
947 4327 1237 4398 exhibuit,
1285 4329 1361 4387 ib.
1423 4338 1607 4400 1602,
1659 4349 1838 4404 quem

632 4575 671 4640 ι)
697 4569 844 4622 Bibl.
871 4571 1077 4624 selecta
1117 4575 1167 4626 1.
1205 4575 1257 4628 8.
1296 4590 1340 4627 c.
1370 4576 1454 4628 15.
1495 4573 1643 4624 hanc
1668 4570 1838 4624 ratio·

554 4657 683 4695 nem
710 4640 982 4695 reddens:
1038 4641 1266 4710 „Neque
1294 4643 1446 4698 enim
1474 4660 1574 4695 nos
1601 4642 1699 4695 illo
1726 4659 1836 4696 me-

553 4711 665 4765 lius
690 4712 827 4766 haec
853 4713 1105 4785 digerere
1132 4713 1192 4767 in
1209 4715 1482 4775 ordinem,
1499 4713 1687 4767 autad
1708 4731 1835 4782 cap-

554 4787 677 4837 tum
704 4784 980 4854 cujusque
1010 4801 1322 4855 proponere
1349 4785 1667 4838 sciremus.“

966 236 1334 290 1601—1620.
1363 232 1673 301 Theologia
1699 233 1818 303 pol.
1846 232 1906 286 in
1939 233 2260 288 Germania.
2287 233 2590 301 Thyraeus,
2615 234 2823 297 Sturm,

3076 252 3209 304 428

1914 438 2062 495 pene
2107 419 2501 478 moribundus
2550 420 2824 495 scripsit;
2875 425 3204 495 utrumque

1914 527 2063 585 opus
2112 507 2290 566 simul
2311 508 2592 583 junctum
2637 508 2876 567 videtur
2915 509 3208 583 prodiisse

1914 598 1991 656 ib.
2051 606 2209 659 1625
2260 597 2323 654 in
2371 607 2425 658 4.
2483 597 2638 655 Haec
2670 597 2957 672 opuscula
2989 616 3204 674 magno

1915 705 2152 762 quoque
2198 686 2338 744 usui
2384 689 2553 743 erant
2600 686 2824 744 Calmet
2860 700 2920 744 et
2952 686 3208 762 Lenglet

1914 775 2246 850 Dufresnoy
2291 774 2366 832 ad
2412 792 2553 832 suos
2601 775 2670 833 de
2713 775 3202 851 apparationibus

1914 864 2358 923 lucubrationes
2373 859 2451 943 ¹):
2499 882 2569 920 ea
2608 864 2787 922 etiam
2828 864 3202 923 commendat

1916 952 2330 1011 Weissenbach
2342 953 2407 1010 in
2421 951 2546 1010 suis
2558 952 3058 1011 transactionibus
3069 953 3202 1011 dia·

1915 1042 2144 1100 helicis,

2010 1228 2149 1281 183.
2181 1220 2401 1278 Eodem
2433 1238 2585 1277 anno
2608 1214 2834 1299 (1601)
2856 1218 3006 1277 obiit
3035 1218 3196 1294 Thy-

1912 1309 2026 1366 raei
2064 1309 2282 1366 sodalis
2318 1308 2692 1366 Wenceslaus
2735 1307 2991 1365 Sturm
3026 1303 3199 1389 (Stu-

1910 1416 2053 1466 rem,
2089 1392 2438 1477 Sturmius),
2486 1397 2591 1472 qui
2631 1396 2865 1471 primus
2906 1397 3201 1455 calamum

1913 1486 2156 1543 strinxit
2187 1486 2473 1545 adversus
2517 1485 2842 1544 Valdenses
2872 1490 2933 1542 et
2965 1485 3200 1543 Bosles-

1911 1573 2199 1633 lavienses
2247 1593 2353 1633 seu
2419 1573 2688 1632 Picardos
2736 1574 2800 1632 in
2850 1568 3200 1653 Bohemia2)

1912 1664 2130 1721 relictis
2166 1664 2443 1738 pluribus
2477 1663 2714 1721 libellis.
2750 1695 2835 1704 —
2869 1662 3065 1736 Magni
3087 1680 3200 1721 no·

1910 1753 2100 1821 minis,
2147 1752 2274 1821 zeli,
2323 1752 2571 1810 virtutis
2617 1756 2798 1827 atque
2836 1751 3193 1809 eruditionis

1910 1841 2004 1898 vir
2054 1840 2173 1898 fuit
2218 1841 2508 1917 Georgius
2557 1840 2880 1899 Scherer
2925 1840 3191 1898 Tirolen·

1912 1930 1992 1988 sis
2023 1934 2200 1988 natus
2250 1929 2558 1987 Schwatzii
2594 1926 2664 2009 (c.
2709 1924 2919 2007 1540),
2956 1929 3059 2003 qui
3091 1948 3202 2003 per

1911 2028 1991 2081 40
2027 2038 2211 2077 annos
2258 2038 2489 2076 summa
2534 2036 2669 2075 cum
2714 2018 2888 2075 laude
2935 2036 3038 2075 nec
3081 2018 3194 2074 mi-

1911 2126 2050 2166 nore
2071 2107 2274 2167 fructu
2291 2108 2672 2166 concionatus
2690 2110 2798 2176 est,
2818 2106 3005 2164 Lincii
3024 2125 3196 2181 prae-

1911 2192 2197 2276 sertimss),
2232 2197 2337 2253 ubi
2369 2215 2438 2253 ex
2468 2195 2745 2253 mandato
2779 2195 3064 2253 Matthiae
3099 2214 3194 2252 ar·

1909 2285 2174 2344 chiducis
2206 2285 2312 2343 diu
2342 2285 2598 2361 degebat
2615 2303 2831 2359 magno
2851 2292 2973 2341 tam
2993 2284 3194 2341 catho-

1911 2375 2158 2433 licorum
2192 2393 2369 2449 quam
2402 2373 2865 2448 protestantium
2900 2373 3052 2431 bono
3093 2378 3195 2431 tu·

1907 2468 2044 2521 tans
2091 2463 2299 2520 urbem
2348 2463 2513 2520 illam
2563 2462 2845 2520 adversus
2893 2462 3191 2529 sectarim,

1907 2570 2160 2626 quorum
2180 2551 2401 2609 multos
2427 2551 2498 2609 ad
2521 2569 2721 2610 veram
2744 2550 2912 2608 fidem
2939 2550 3194 2619 reduxit,

1986 2725 2022 2790 ¹)
2050 2720 2230 2774 Feller
2257 2719 2403 2786 VIII,
2434 2727 2551 2778 199.
2581 2721 2697 2774 Hac
2725 2721 3014 2774 occasione
3042 2737 3196 2774 men-

1906 2791 1988 2847 tio
2040 2792 2211 2846 etiam
2263 2791 2386 2846 fieri
2430 2795 2617 2862 potest
2665 2791 2951 2846 Vincentii
3003 2791 3046 2844 P
3064 2809 3095 2845 o
3113 2809 3190 2844 ns

1906 2863 1968 2918 O.
1987 2862 2181 2916 Praed.
2199 2863 2475 2930 Lusitani,
2494 2864 2585 2932 cuj
2593 2881 2658 2916 us
2676 2867 2899 2932 praeter
2910 2880 3049 2932 opus
3061 2880 3193 2933 apo·

1905 2934 2210 3004 logeticum
2223 2933 2285 3000 (li
2293 2952 2447 3004 ngua
2457 2934 2664 3004 gallica
2675 2934 3196 3005 conscriptum)pro

1905 3005 2152 3059 Ecclesia
2178 3023 2414 3059 romana
2439 3005 2643 3078 (Aquis
2674 3007 2857 3058 Sextis
2875 3009 3016 3062 1608
3042 3006 3102 3058 in
3119 3008 3192 3076 8.)

1904 3080 2089 3131 exstat
2116 3094 2345 3145 quoque
2381 3081 2442 3131 de
2471 3083 2708 3145 potentia
2754 3087 2800 3131 et
2825 3080 3043 3130 scientia
3068 3081 3190 3130 dae·

1903 3168 2114 3202 monum
2143 3148 2402 3216 quaestio
2431 3147 2782 3218 theologica:
2827 3165 2902 3200 an
2929 3147 3192 3201 diabolus

1904 3223 2069 3289 pater
2095 3219 2374 3272 mendacii
2419 3235 2638 3288 semper
2668 3219 2938 3288 loquatur
2964 3218 3189 3272 menda-

1902 3293 2078 3343 cium?
2096 3306 2170 3342 an
2186 3290 2368 3358 ipsius
2387 3291 2571 3344 verbis
2592 3290 2729 3344 fides
2753 3289 3078 3343 adhibenda
3098 3288 3191 3354 sit,

1902 3361 1976 3417 ib.
2007 3367 2146 3418 1612
2174 3362 2236 3414 in
2265 3365 2316 3418 8.
2989 3387 2998 3396 ·

1974 3437 2016 3500 2)
2043 3433 2178 3502 Ejus
2206 3449 2379 3501 opera
2397 3433 2598 3502 lingua
2616 3434 2856 3487 bohema
2871 3431 3192 3501 conscripta

1902 3503 2214 3571 plurimum
2231 3503 2432 3557 laudat
2451 3503 2788 3558 possevinus
2805 3504 2841 3558 1.
2858 3522 2901 3560 c.
2919 3504 2957 3559 l.
2974 3508 3022 3558 7.
3040 3521 3085 3556 c.
3105 3507 3190 3559 15.

1901 3576 2070 3642 atque
2099 3576 2345 3645 excerpit
2386 3575 2446 3626 in
2488 3576 2743 3629 examine
2788 3576 2961 3642 hujus
2988 3578 3190 3639 sectae,

1901 3645 2054 3712 quod
2081 3644 2292 3699 ibidem
2316 3645 2597 3699 instituit..
2639 3646 2720 3701 Cf.
2764 3645 3185 3716 Sommervogel

1900 3716 2021 3782 VII,
2052 3721 2194 3772 1464
2218 3733 2262 3770 s.

1972 3793 2014 3859 ⁸)
2043 3787 2123 3842 De
2150 3789 2273 3856 ejus
2298 3788 2661 3842 concionibus
2689 3789 2944 3842 Viennae
2972 3787 3186 3842 habitis

1898 3859 2037 3913 haec
2064 3859 2308 3928 legimus
2334 3877 2423 3929 ap.
2448 3860 2573 3913 Seb.
2599 3860 2655 3912 M
2673 3859 2691 3911 i
2710 3862 2816 3912 tte
2833 3876 2861 3911 r
2876 3859 2909 3911 d
2930 3875 2961 3913 o
2978 3877 3004 3910 r
3021 3858 3049 3910 f
3058 3859 3087 3911 f
3096 3877 3123 3912 e
3141 3877 3186 3922 r,

1896 3932 2232 3999 conspectus
2270 3929 2402 3985 hist.
2429 3930 2820 3983 universitatis
2860 3930 3182 3982 viennensis

1897 4000 1969 4054 ad
1997 4018 2047 4053 a.
2077 4004 2209 4057 1581
2238 4022 2249 4054 ;
2301 4000 2453 4061 „Hoc
2478 4018 2629 4055 anno
2656 4001 2856 4055 iisdem
2889 4001 3056 4056 finem
3081 4000 3181 4052 im·

1897 4072 2094 4140 posuit
2116 4074 2276 4127 tanto
2303 4071 2438 4126 inde
2478 4072 2665 4126 fructu
2711 4075 3032 4134 consecuto,
3058 4075 3126 4124 ut
3150 4088 3182 4124 e

1897 4144 2193 4197 nobilitate
2220 4160 2399 4212 aeque
2425 4160 2490 4197 ac
2517 4144 2680 4213 plebe
2708 4147 2931 4198 centum
2962 4142 3186 4209 aliquot

1898 4213 2123 4267 dimidii
2142 4214 2283 4268 anni
2298 4215 2484 4283 spatio
2502 4214 2908 4268 confessionem
2929 4230 3052 4266 eam
3069 4219 3185 4283 (au-

1894 4287 2217 4353 gustanam)
2232 4285 2576 4354 ejurarent;“
2594 4285 2737 4339 etad
2754 4302 2803 4343 a.
2822 4289 2989 4341 1605:
3014 4284 3187 4349 ..Qua-

1896 4356 2164 4437 draginta
2191 4360 2249 4410 et
2271 4357 2525 4425 quinque
2561 4358 2675 4410 fere
2703 4356 2867 4410 annis
2893 4357 3183 4410 Austriam

1895 4444 2064 4481 sacris
2091 4428 2456 4483 concionibus
2497 4445 2592 4481 seu
2623 4429 2686 4481 in
2713 4428 2865 4493 aula,
2901 4444 2999 4481 seu
3028 4427 3099 4479 ad
3127 4426 3180 4480 d.

1894 4498 2267 4567 Stephanum,
2281 4515 2378 4552 seu
2392 4498 2521 4551 aliis
2534 4499 2826 4564 cathedris,
2842 4498 3012 4552 editis
3026 4513 3182 4566 prae-

1893 4573 2047 4624 terea
2090 4570 2152 4623 iu
2196 4570 2382 4624 lucem
2426 4571 2695 4624 adversus
2735 4568 3178 4624 acatholicorum

1892 4641 2161 4711 dogmata
2186 4641 2411 4710 scriptis
2438 4642 2520 4694 ita
2546 4643 2808 4705 excoluit,
2829 4644 2896 4694 ut
2913 4655 3178 4708 magnam

1891 4717 2110 4782 partem
2138 4712 2399 4766 Austriae
2427 4730 2482 4766 se
2511 4713 2844 4768 catholicam
2867 4728 2984 4765 esse
3005 4711 3165 4765 Sche-

1891 4800 2015 4838 rero
2043 4784 2292 4839 debeat.“
