3625 5193
589 231 704 282 491
1146 215 1516 269 1601—1620.
1544 212 1595 264 S.
1626 210 1949 279 Scripturae
1977 210 2314 279 interpretes
2340 208 2401 260 in
2429 207 2637 276 Belgio.
3081 224 3214 277 492

586 399 898 457 sanctitate
929 400 990 455 et
1022 397 1190 455 libris
1221 397 1398 454 editis
1429 398 1632 471 postea
1662 395 1870 453 claris-
1924 393 2165 453 mentiri
2199 394 2388 452 solum
2422 392 2587 451 nefas
2621 396 2728 461 est,
2771 392 2869 451 sed
2892 392 3215 451 blandiri.‘

586 489 801 546 simum
818 482 881 567 ¹).
915 485 1353 561 Philosophiam
1371 483 1747 561 postmodum
1764 484 1867 542 do·
1926 484 2225 542 Virtutem
2258 483 2323 540 in
2355 500 2711 557 quocunque
2763 482 2997 540 demum
3032 486 3208 552 esset,

584 577 710 635 cuit
774 575 954 633 Duaci
1017 570 1263 655 (1589),
1326 592 1458 631 mox
1509 572 1869 648 theologiam
1926 574 2096 631 hoste
2127 591 2202 630 an
2235 572 2437 641 amico,
2472 570 2773 646 diligebat.
2838 570 3071 629 Nemini
3106 570 3218 630 de-

584 665 864 723 moralem
895 665 955 721 et
987 683 1064 722 ss,
1098 664 1301 722 literas
1334 661 1554 732 Leodii,
1606 662 1868 731 Lovanii,
1926 662 2113 720 bitam
2144 660 2376 719 laudem
2411 659 2755 737 abrogabat,
2796 660 3015 718 nemini
3049 679 3212 718 arro·

585 754 807 812 Graecii
854 758 914 810 et
958 753 1366 821 salmanticae,
1427 750 1652 825 ubique
1697 750 1872 809 solidi
1926 751 2106 828 gabat
2138 750 2484 819 indebitam,
2538 749 2611 805 ab
2663 748 2797 806 odio
2845 749 3089 824 perinde
3122 752 3215 807 at-

582 843 703 900 vim
737 842 961 918 ingenii
1007 861 1140 900 cum
1184 840 1318 917 pari
1363 840 1585 915 pietate
1624 840 1872 914 conjun·
1927 858 2043 914 que
2087 839 2160 897 ab
2205 838 2428 897 invidia
2471 836 2921 896 remotissimus⁸
2986 838 3214 896 Studiis

583 951 746 1008 gens.
780 933 993 1008 Magno
1024 931 1326 989 ferebatur
1356 929 1479 986 zelo
1510 929 1575 987 in
1607 927 1743 986 fidei
1777 947 1871 985 ca·
1926 929 2100 986 finem
2137 928 2420 1002 imposuit
2440 924 2481 1007 ¹)
2515 926 2969 984 literatissimus
3007 926 3101 985 hic
3118 927 3215 987 vir

583 1020 836 1078 tholicae
868 1019 1235 1078 adversarios
1269 1018 1433 1087 ade0,
1487 1023 1557 1075 ut
1606 1017 1870 1091 quoties·
1935 1028 2031 1079 19.
2066 1018 2193 1076 Oct.
2237 1026 2418 1079 1608.
2454 1036 2501 1073 a.
2536 1016 2752 1073 aetatis
2791 1022 2892 1077 58.

584 1127 818 1183 cunque
865 1108 935 1166 de
981 1108 1101 1167 illis
1152 1107 1374 1166 mentio
1424 1106 1727 1165 incidebat
1774 1106 1872 1164 vel

585 1198 893 1256 levissima
925 1198 986 1254 in
1018 1215 1339 1273 congressu
1372 1194 1669 1265 familiari,
1704 1194 1869 1252 arde·
2019 1204 2162 1258 210.
2195 1194 2280 1252 Ex
2310 1193 2492 1251 Delrii
2527 1192 2807 1267 operibus
2842 1191 3069 1250 haecad
3086 1211 3210 1249 rem

584 1290 677 1345 ret
737 1288 964 1356 vultuS,
1028 1289 1236 1361 pectus
1300 1287 1621 1353 aestuaret,
1684 1284 1872 1343 oculis
1925 1288 2192 1342 nostram
2225 1288 2399 1341 sunt:
2437 1282 2509 1339 In
2540 1283 2824 1339 canticum
2857 1282 3216 1339 veneticorum

584 1375 947 1450 auribusque
980 1374 1288 1451 perfidiam
1322 1377 1714 1434 aversaretur.
1779 1373 1871 1430 Ab
1931 1374 2252 1431 Salomonis
2281 1372 2725 1429 commentarius
2754 1371 3001 1429 literalis
3033 1377 3082 1426 et
3113 1388 3212 1426 ca·

585 1464 850 1523 omnium
895 1464 1072 1521 etiam
1106 1463 1407 1522 mitiorum
1440 1461 1872 1520 consuetudine
1926 1469 2057 1519 cena
2089 1462 2350 1539 mystica,
2399 1458 2751 1536 Ingolstadii
2811 1469 2976 1521 1604
3024 1458 3085 1516 in
3136 1458 3216 1528 fn,

584 1552 799 1610 amicos
847 1553 1165 1629 diligenter
1210 1552 1499 1610 abducere
1548 1550 1869 1620 nitebatur,
1929 1550 2166 1608 Parisiis
2208 1559 2406 1618 16043
2461 1556 2655 1617 1608;
2689 1547 2968 1623 Lugduni
3009 1556 3211 1617 16043

584 1643 657 1699 ut
690 1641 753 1698 in
785 1640 962 1699 Justo
994 1640 1189 1716 Lipsio
1221 1640 1437 1716 patuit,
1484 1640 1588 1715 qui
1622 1639 1695 1696 ab
1727 1640 1870 1697 Hol·
1936 1649 2128 1709 16113
2168 1638 2628 1696 Commentarius
2659 1638 2905 1694 literalis
2936 1638 2997 1693 in
3031 1636 3212 1693 Thre-

585 1730 781 1788 landis
815 1730 889 1788 ob
922 1730 1218 1806 insignem
1266 1728 1621 1787 eruditionis
1651 1728 1871 1786 famam
1925 1747 2029 1785 nos
2060 1728 2369 1801 Jeremiae,
2421 1727 2496 1784 ib.
2538 1734 2703 1789 1608
2740 1725 2800 1782 in
2838 1735 2908 1795 43
2975 1724 3214 1782 Pharus

584 1818 918 1888 arcessitus,
951 1822 1022 1877 ut
1055 1818 1294 1892 publice
1325 1817 1561 1876 doceret
1591 1816 1871 1892 Lugduni
1926 1836 2127 1874 sacrae
2160 1816 2491 1888 Sapientiae
2523 1833 2626 1872 seu
2661 1814 3060 1872 commentarii
3099 1832 3210 1871 seu

583 1908 961 1977 Batavorum,
1003 1907 1318 1981 paululum
1353 1925 1387 1964 a
1419 1906 1610 1983 rigida
1641 1906 1746 1963 illa
1777 1923 1869 1963 sa·
1925 1906 2152 1982 glossae
2183 1904 2447 1963 literales
2479 1905 2543 1962 in
2577 1903 2866 1972 Genesim,
2919 1902 2995 1959 ib.
3039 1912 3203 1964 1608

582 1996 824 2069 pientis,
843 1996 961 2054 imo
978 1995 1285 2054 christiani
1304 1995 1563 2054 hominis
1593 1998 1869 2053 constan·
1924 1995 1987 2052 in
2023 2004 2080 2054 4.
2131 1994 2326 2070 Magni
2360 1993 2553 2069 operis
2587 1992 2747 2066 quod
2779 1992 2841 2049 in
2874 1992 3210 2048 universam

584 2084 673 2142 tia
703 2082 1029 2153 deflexerat,
1064 2103 1181 2143 non
1217 2085 1345 2143 sine
1365 2085 1533 2160 gravi
1554 2083 1867 2141 catholico·
1927 2083 2291 2158 Scripturam
2353 2082 2707 2141 moliebatur
2783 2099 2920 2156 pars
2997 2079 3210 2154 prima.

586 2192 718 2230 rum
753 2173 1085 2232 offensione.
1122 2173 1280 2232 Satis
1313 2173 1430 2231 fuit
1462 2173 1661 2231 Delrio
1695 2172 1868 2230 amici
1924 2173 2220 2249 Adayalia
2250 2190 2423 2229 sacra
2459 2170 2513 2228 V.
2547 2177 2598 2227 et
2618 2170 2690 2227 N.
2721 2170 2798 2240 Τ.,
2835 2168 2910 2226 ib.
2954 2178 3208 2231 1614-—

585 2263 918 2336 periculum
954 2264 1313 2339 cognovisse.
1348 2262 1615 2321 Consiliis
1653 2262 1777 2319 suis
1809 2264 1871 2318 et
1934 2271 2007 2322 18
2045 2280 2139 2336 pp.
2168 2270 2202 2321 2
2225 2261 2289 2318 in
2313 2270 2366 2320 4.
2401 2259 2761 2318 Prodierunt
2791 2262 3026 2315 tantum
3062 2259 3208 2315 ada-

585 2351 1095 2410 cohortationibus
1150 2352 1407 2427 perfecit,
1460 2355 1531 2409 ut
1580 2350 1785 2427 pedem
1838 2369 1869 2408 e
1919 2352 2081 2427 yalia
2125 2349 2187 2406 V.
2227 2350 2284 2407 T.
2338 2349 2446 2407 His
2481 2348 2657 2406 adde:
2705 2347 2999 2405 Vindiciae
3043 2365 3211 2404 areo-

583 2439 809 2498 lubrico
860 2448 920 2499 et
982 2440 1289 2516 praecipiti
1352 2441 1479 2497 loco
1540 2435 1866 2518 referret2).
1916 2441 2224 2516 payiticae,
2263 2437 2616 2512 Antverpiae
2663 2447 2856 2505 16073
2892 2437 3050 2509 Opus
3081 2455 3210 2493 ma·

584 2529 784 2587 Prima
817 2531 947 2604 ejus
981 2529 1110 2587 laus
1147 2547 1378 2604 semper
1398 2528 1516 2585 fuit
1535 2527 1869 2585 humillima
1924 2530 2160 2585 riarium
2205 2545 2310 2585 seu
2355 2526 2426 2584 de
2479 2524 2756 2583 laudibus
2789 2528 2848 2582 et
2881 2524 3210 2582 virtutibus

584 2618 920 2676 obedientia
939 2622 999 2676 et
1018 2617 1500 2676 obedientissima
1530 2616 1864 2674 humilitas:
1925 2618 2136 2675 Mariae
2169 2616 2235 2674 V.
2287 2617 2569 2692 Deiparae
2618 2615 2682 2672 in
2735 2625 2770 2676 4
2824 2634 2878 2688 p.
2928 2613 3210 2684 divisum,

587 2706 720 2763 huic
753 2707 999 2765 accessit
1029 2706 1328 2781 ingenuus
1362 2705 1596 2775 candor,
1631 2704 1772 2762 adeo
1796 2708 1869 2761 ut
1921 2725 2159 2780 nempe:
2196 2705 2512 2780 Speculum
2533 2704 2880 2772 marianum,
2900 2703 3208 2776 speculum

582 2795 818 2868 Lipsius
851 2795 913 2852 in
946 2794 1226 2851 familiari
1259 2793 1331 2851 ad
1352 2793 1721 2851 Rosweidum
1742 2793 1864 2868 epi·
1923 2795 2184 2852 caritatis
2234 2802 2294 2851 et
2344 2793 2665 2868 patientiae
2713 2792 2861 2850 Jesu
2912 2799 2968 2848 et
3006 2792 3203 2858 Maria,

584 2882 736 2940 stola
771 2883 1065 2940 hominem
1099 2902 1236 2940 eum
1288 2885 1523 2940 vocaret
1576 2883 1713 2951 ,cui
1746 2901 1866 2940 non
1921 2884 2203 2958 polemica
2218 2883 2496 2950 mariana,
2513 2881 2722 2939 florida
2736 2881 2994 2938 mariana
3029 2875 3208 2958 (Ant-

1921 2973 2153 3047 verpiae
2199 2967 2408 3050 1598),
2441 2971 2518 3027 ib.
2564 2980 2724 3032 1607
2751 2972 2812 3027 in
2838 2979 2903 3037 43
2937 2969 3206 3026 &Orien-

1921 3064 1989 3118 tii
2033 3062 2282 3134 episcopi
2331 3060 2665 3116 illiberitani
2708 3059 3206 3116 commonitorium

653 3127 695 3233 ὲ)
724 3123 758 3177 S
776 3120 1129 3205 Otvqllufl‘
1160 3122 1428 3204 Biblim'lff·
1457 3121 1649 3202 S‘Jripf‘·
1676 3122 1727 3203 ξ’·
1756 3125 1805 3177 J·
1921 3147 2054 3228 (seu
2088 3144 2388 3228 carmina),
2425 3165 2584 3205 nunc
2616 3148 2875 3222 primum
2908 3146 3073 3221 typis
3103 3165 3203 3203 ex·

680 3208 694 3261 )
725 3197 845 3265 lpse
874 3196 915 3249 L
931 3214 950 3248 1
967 3214 1004 3265 p
1021 3213 1046 3248 s
1060 3214 1080 3248 1
1099 3213 1136 3249 u
1154 3212 1180 3248 s
1220 3212 1336 3247 suis
1356 3194 1535 3247 litems
1575 3193 1723 3246 dat1s
1751 3193 1865 3245 Mo-

579 3266 816 3337 guntiae
847 3272 930 3324 14.
958 3270 1095 3335 Apr.
1123 3271 1280 3323 1591.
1321 3265 1394 3318 ad
1422 3264 1674 3318 Delrium
1700 3264 1757 3317 id
1788 3268 1864 3318 te·
1921 3257 2148 3305 ‘msam’
2203 3236 2579 3294 emendatum
2634 3242 2693 3293 et
2743 3236 2900 3293 ”Otis
2933 3234 3203 3292 illustra*

580 3340 794 3392 statur:
824 3341 1044 3403 „Amor,
1072 3336 1284 3406 inquit,
1310 3340 1506 3390 noster
1520 3340 1684 3389 vetus
1701 3338 1758 3389 et
1775 3353 1863 3388 ve·
1919 3321 2131 3405 tum2),
2165 3326 2542 3400 Antwerpiae
2583 3335 2746 3387 1600
2769 3347 2781 3392 ;
2818 3323 3207 3383 Salmanticae

577 3426 675 3463 rus
717 3426 832 3463 non
877 3409 1175 3479 permittit,
1204 3411 1287 3491 ‘ut
1332 3411 1386 3461 te
1426 3409 1617 3488 cel-em·
1642 3407 1864 3486 facinus
1929 3425 2123 3483 165033
2158 3414 2220 3471 in
2253 3414 2395 3472 bibl.
2429 3414 2537 3471 ΡΡ.
2560 3413 2721 3488 lugd.
2740 3413 2895 3479 VIII,
2923 3420 3208 3480 svs-823

576 3481 803 3550 grande·
822 3480 973 3548 <1110d
997 3483 1237 3550 patrav-
1270 3479 1743 3548 Dfflbemgmssate
1760 3493 1864 3530 ffl-
1921 3504 2346 3578 Witembergae
2388 3513 2586 3572 17963
2620 3523 2664 3560 s.
2698 3501 3204 3576 AdhelmiPrisci,

578 3554 673 3622 pui
714 3570 802 3607 me
842 3570 870 3607 e
910 3552 1145 3619 laqueis,
1188 3551 1397 3619 quibus
1422 3549 1773 3619 implicabar‚
1797 3551 1865 3601 ut
2026 3595 2036 3606 .
2252 3592 2263 3602 .
2816 3592 2825 3601 .
2980 3590 2990 3601 .

577 3623 761 3677 salvus
782 3627 953 3690 atque
973 3622 1272 3676 incolumis
1293 3621 1623 3692 perveniam
1650 3621 1711 3673 in
1733 3621 1861 3673 Ger·
1919 3592 2371 3651 0⁰⁰¹d0ntflhum
2407 3591 2703 3649 saxonum
2738 3608 3014 3665 0P1300P¹⁹
3061 3607 3200 3662 1²⁰0·

578 3695 825 3747 maniam
842 3693 913 3746 ad
928 3697 1116 3762 patres
1132 3695 1360 3746 vestros.
1387 3692 1419 3744 J
1426 3710 1538 3746 uva
1559 3701 1617 3746 o!
1645 3709 1730 3745 me
1746 3691 1861 3744 tuis
1917 3685 2030 3740 tica
2063 3681 2339 3738 nonnulla
2354 3700 2385 3739 e
2404 3685 2601 3738 vetere
2633 3699 2737 3739 ms,
2773 3679 2893 3737 cod.
2913 3679 3205 3752 exscripta

575 3765 848 3833 precibus,
860 3768 992 3832 post
1000 3765 1090 3832 cuj
1098 3781 1162 3817 us
1174 3764 1449 3816 salutares
1465 3764 1665 3816 literas
1677 3762 1860 3816 Deum

465 3883 469 3887 ,
574 3835 783 3887 iterum
810 3834 1023 3887 iratum
1061 3835 1320 3896 habeam,
1359 3833 1404 3885 si
1447 3851 1701 3900 unquam
1732 3850 1860 3887 con·

576 3904 785 3972 quievi.
837 3903 953 3958 Deo
993 3904 1180 3973 gratia
1220 3907 1357 3958 estc.
1401 3905 1503 3970 qui
1527 3904 1774 3958 invitum
1804 3907 1862 3957 et
1994 3909 2030 3976 ¹)
2059 3903 2140 3957 Cf.
2166 3903 2504 3956 Juvenoium
2533 3902 2742 3956 Histor.
2773 3901 2892 3955 S.J.
2923 3919 2975 3971 p.
2993 3905 3043 3956 5.
3061 3900 3205 3955 1525.

576 3975 738 4042 quasi
765 3975 1135 4029 reluctantem
1163 3974 1243 4027 sic
1272 3974 1488 4038 eduxit,
1509 3977 1566 4027 et
1584 3974 1778 4044 posuit
1797 3974 1859 4027 in
1915 3985 1941 4041 5
1970 3980 1998 4032 1
2020 3996 2031 4044 ;
2059 3974 2126 4027 Η.
2145 3973 2575 4044 Langveldium,
2595 3973 2668 4032 M,
2688 3972 2877 4026 Delrio
2892 3972 3042 4036 Vita,
3063 3972 3197 4024 Ant-

573 4045 725 4124 locis,
769 4045 866 4097 ubi
906 4043 1372 4126 mihi-Ecclesiae
1414 4049 1470 4127 et
1513 4045 1858 4126 reipublicae
1916 4046 2158 4114 werpiae
2199 4048 2368 4105 1609;
2410 4044 2829 4114 Sommervogel
2876 4044 2942 4110 11,
2990 4047 3199 4099 1894-

572 4116 1858 4266 &3⁸33ggzttietissffligss'seffaoeffigpssaffiz
1916 4123 2245 4256 19goi1uju⁸
2285 4185 2704 4239 commonitorii
2732 4185 2942 4239 librum
2974 4187 3200 4238 tantum

574 4274 672 4324 qu1
700 4273 827 4311 vere
855 4258 1085 4311 fratrem
1127 4261 1185 4312 et
1217 4259 1463 4313 amicum
1488 4257 1769 4328 recepisti,
1800 4259 1861 4311 et
1911 4259 2155 4327 primum
2197 4275 2322 4311 cum
2364 4257 2645 4321 omnibus,
2691 4257 2902 4324 quibus
2930 4256 3200 4318 scatebat,

572 4327 796 4396 ignosce
838 4327 1029 4383 omnia
1068 4331 1403 4399 praeterita:
1444 4330 1525 4382 ita
1567 4328 1720 4382 Deus
1747 4328 1856 4381 tibi
1911 4329 2130 4383 mendis
2146 4331 2204 4382 et
2225 4328 2438 4381 lacunis
2464 4329 2617 4396 typis
2642 4328 2952 4386 mandavit,
2971 4327 3203 4380 Librum

572 4416 799 4468 quoque
826 4401 1098 4468 ignoscat.
1128 4400 1295 4465 Uxor,
1316 4400 1537 4454 familia
1557 4402 1617 4453 et
1632 4397 1856 4452 reculae
1914 4401 2223 4455 secundum
2252 4416 2380 4453 cum
2427 4398 2552 4451 aliis
2579 4399 2822 4453 auctoris
2850 4399 3104 4452 versibus
3131 4398 3199 4450 de

573 4486 727 4523 meae
754 4471 925 4524 etiam
967 4489 1113 4526 nunc
1152 4477 1287 4526 sunt
1326 4470 1482 4540 apud
1524 4468 1852 4523 Hollandos.
1911 4471 2316 4534 nativitate‚de
2337 4469 2633 4535 Trinitate,
2661 4470 2729 4522 de
2752 4470 3078 4523 nominibus
3097 4468 3199 4521 Do·

570 4540 734 4594 Brevi
749 4541 987 4621 eripiam
1005 4548 1062 4597 et
1077 4543 1267 4613 palam
1287 4542 1448 4596 bonis
1465 4559 1552 4595 me
1569 4541 1850 4594 reddam.“
1911 4543 2046 4595 mini
2075 4545 2132 4596 et
2155 4542 2506 4595 orationibus
2545 4545 2741 4610 postea
2770 4544 3058 4610 repertum
3087 4538 3200 4593 edi·

572 4610 878 4679 Rescripsit
904 4611 1123 4666 Delrius
1150 4616 1206 4667 et
1232 4614 1303 4666 ad
1330 4611 1708 4666 constantiam
1729 4610 1854 4664 hor·
1911 4614 1998 4666 dit
2021 4614 2275 4666 Martene
2302 4617 2480 4684 (1700,
2510 4617 2669 4684 1717)
2710 4613 2927 4675 erratis,
2965 4629 3112 4680 quae
3138 4611 3202 4664 in

572 4683 724 4734 tatus
752 4685 852 4744 est,
880 4699 1053 4762 quam
1080 4683 1299 4752 Lipsius
1328 4684 1399 4736 ad
1426 4683 1647 4737 obitum
1670 4685 1853 4754 (1606)
1910 4685 2159 4738 editione
2187 4684 2367 4738 Delrii
2414 4684 2787 4746 occurrerant,
2834 4683 3095 4736 correctis
3135 4698 3204 4734 ac

572 4768 749 4819 usque
778 4755 982 4807 tenmt.
1907 4755 2140 4826 repletis
2166 4755 2386 4810 lacunis
2413 4755 2502 4824 (cf.
2536 4753 2575 4817 l,
2601 4756 2744 4824 444).
