3625 5193
393 272 522 326 293
1170 254 1548 319 Antonianus,
1577 251 1833 319 Gravius,
1861 252 2023 307 Suffr.
2054 251 2222 307 Petri.

2883 269 3010 324 294

397 439 517 498 rior
547 458 686 499 vero
719 440 776 497 d.
808 439 1150 516 Hieronymi
1169 439 1451 499 Comitem
1472 458 1516 498 s.
1536 439 1676 497 Lec-
1733 439 1796 497 in
1830 456 1993 496 sacra
2024 436 2384 514 profanaque
2416 441 2725 514 poetarum
2750 440 3013 498 ethnico·

399 528 736 600 tionarium,
786 529 1051 605 Gregorii
1084 528 1586 603 Antiphonarium
1618 530 1679 585 et
1733 545 1985 603 rumque
2010 526 2256 585 historia
2274 528 2709 586 versatissimus
2740 532 2802 587 et
2816 547 2890 587 ss.
2910 548 3013 604 pa-

393 616 663 689 eiusdem
694 634 761 676 ac
793 617 1113 676 Grimoaldi
1146 620 1208 676 et
1238 617 1479 676 Alcuini
1496 616 1676 675 abba·
1732 619 1893 675 trum
1927 616 2178 674 lectione
2205 634 2270 674 ac
2289 616 2641 675 tractatione
2662 614 3012 695 assiduus1).

396 709 527 765 tum
574 706 1085 765 Sacramentorum
1136 705 1342 776 libros,
1391 727 1423 766 e
1455 706 1677 781 quibus
1732 738 1821 749 —-
1866 705 1986 763 Nec
2032 705 2399 764 omittendus
2445 705 2684 764 videtur
2724 707 3015 766 Henricus

396 798 569 855 vetus
590 794 733 855 ordo
753 794 969 854 missae
987 814 1266 854 romanae
1287 795 1676 855 concinnatus
1734 794 1782 852 G
1796 815 1829 853 r
1842 814 1877 853 a
1891 814 1927 853 v
1942 794 1962 851 i
1978 812 2049 852 us
2060 790 2112 876 2)
2141 793 2523 853 Lovaniensis
2557 789 2617 877 (†
2658 806 2731 858 15
2744 791 2871 875 91),
2907 795 3014 872 qui

391 888 489 943 est
518 902 656 943 cum
686 885 942 943 vetustis
974 883 1332 960 quibusdam
1363 884 1678 960 praefatio·
1734 886 2047 960 postqmm
2079 900 2201 943 non
2232 883 2360 942 sine
2398 883 2752 943 eruditionis
2796 884 3013 943 doctri-

396 973 593 1042 nibuS,
630 973 902 1033 Coloniae
941 983 1101 1037 1571
1141 973 1206 1032 in
1244 984 1269 1034 1
1310 993 1394 1042 v.;
1428 972 1677 1048 inscrip·
1733 971 2238 1049 naequeinsignis
2260 971 2436 1030 laude
2459 980 2539 1032 20
2563 991 2749 1031 annos
2769 972 3015 1032 Lovanii

396 1066 526 1120 tum
559 1060 798 1121 Missale
829 1080 906 1121 ss.
940 1062 1050 1120 ΡΡ.
1087 1062 1413 1121 latinorum
1435 1062 1560 1121 sive
1579 1061 1677 1119 Li·
1734 1061 2068 1138 theologiae
2098 1065 2257 1120 esset
2293 1061 2604 1137 professor,
2639 1062 2880 1120 Romam
2913 1081 3015 1121 vo-

397 1151 676 1227 turgicon
740 1152 1013 1221 latinum,
1067 1151 1145 1210 ib.
1205 1161 1405 1222 1609;
1477 1160 1677 1219 161ος
1735 1154 1906 1210 catus
1926 1153 2016 1209 est
2049 1169 2084 1208 a
2118 1151 2280 1210 Sixto
2313 1149 2379 1208 V.
2410 1150 2839 1227 typographiae
2865 1152 3015 1210 vati-

398 1242 612 1315 quarta
635 1241 761 1314 jam
792 1241 919 1299 vice
949 1240 1028 1298 ib.
1069 1249 1233 1303 1675
1273 1238 1372 1322 (m.
1401 1235 1526 1319 50).
1548 1239 1677 1297 Etsi
1736 1258 1914 1298 canae
1945 1240 2009 1297 in
2041 1238 2282 1298 edendis
2329 1257 2405 1297 ss.
2452 1243 2692 1314 patrum
2737 1239 3015 1317 operibus

389 1346 505 1387 suo
537 1331 801 1404 tempore
832 1329 940 1387 hoc
971 1347 1120 1404 opus
1156 1348 1278 1388 non
1323 1328 1507 1387 fuerit
1552 1328 1678 1386 sine
1734 1328 2097 1405 praefectus;
2144 1347 2353 1387 verum
2390 1346 2526 1385 mox
2557 1328 2736 1387 morti
2766 1328 3015 1388 festinae

399 1417 622 1493 pretio:
658 1420 750 1476 sat
779 1417 970 1495 rigide
1001 1420 1200 1476 tamen
1233 1420 1432 1477 censet
1449 1418 1676 1476 Renau-
1735 1417 2065 1479 succubuit.
2112 1417 2313 1493 Magni
2357 1418 2571 1476 Romae
2615 1417 2796 1476 fiebat
2826 1438 2860 1476 a
2891 1436 3014 1477 car-

390 1506 500 1564 dot
561 1506 633 1565 de
694 1524 762 1565 eo
823 1507 1014 1582 deque
1064 1508 1229 1566 Bona
1287 1506 1373 1565 ita
1420 1506 1680 1565 scribens
1735 1506 2037 1565 dinalibus
2085 1506 2320 1576 Caraffa,
2360 1507 2713 1565 Borromaeo
2745 1510 2805 1565 et
2835 1507 3014 1565 Baro-

401 1591 612 1675 (Praef.
645 1596 786 1654 Coll.
819 1596 1023 1672 liturg.
1046 1592 1297 1676 orient):
1332 1594 1486 1665 „Qui
1504 1598 1682 1653 antea
1736 1596 1853 1666 nio,
1887 1596 1993 1671 qui
2024 1595 2217 1653 literis
2240 1594 2688 1653 adacademiam
2714 1596 3017 1654 lovanien-

399 1685 470 1743 ut
486 1684 526 1741 J
529 1684 746 1744 acobus
768 1685 933 1743 Pam
952 1685 1152 1743 elius
1185 1685 1341 1743 idem
1363 1704 1678 1760 argumen-
1736 1704 1860 1743 sem
1892 1684 2047 1742 datis
2082 1687 2330 1743 mortem
2363 1684 2492 1759 ejus
2515 1703 2708 1743 amare
2731 1684 3016 1760 deplorat.

400 1775 531 1831 tum
564 1772 662 1853 (de
694 1773 873 1832 rebus
904 1768 1227 1854 liturgicis)
1262 1776 1676 1843 tractaverant,
1742 1774 1993 1832 Gravius
2023 1775 2066 1831 t.
2105 1783 2158 1836 7.
2191 1792 2434 1847 operum
2466 1791 2508 1830 S.
2542 1774 2869 1849 Augustini
2893 1773 3016 1832 edi-

397 1862 511 1919 etsi
560 1862 753 1920 multa
804 1862 1107 1939 collegere,
1160 1881 1311 1938 quae
1365 1862 1678 1920 maximam
1737 1863 1921 1921 tionis
1954 1861 2327 1931 lovaniensia,
2361 1862 2739 1937 Antwerpiae
2772 1872 2936 1926 1577
2963 1881 3015 1921 v.

393 1950 1169 2027 antiquitatibusliturgicis
1191 1952 1382 2010 lucem
1402 1951 1676 2020 afferunt,
1745 1963 1819 2014 10
1855 1951 1918 2008 in
1950 1950 1988 2008 f.
2023 1950 2383 2027 recognovit,
2432 1950 2769 2026 ediditque:
2817 1953 3017 2011 Anno-

398 2040 574 2115 longe
605 2042 807 2098 tamen
839 2039 1162 2099 abfuerunt
1192 2060 1225 2099 a
1257 2044 1418 2098 certa
1437 2040 1536 2097 illa
1555 2040 1680 2097 veri
1734 2042 1977 2097 tationes
2008 2041 2068 2096 in
2101 2046 2137 2097 t.
2174 2043 2231 2100 7.
2262 2041 2582 2115 Auyustini
2612 2041 2733 2113 bip.
2755 2059 2860 2115 ep.,
2884 2041 3015 2115 qui·

397 2127 751 2204 cognitione,
786 2130 914 2188 sine
945 2148 1063 2204 qua
1092 2130 1314 2187 frustra
1343 2130 1406 2187 in
1437 2129 1559 2186 illis
1580 2147 1677 2186 ex·
1735 2129 1849 2187 bus
1865 2128 2325 2204 castigationum
2338 2128 2492 2186 ratio
2512 2129 2882 2203 varietasque
2901 2129 3018 2188 lec-

398 2216 694 2292 plicandis
725 2218 1049 2276 laboratur.
1083 2218 1332 2278 Maxime
1372 2235 1509 2277 vero
1541 2217 1680 2292 quia
1736 2217 1968 2275 tionum
2013 2215 2329 2287 indicatur,
2376 2234 2470 2274 res
2514 2220 2845 2275 memoratu
2887 2217 3016 2293 dig-

399 2306 668 2381 plerique
699 2324 941 2382 graecae
971 2307 1265 2366 Ecclesiae
1301 2306 1680 2380 disciplinam
1736 2324 1845 2364 nae
1878 2305 2284 2373 observantur,
2333 2303 2674 2363 obscuriora
2720 2304 3015 2365 difficilio-

400 2413 504 2469 pro
537 2396 777 2470 cognita
807 2395 1162 2467 habuerunt,
1184 2415 1318 2455 cum
1339 2396 1484 2471 ipsis
1505 2396 1680 2470 plane
1736 2412 1922 2469 raque
1937 2394 2063 2452 loca
2081 2394 2452 2469 explicantur
2472 2396 2533 2450 et
2547 2394 2934 2451 illustrantur
2945 2390 3015 2475 ⁸),

397 2482 701 2560 incognita
727 2484 896 2555 foret,
931 2482 1233 2559 Syrorum,
1252 2484 1681 2560 Aegyptiorum
1738 2482 2114 2558 Antwerpiae
2143 2489 2326 2544 1577.
2359 2516 2446 2524 —
2478 2481 2770 2541 Suffridus
2801 2482 3018 2541 Petri

399 2571 768 2648 aliorumque
801 2573 1182 2633 orientalium
1229 2573 1421 2632 multo
1465 2574 1679 2634 minus.
1741 2569 1946 2653 (vulgo
1980 2571 2158 2648 Sjurd
2190 2572 2477 2642 Peeter,
2513 2569 2716 2646 Sjoerd
2737 2566 3017 2654 Pietersz)

401 2660 696 2720 Pamelius
728 2663 882 2721 enim
918 2681 1124 2739 graece
1155 2682 1368 2738 parum
1401 2662 1624 2721 sciebat
1637 2661 1679 2739 1)
1737 2661 2206 2732 Leovardiensis,
2219 2661 2496 2720 ordinum
2512 2660 3020 2719 Frisiaehistorio-

395 2754 550 2812 etc.“
583 2750 728 2825 Ejus
759 2769 995 2826 quoque
1032 2755 1203 2810 sunt:
1253 2751 1680 2809 Commentario
1738 2751 2001 2827 graphus
2049 2747 2130 2831 (n.
2173 2759 2371 2820 15273
2419 2747 2454 2816 †
2499 2758 2598 2811 23.
2631 2749 2766 2813 Jan.
2807 2746 3019 2831 1597),

401 2842 463 2898 in
494 2841 530 2896 l.
562 2839 790 2909 Judith,
825 2858 977 2914 quae
998 2841 1293 2899 habentur
1311 2841 1373 2897 in
1392 2843 1434 2897 t.
1461 2848 1516 2902 3.
1541 2839 1681 2897 edit.
1740 2840 1954 2909 tribua,
1971 2843 2044 2897 ut
2058 2840 2283 2915 legitur
2301 2839 2365 2896 in
2384 2839 2515 2912 ejus
2535 2838 2854 2914 epitaphio,
2874 2857 3019 2914 pon-

402 2947 647 3004 operum
683 2928 945 2986 Rhabani
978 2930 1087 2987 Ma
1106 2930 1226 2987 uri
1278 2925 1480 3009 (quam
1510 2947 1682 3004 para-

402 3016 829 3087 verat,demum
841 3017 1475 3092 absolyitColvenerius
1485 3027 1510 3077 1
1528 3027 1561 3079 6
1572 3025 1604 3077 2
1618 3026 1651 3076 6
1664 3049 1685 3059 -

410 3117 435 3167 1
450 3101 605 3187 627)
641 3105 870 3164 curavit
901 3106 1173 3165 Coloniae
1199 3117 1274 3169 16
1288 3116 1364 3169 26
1389 3105 1686 3164 Antonius

404 3195 672 3264 Henin‚
707 3195 770 3253 in
801 3212 919 3268 qua
967 3197 1160 3253 exstat
1209 3196 1388 3253 etiam
1420 3193 1686 3270 ejusdem

404 3283 922 3342 commentariolus
966 3285 1028 3341 in
1059 3301 1143 3356 ep.
1177 3285 1255 3342 ad
1285 3283 1686 3342 Philemonem.

405 3373 475 3431 In
484 3372 606 3430 illis
618 3375 908 3430 comment
916 3371 1055 3430 ariis
1068 3377 1203 3447 post
1214 3372 1499 3447 prolixam
1519 3391 1685 3446 prae-

405 3461 689 3520 fationem
721 3460 862 3518 libri
883 3460 1147 3520 vindicat
1173 3462 1604 3528 auctoritatem,
1627 3461 1688 3517 et

402 3550 645 3608 nonnisi
676 3549 1010 3607 difficiliora
1020 3550 1261 3625 exponit
1276 3550 1415 3607 loca.
1437 3548 1684 3607 Concili-

407 3657 576 3697 orum
585 3639 1055 3714 paralipomena,
1082 3639 1348 3697 Coloniae
1367 3649 1390 3701 l
1409 3648 1485 3699 62
1498 3647 1551 3698 6.
1574 3638 1686 3694 Re-

397 3728 544 3785 ›latio
575 3727 648 3785 ad
669 3725 859 3802 Belgii
887 3727 1122 3785 ordines
1142 3727 1214 3785 de
1233 3746 1351 3786 non
1371 3725 1687 3785 admitten-

408 3815 499 3873 dis
545 3833 665 3874 una
711 3815 775 3873 in
806 3816 1111 3889 republica
1150 3817 1517 3875 diversarum
1547 3815 1687 3872 reli-

409 3905 654 3980 gionum
684 3904 998 3973 exercitiis,
1033 3905 1390 3978 Antverpiae
1432 3914 1613 3968 1589.

506 4089 647 4146 128.
687 4080 978 4154 Opust-ula
1009 4081 1297 4155 quaedam
1318 4100 1393 4140 ss.
1421 4082 1690 4158 Greqorii

415 4169 678 4245 Nysseni,
715 4169 953 4227 Paulini
986 4170 1201 4228 Nolani
1245 4175 1305 4229 et
1349 4171 1691 4246 Hieronymi

414 4257 599 4316 edidit
628 4259 890 4318 Joannes
922 4258 1378 4318 Antonianas
1400 4259 1463 4316 Ο.
1483 4258 1688 4320 Praed.

414 4346 859 4423 Neomagiensis
894 4343 957 4429 (†
994 4343 1208 4429 1588),
1242 4347 1463 4406 divinis
1483 4348 1690 4405 huma-

412 4434 803 4510 nioribusque
835 4435 1025 4494 literis
1045 4437 1313 4513 egregrie
1333 4436 1689 4508 instructuS‚

1740 2928 2002 2986 tificibus
2032 2928 2301 2986 maximis
2325 2930 2385 2985 et
2404 2928 2736 3003 praecipuis
2758 2929 2851 2986 sui
2871 2929 3021 2985 tem-

1742 3017 1907 3092 poris
1940 3016 2334 3075 cardinalibus
2366 3034 2555 3074 carus,
2589 3016 2696 3075 Vir
2728 3020 2856 3075 erat
2892 3020 3021 3074 stu-

1744 3105 1829 3162 dii
1861 3104 2160 3175 indefessi,
2206 3108 2359 3163 teste
2406 3105 2763 3175 Hartzheim,
2797 3105 3023 3164 tenacis

1745 3194 2060 3253 memoriae
2093 3197 2271 3269 atque
2304 3193 2581 3251 historiae
2603 3214 2722 3268 qua
2740 3194 3023 3269 legendae

1746 3302 1866 3358 qua
1896 3282 2239 3342 scribendae
2272 3283 2358 3340 ita
2389 3282 2679 3350 addictae,
2713 3285 2786 3340 ut
2814 3301 2889 3341 ne
2921 3284 3024 3341 ho·

1744 3391 1870 3430 ram
1905 3370 2140 3445 quidem
2177 3372 2400 3429 sineret
2432 3371 2617 3427 ullam
2660 3370 2797 3438 labi,
2846 3390 3024 3445 quam

1745 3479 1866 3520 non
1896 3460 2090 3519 literis
2124 3459 2454 3533 impensam
2488 3458 2730 3517 doleret.
2765 3458 3026 3516 Plurima

1744 3549 1992 3622 reliquit
2024 3544 2284 3626 opera4),
2328 3547 2487 3605 inter
2536 3564 2688 3621 quae
2738 3547 3027 3605 nonnulla

1745 3655 1915 3695 versa
1945 3655 2011 3695 ex
2044 3654 2252 3711 graeco
2286 3636 2348 3694 in
2380 3635 2635 3693 latinum
2667 3639 2838 3694 aucta
2869 3654 3027 3694 com-

1825 3810 1864 3878 ¹)
1892 3807 1978 3858 lta
2004 3804 2223 3859 Echard
2251 3806 2319 3870 11,
2346 3808 2467 3865 283.

1822 3884 1860 3944 ²)
1890 3877 2017 3930 Non
2044 3877 2475 3930 confundendus
2495 3893 2623 3929 cum
2640 3876 2879 3929 Henrico
2898 3876 3029 3930 Ver·

1747 3947 1976 4003 molano
2005 3948 2283 4001 Gravio
2325 3948 2387 4001 O.
2418 3946 2631 4011 Praed„
2672 3947 2740 4002 de
2778 3963 2890 4015 quo
2918 3947 3029 4017 egi-

1747 4037 1873 4072 mus
1888 4021 1956 4085 11,
1974 4023 2113 4075 1473
2131 4039 2143 4091 ;
2161 4022 2359 4072 etcum
2376 4018 2408 4071 J
2425 4036 2457 4073 o
2473 4034 2508 4070 a
2523 4035 2559 4070 n
2576 4036 2614 4070 n
2630 4035 2658 4072 e
2686 4019 2892 4072 Gravio
2911 4018 2962 4072 S.
2979 4018 3032 4074 J.

1746 4089 2079 4156 lovaniensi,
2109 4091 2209 4158 qui
2235 4090 2309 4144 ad
2333 4089 2571 4143 eandem
2598 4104 2834 4159 operum
2857 4107 2899 4143 s.
2920 4093 3031 4144 Au·

1746 4162 1967 4232 gustini
2019 4161 2330 4217 editionem
2382 4160 2754 4230 epistolarum
2817 4160 3033 4215 addita-

1745 4236 2004 4287 mentum
2031 4249 2097 4285 ex
2124 4233 2261 4286 urbe
2287 4231 2617 4286 transmisit.
2668 4231 2889 4285 Floruit
2913 4248 3031 4285 exe·

1749 4306 1888 4358 unte
1916 4320 2019 4356 sec.
2047 4304 2191 4363 XVI,

1823 4378 1865 4447 θ)
1893 4375 1973 4428 Cf.
2000 4375 2446 4429 Schoenema
2467 4391 2559 4426 nn
2600 4372 2819 4427 Not-itia
2864 4372 3035 4426 histo-

1747 4446 2036 4502 rico-liter.
2065 4445 2125 4499 in
2152 4463 2195 4498 s.
2223 4446 2465 4515 August.
2491 4461 2537 4502 c.
2563 4448 2613 4500 3.
2640 4460 2689 4498 a.
2720 4449 2769 4500 1.

1824 4521 1867 4589 ⁴)
1895 4517 1976 4571 Cf.
2006 4515 2334 4571 Hartzheim
2375 4533 2427 4585 p.
2468 4519 2575 4572 300
2601 4532 2680 4586 s.;
2728 4514 2913 4568 Fellor
2942 4515 3033 4576 VI,

1749 4592 1888 4660 4943
1932 4588 2031 4656 qui
2059 4587 2337 4651 iudicium
2358 4586 2615 4639 criticum
2644 4586 2705 4640 in
2733 4603 2796 4640 eo
2823 4585 3036 4640 deside·

492 4664 529 4732 ¹)
558 4661 644 4714 Cf.
669 4660 974 4714 Thalhofer
989 4660 1207 4715 Handb.
1224 4660 1324 4715 der
1337 4661 1496 4714 kath.
1511 4660 1695 4713 Litur·
1750 4663 1858 4724 rat,
1882 4660 1966 4713 ita
1993 4662 2049 4712 et
2062 4659 2121 4712 P.
2137 4658 2196 4712 L.
2213 4657 2418 4710 Muller
2433 4656 2567 4726 allg.
2591 4657 2641 4710 d.
2658 4659 2845 4727 Biogr.
2862 4656 3035 4719 XXV,

411 4731 514 4799 gik
529 4740 557 4798 fi
575 4737 624 4787 7.
651 4749 706 4801 p.
723 4734 808 4789 85.
838 4731 917 4785 Cf.
933 4731 1001 4785 de
1018 4734 1241 4786 auctore
1259 4733 1323 4785 A.
1343 4732 1402 4785 C.
1422 4731 1490 4785 de
1508 4731 1695 4785 Schre·
1751 4735 1858 4788 539
1885 4731 2212 4800 praesertim
2239 4729 2383 4782 circa
2399 4744 2587 4797 opera,
2615 4745 2761 4796 quae
2778 4729 3038 4797 spectant

413 4802 506 4854 vel
535 4802 717 4872 Biogr.
745 4806 857 4857 nat.
886 4802 954 4856 de
980 4802 1134 4871 Belg.
1162 4803 1310 4874 XVI,
1336 4805 1634 4859 528—542.

1755 4801 1969 4855 Frisiae
1995 4800 2308 4863 historiam,
2334 4816 2463 4853 cum
2490 4800 2607 4853 sint
2621 4799 2828 4852 fabulis
2848 4796 3035 4867 plena.

2610 4889 2699 4944 10·
