3625 5193
422 260 554 312 425

422 427 652 485 Lebens
696 426 800 485 der
843 430 1180 501 genennten
1225 427 1707 504 Evangelischen,

424 516 819 575 Reformirten
837 514 963 573 und
982 515 1214 574 Briider
1231 515 1294 574 in
1315 516 1555 587 christu,
1578 536 1710 592 ger-

424 606 657 662 manice
689 603 987 662 redditum
1019 605 1091 662 ab
1142 604 1195 662 J.
1245 606 1514 663 Miinch
1560 606 1624 667 Ο.
1659 606 1710 664 S.

420 694 585 759 Ben.,
623 693 960 751 Monasterii
1003 703 1188 763 1617,
1221 712 1441 755 rarum.
1475 695 1710 769 Belgice

420 782 643 840 edidit:
678 783 1095 840 Annotationes
1118 784 1180 839 in
1199 782 1274 843 N.
1302 783 1360 839 T.
1378 791 1427 840 et
1460 786 1521 841 in
1537 802 1711 858 prae·

1195 243 1391 310 Baecx‚
1418 242 1660 313 Lipsius,
1689 242 1959 313 Magirus,
1987 242 2292 310 Thyraeus.

2923 260 3046 312 426

1771 448 1887 504 que
1920 428 2231 487 historiam
2256 428 2454 493 utiles,
2478 429 2836 501 Antverpiae
2870 437 3050 500 15933

1771 518 2241 575 Manuductionis
2258 516 2330 573 ad
2352 515 2597 574 stoicam
2617 515 3048 592 philosophiam

1771 608 1831 664 ll.
1880 606 1984 675 111,
2034 606 2110 664 ib.
2167 614 2330 668 1604
2379 608 2486 662 etc.
2535 604 2605 661 In
2654 605 2861 679 primis
2913 624 3051 664 vero

1770 695 2099 753 laudantur
2128 695 2257 768 ejus
2289 694 2572 767 epistolae,
2614 711 2866 767 quarum
2916 694 3047 751 Chi-

1770 785 1883 842 lias
1930 783 2156 858 prodiit
2197 793 2378 844 1609.
2425 782 2593 840 Aliae
2639 787 2873 840 secutae
2908 785 3051 841 sunt

420 874 605 944 cipua
636 872 780 942 loca,
814 889 958 946 quae
990 873 1123 945 rapi
1151 879 1378 945 possent
1408 873 1469 930 in
1488 880 1711 930 contro·
1778 882 1963 941 16213
2003 871 2428 930 Amstelodami
2466 879 2629 932 1726
2665 877 2773 928 etc.

422 963 691 1027 versiam,
724 960 1098 1034 Antwerpiae
1129 969 1291 1021 1614
1321 960 1387 1018 in
1418 960 1454 1020 f.
1489 992 1573 1002 —-
1606 962 1710 1019 Co-

426 1054 658 1107 sterum
708 1049 837 1122 pari
882 1049 1005 1107 fato
1044 1048 1248 1107 eodem
1279 1070 1328 1106 a.
1361 1045 1589 1130 (1619)
1622 1068 1712 1107 se-

1870 1057 2008 1111 182.
2041 1050 2110 1107 In
2150 1049 2470 1106 Germania
2515 1048 2737 1122 plures,
2783 1066 3049 1124 praeser-

427 1144 605 1195 cutus
654 1142 745 1195 est
790 1137 1057 1196 Joachim
1105 1138 1439 1196 Backius
1475 1134 1713 1219 (Baecx)
1770 1139 1880 1195 tim
1927 1158 1959 1196 e
2003 1138 2281 1196 societate
2325 1136 2549 1216 Jssu1),
2597 1136 2769 1195 fidem
2802 1138 3049 1196 catholi-

426 1225 891 1300 UltrajectensiS,
935 1226 1316 1284 concionator
1359 1226 1710 1301 intrepidus,
1771 1246 1893 1286 cam
1968 1229 2427 1303 propugnarunt
2498 1227 3050 1301 impugnaruntque

418 1316 535 1389 qui
555 1315 879 1389 prudentia
897 1318 957 1374 et
977 1314 1309 1373 eruditione
1325 1316 1517 1373 clarus
1540 1316 1715 1391 plura
1772 1315 2230 1391 protestantium
2263 1315 2491 1391 placita.
2524 1313 2617 1371 Ita
2635 1317 3048 1389 praetermisso

420 1423 619 1479 eaque
652 1404 826 1462 docta
858 1403 1145 1479 opuscula
1175 1409 1382 1462 contra
1402 1410 1712 1462 novatores

426 1493 634 1559 edidit,
648 1511 717 1550 ex
735 1492 954 1566 quibus
976 1492 1287 1568 praecipue
1307 1493 1710 1551 celebrantur:

424 1582 613 1656 Scopa
645 1584 1020 1640 conscientiae
1051 1577 1289 1659 (gallice
1321 1578 1710 1661 conscripta);

416 1673 710 1745 interpres
739 1689 843 1728 seu
877 1669 1198 1728 advocatus
1231 1670 1494 1728 omnium
1527 1671 1711 1728 siuce-

426 1778 629 1817 rorum
652 1759 1103 1818 catholicorum:
1128 1759 1383 1817 bannum
1401 1761 1709 1818 haeretico·

426 1867 594 1919 rum,·
625 1848 1031 1906 catholicorum
1054 1866 1375 1920 pravorum
1420 1848 1499 1906 Τὸ
1531 1867 1712 1924 quare

428 1941 538 1994 etc.
557 1934 622 2016 ²).
643 1970 730 1980 —-
753 1936 960 1995 Obiter
980 1936 1190 1995 saltem
1211 1937 1570 1995 mentionem
1588 1956 1711 1995 me-

426 2029 522 2084 ret
553 2026 769 2083 Justus
802 2026 847 2083 L
864 2026 881 2082 i
897 2046 936 2101 p
955 2026 1014 2083 si
1039 2044 1081 2083 u
1098 2044 1125 2083 s
1148 2021 1356 2103 (Lips),
1376 2027 1545 2099 cujus
1561 2026 1711 2084 cele·

1771 1405 1809 1462 J
1811 1422 1999 1463 oanne
2020 1406 2080 1462 M
2095 1424 2128 1461 a
2143 1404 2263 1479 gir
2278 1422 2312 1462 o
2334 1404 2745 1462 Confluentino
2769 1400 2829 1485 (†
2854 1400 3046 1484 1609)

1772 1494 1983 1551 Petrus
2017 1493 2060 1550 Τ
2077 1493 2115 1550 h
2130 1513 2168 1568 y
2187 1512 2215 1549 r
2231 1514 2265 1551 a
2280 1512 2311 1549 e
2328 1512 2369 1550 u
2385 1492 2470 1569 82)
2502 1493 2693 1567 patria
2723 1492 3048 1551 Novesien-

1770 1584 1853 1640 sis
1899 1601 1957 1642 n.
2002 1592 2162 1644 1546
2213 1582 2277 1639 in
2323 1581 2567 1640 dioecesi
2612 1581 2952 1647 coloniensi,
2988 1583 3049 1639 in

1768 1670 2081 1729 academiis
2096 1670 2429 1739 trevirensi,
2451 1671 2807 1744 moguntina
2826 1675 2887 1727 et
2919 1671 3049 1729 her-

1771 1760 2062 1835 bipolensi
2116 1779 2221 1833 per
2271 1767 2346 1819 27
2398 1777 2584 1818 annos
2634 1761 2928 1833 professor
2989 1764 3051 1817 et

1769 1849 2153 1908 concionator
2198 1846 2259 1926 (†
2295 1855 2350 1909 3.
2384 1849 2516 1905 Dec.
2559 1858 2716 1910 1601
2759 1848 2967 1905 aetatis
3000 1867 3048 1906 a.

1775 1933 1901 2017 55),
1976 1938 2223 2013 reliquit
2287 1936 2570 2011 plurimos
2627 1931 2766 2017 (22)
2819 1936 3050 1995 libellos

1768 2027 1833 2084 in
1864 2027 2051 2085 forma
2073 2026 2330 2084 thesium
2353 2043 2458 2084 seu
2488 2025 2964 2103 disputationum
2978 2022 3048 2106 ³),

428 2113 615 2172 britas
665 2120 756 2171 est
800 2132 919 2172 non
964 2119 1087 2172 tam
1132 2134 1164 2171 a
1204 2115 1442 2189 scriptis
1484 2114 1712 2173 theolo-
1772 2116 1931 2173 inter
1979 2133 2124 2189 quas
2167 2115 2346 2171 etiam
2378 2114 2447 2171 de
2489 2121 2759 2187 potestate
2789 2115 3048 2172 ecclesia-

428 2202 637 2278 logicis
672 2221 854 2276 quam
888 2222 923 2261 a
954 2202 1141 2261 literis
1176 2203 1455 2271 classicis,
1479 2203 1544 2261 in
1575 2204 1710 2279 qui·
1768 2207 1915 2262 stica
1946 2223 2043 2278 pp.
2079 2211 2135 2267 3,
2173 2203 2515 2277 Moguntiae
2556 2211 2720 2265 1586
2756 2202 2820 2260 in
2870 2212 2937 2269 4;
2982 2203 3053 2260 de

429 2293 543 2349 bus
575 2291 868 2349 excelluit.
920 2291 958 2349 J
962 2293 1170 2350 uvenis
1217 2312 1252 2349 a
1284 2296 1443 2350 recta
1474 2292 1714 2350 deflexit
1757 2294 1901 2367 jure
1932 2293 2243 2351 vocationis
2277 2298 2327 2347 et
2359 2292 2670 2364 missionis,
2690 2290 2850 2365 quod
2869 2308 3049 2365 penes

426 2381 541 2449 via,
589 2399 655 2438 ac
706 2380 809 2437 diu
853 2380 1012 2438 inter
1059 2380 1428 2439 Lutheranos
1482 2384 1543 2439 et
1587 2381 1714 2439 Cal-

426 2470 701 2527 vinianos
735 2467 954 2545 degens
991 2488 1148 2527 unus
1179 2473 1415 2544 poterat
1437 2469 1625 2527 videri
1646 2488 1712 2527 ex

428 2558 570 2619 illis,
618 2557 899 2616 Adultior
940 2558 1129 2618 factus
1165 2558 1239 2617 acl
1271 2558 1575 2617 meliorem
1621 2577 1713 2616 re-

422 2648 541 2705 diit
585 2647 815 2723 frugem
850 2651 913 2706 et
941 2666 1047 2723 pro
1079 2647 1240 2705 avita
1270 2647 1441 2706 stetit
1476 2647 1606 2716 fide,
1648 2651 1717 2706 ut

428 2736 643 2793 merito
664 2735 736 2793 de
757 2737 887 2810 ejus
909 2737 1081 2795 liceat
1114 2737 1495 2795 conversione
1528 2737 1712 2811 loqui,

426 2826 602 2899 cujus
633 2824 783 2882 seria
813 2825 1069 2901 vestigia
1101 2828 1441 2900 comparent
1471 2825 1534 2882 in
1568 2825 1714 2883 cele-

432 2913 527 2971 bri
561 2931 735 2988 opere
770 2914 1141 2972 Politia-orum
1174 2915 1297 2972 sive
1343 2915 1533 2972 civilis
1580 2914 1714 2971 doc-

426 3002 618 3059 trinae
631 3003 692 3060 ll.
709 3001 803 3070 VI,
826 3003 931 3077 qui
950 3003 1024 3061 ad
1045 3004 1444 3078 principatum
1465 3003 1714 3060 maxime

430 3097 716 3165 spectant,
741 3092 1095 3167 Antverpiae
1119 3104 1142 3153 1
1161 3100 1281 3156 589
1302 3113 1315 3161 ;
1342 3102 1414 3154 15
1428 3101 1524 3154 90.
1549 3092 1712 3149 Acri·

430 3182 524 3237 ter
575 3179 693 3236 fuit
743 3179 849 3237 hoc
897 3198 1044 3255 opus
1076 3180 1494 3256 impugnatum
1528 3200 1575 3236 a.
1609 3180 1711 3240 Th.

430 3267 785 3335 Koornhert,
820 3268 914 3326 cui
947 3271 1228 3344 opposuit
1258 3269 1557 3327 Adversus
1589 3268 1711 3326 dia-

426 3357 707 3433 logistam
753 3358 788 3415 l.
831 3358 900 3414 de
932 3377 1049 3415 una
1080 3355 1367 3434 reliyione‚
1416 3359 1477 3415 in
1518 3376 1636 3432 quo
1673 3367 1707 3419 3

425 3464 506 3503 cc.
543 3446 578 3502 l.
616 3459 650 3506 4
688 3445 1072 3504 Politicorum
1117 3447 1504 3521 explicantur,
1552 3447 1707 3520 Lug-

428 3534 575 3592 duni
610 3535 674 3590 B.
721 3543 899 3597 1590.
936 3535 1247 3594 Occasione
1269 3535 1446 3610 hujus
1468 3553 1709 3610 respon-

426 3624 609 3681 sionis
645 3623 834 3698 magis
870 3623 1326 3681 confirmabatur
1356 3625 1419 3681 in
1451 3642 1621 3682 verae
1642 3623 1708 3679 fi-

422 3712 521 3770 dei
543 3711 863 3786 agnitione.
899 3712 1210 3787 Epitomen
1230 3713 1360 3787 ejus
1379 3713 1710 3789 germanice

426 3799 718 3859 redditam
766 3801 941 3858 habes
982 3800 1143 3875 apud
1192 3802 1368 3859 Raess
1424 3802 1518 3860 die
1564 3801 1711 3859 Con-

425 3889 685 3947 vertiten
745 3888 849 3959 111,
921 3899 1282 3952 les—194.
1348 3890 1713 3950 Renunciata

425 3982 740 4054 propterea
762 3978 1040 4036 cathedra
1056 3979 1119 4036 in
1138 3978 1531 4038 universitate
1551 3979 1711 4054 Lug-

426 4066 575 4125 duni
624 4068 688 4124 B.
741 4067 932 4125 factus
983 4071 1073 4125 est
1123 4067 1422 4143 professor
1471 4070 1712 4143 linguae

427 4156 651 4213 latinae
701 4161 763 4212 et
808 4156 1083 4214 historiae
1126 4155 1370 4213 Lovanii
1436 4165 1602 4220 1592
1653 4152 1714 4235 (†

432 4254 531 4306 24.
566 4248 673 4320 Ap.
721 4241 929 4324 1606).
971 4242 1277 4321 Scripsit2)
1319 4245 1386 4301 de
1419 4247 1466 4304 b.
1500 4245 1581 4302 M.
1630 4246 1709 4320 V„

425 4336 489 4390 et
519 4334 587 4390 de
619 4352 783 4391 cruce
816 4334 876 4391 ll.
911 4332 997 4390 111
1030 4333 1103 4390 ad
1135 4351 1357 4391 sacram
1381 4335 1713 4410 profanam-

504 4577 540 4645 ¹)
570 4575 655 4628 Cf.
682 4573 906 4628 Contin.
938 4573 1053 4628 HE.
1080 4573 1293 4628 Fleurii
1323 4573 1359 4626 l.
1390 4580 1492 4632 192
1520 4583 1547 4640 5
1571 4579 1658 4631 42.

1771 2381 1935 2440 verbi
1982 2380 2286 2438 ministros
2332 2378 2395 2436 in
2440 2379 2917 2455 evangelicorum
2960 2397 3053 2437 ec-

1771 2470 1962 2528 clesiis
2007 2487 2135 2527 esse
2181 2464 2418 2535 dicitur,
2467 2468 2810 2543 Moguntiae
2866 2477 3050 2537 1587,

1772 2559 1932 2634 quod
1964 2557 2241 2634 pluribus
2290 2555 2838 2634 impugnationibus
2870 2560 2930 2615 et
2962 2576 3053 2616 re-

1773 2648 2189 2724 sponsionibus
2209 2646 2565 2705 occasionem
2586 2643 2954 2726 praebuit⁴);
2986 2648 3054 2704 de

1773 2740 1955 2795 variis
1987 2746 2105 2794 tam
2136 2732 2453 2811 spirituum
2484 2754 2656 2811 quam
2679 2738 2933 2793 vivorum
2955 2736 3053 2793 ho-

1772 2829 1994 2884 minum
2076 2826 2427 2901 prodiyioeis
2484 2824 2949 2898 apparitionibus
3005 2831 3055 2881 et

1772 2916 2068 2973 nocturnis
2097 2908 2561 2986 infestationibus
2593 2914 2654 2970 ll.
2692 2923 2747 2982 3,
2783 2913 3054 2971 Coloniae

1771 3003 2138 3080 Agrippinae
2197 3011 2394 3070 15933
2458 3004 2526 3059 de
2575 3003 2968 3060 demoniacis
3015 3003 3051 3059 l.

1770 3110 1945 3161 unae,
1993 3092 2057 3149 in
2105 3110 2224 3166 quo
2271 3090 2620 3149 daemonum
2654 3090 3052 3148 obsidentium

1771 3181 2048 3249 conditi0‚
2080 3181 2456 3238 obsessorum
2486 3179 2792 3237 hominum
2828 3183 3052 3237 status:

1769 3271 2028 3328 rationes
2077 3273 2138 3326 et
2181 3267 2362 3335 modi,
2411 3268 2630 3341 quibus
2677 3268 2750 3324 ab
2799 3267 3054 3324 obsessis

1768 3359 2083 3416 daemones
2130 3358 2486 3432 exiguntur:
2535 3373 2743 3413 causae
2777 3361 2903 3412 tum
2941 3354 3053 3412 dis-

1767 3447 1943 3505 ficilis
1991 3447 2185 3505 exitus
2237 3446 2521 3519 ipsorum,
2569 3447 2697 3501 tum
2732 3444 3052 3518 signorum,

1767 3554 1920 3609 quae
1953 3533 2174 3593 exituri
2209 3533 2594 3607 relinquunt:
2629 3531 2757 3589 loca
2776 3530 3051 3604 denique,

1767 3643 1888 3698 quo
1925 3623 2148 3699 egressi
2179 3620 2440 3680 tendunt
2471 3624 2533 3678 et
2565 3620 2660 3677 his
2695 3619 2914 3677 similia
2934 3619 3054 3677 dis·

1856 3867 1890 3935 ¹)
1924 3860 2145 3925 „Facile
2173 3860 2523 3925 crediderim,
2561 3859 2757 3928 inquit
2794 3857 3058 3912 Buddeus

1771 3937 2008 4004 Isagoge
2037 3933 2103 3990 11.
2133 3938 2163 3989 7
2193 3942 2218 4001 ἓ
2243 3939 2292 3997 9,
2337 3948 2512 3984 unam
2536 3930 2703 3984 istam
2729 3930 3056 3983 societatem

1770 4007 1799 4060 J
1808 4022 1906 4059 esu
1935 4006 2129 4074 plures
2157 4002 2461 4075 protulisse
2501 4002 2797 4070 scriptores
2824 4000 3058 4069 polemi-

1770 4095 1881 4141 cos,
1936 4093 2112 4144 quam
2175 4074 2425 4142 reliquos
2487 4073 2714 4127 ordines
2762 4072 3057 4141 religiosos

1772 4160 2057 4290 ΟἮξεΙΞίἶιε
2083 4218 2256 4270 frater
2284 4216 2587 4270 Herman
2605 4233 2642 4267 n
2669 4214 2722 4271 S.
2749 4213 2800 4269 J.
2827 4218 2875 4285 (†
2896 4216 3057 4285 1591)

1771 4289 1957 4344 edidit
1995 4289 2029 4342 l.
2073 4292 2135 4342 de
2171 4292 2439 4357 reliyionis
2482 4290 2720 4341 libertate
2759 4288 2817 4338 et
2854 4288 3056 4352 confes-

1767 4365 1963 4441 sionern
2009 4370 2368 4429 auquetanam
2411 4376 2536 4411 cum
2583 4357 2750 4420 notis,
2791 4355 3055 4424 Dilingae

1771 4437 1996 4584 1557&ss
2014 4436 2432 4584 gommervogel
2449 4501 2496 4553 V
2505 4500 2567 4565 ΙΙ,
2582 4502 2787 4555 11-17
2805 4518 2816 4554 ι
2832 4495 3053 4576 Ruland

1769 4590 1940 4630 senes
1966 4576 2024 4627 et
2061 4574 2209 4626 vitae
2248 4572 2626 4641 professorum
2652 4587 2693 4622 s.
2722 4569 2913 4629 theol„
2954 4584 3054 4635 qui

500 4648 539 4716 ²)
567 4645 651 4701 Of.
679 4644 905 4698 Strcber
928 4644 1039 4698 KL.
1071 4645 1186 4709 vll,
1214 4648 1534 4717 2085-89;
1587 4646 1714 4699 Bib·
1778 4644 2129 4714 Wirceburgi
2167 4659 2201 4696 a
2242 4642 2485 4696 fundata
2523 4639 2816 4694 academia.
2856 4639 3057 4692 docue-

430 4716 742 4785 liographie
770 4715 1070 4784 Lipsienne
1098 4717 1260 4770 Gand
1288 4719 1576 4773 1886-88
1602 4722 1644 4769 t.
1663 4720 1714 4786 3;
1771 4719 1925 4780 runt,
1954 4714 2313 4783 Wirceburgi
2338 4716 2476 4769 1835
2504 4730 2558 4781 p.
2585 4715 2811 4768 25—30.

429 4786 557 4840 hist.
588 4787 702 4857 pol.
728 4786 809 4841 Bl.
839 4786 1144 4841 CXXXVII
1171 4791 1375 4858 (1906),
1410 4791 1715 4848 599—607.

1846 4795 1887 4856 ⁴)
1917 4786 2000 4841 Cf.
2027 4785 2366 4851 Roskovany
2393 4785 2459 4848 ΙΙ,
2485 4787 2609 4840 404.
