3625 5193
529 216 606 268 27
839 202 1209 256 1564—1580.
1237 198 1545 270 Theologia
1571 201 1680 269 pol.
1709 202 1768 254 in
1797 204 1982 256 Germ.
2010 202 2159 256 Guil.
2189 207 2247 256 et
2272 202 2433 256 Mart.
2463 202 2810 269 Eisengrein,
3055 220 3133 273 23

524 406 581 444 n.
619 394 671 445 2.
708 386 870 447 Febr.
914 394 1076 447 1522
1112 386 1173 443 in
1205 386 1537 446 Cithardiae
1583 387 1798 464 oppido
1857 407 2113 465 quorum
2161 390 2264 448 ille
2315 408 2508 464 neque
2559 388 2892 457 canonicus),
2946 408 3136 463 neque

524 476 775 533 ducatus
785 476 1133 549 juliacensis
1149 477 1454 552 ingressus
1469 480 1561 535 est
1581 478 1798 551 Aquis·
1857 478 2125 537 sacerdos
2191 475 2250 559 (†
2314 474 2501 557 1570)
2567 479 2829 554 catalogo
2891 479 3137 535 testium

522 564 692 641 grani
725 564 989 622 ordinem
1043 583 1088 622 s.
1124 565 1430 633 Dominici‚
1478 565 1540 622 in
1588 567 1798 640 quoin
1857 568 2127 626 veritatis
2173 568 2425 626 Flacii
2457 566 2685 643 Illyrici
2730 567 3011 643 opposuit
3042 587 3136 624 ca·

521 653 738 711 litteris
771 653 913 713 adeo
934 653 1200 729 profecit,
1239 656 1310 712 ut
1329 674 1507 730 agens
1528 674 1576 712 a.
1599 655 1696 713 vix
1718 665 1793 717 20
1854 658 2108 733 taloyum
2159 658 2511 715 christia-nae
2555 658 2813 715 veritatis
2872 657 3137 715 omnium

514 744 639 819 jam
672 743 1048 802 concionibus
1080 743 1364 801 habendis
1396 743 1800 802 destinaretur
1855 745 2312 805 orthodoxorum
2347 745 2640 803 Ecclesiae
2674 746 2997 812 doctorum,
3033 745 3139 820 qui

522 849 586 889 ac
604 831 855 890 subinde
877 833 967 891 bis
987 833 1050 891 in
1071 833 1165 891 die
1179 832 1442 908 graviter
1461 838 1521 891 et
1532 833 1798 908 jucunde
1855 833 2192 893 adulterina
2210 835 2481 911 dogmata
2492 838 2551 892 et
2568 835 2874 893 haeresum
2908 834 3135 893 vanilo-

521 940 552 979 e
587 928 876 997 suggestu
906 921 1282 997 praedicaret.
1316 921 1679 998 Aquisgrani
1722 932 1793 985 16
1853 924 2158 998 quentiam
2182 926 2621 999 oppugnarunt,
2642 922 2933 999 Dillingae
2955 933 3135 990 1565,

521 1028 705 1068 annos
739 1010 1050 1070 continuos
1070 1012 1302 1087 ingenti
1324 1012 1627 1069 hominum
1661 1030 1797 1069 con·
1857 1012 1917 1071 in
1983 1031 2100 1088 quo
2163 1014 2312 1071 serie
2375 1013 2784 1090 chronologica
2863 1013 3138 1088 producit

522 1118 697 1156 cursu
730 1100 1000 1176 laetoque
1032 1101 1233 1158 fructu
1274 1105 1365 1158 est
1398 1101 1794 1159 concionatus.

520 1187 597 1245 Et
646 1207 848 1246 revera
897 1189 1238 1247 melioribus
1283 1190 1577 1247 accenseri
1623 1189 1799 1247 debet

518 1277 1031 1337 concionatoribus
1065 1297 1174 1336 sec.
1208 1278 1355 1347 XVI,
1390 1279 1495 1354 qui
1526 1278 1796 1353 quamvis

521 1370 695 1435 esset,
731 1367 1019 1441 quamdiu
1050 1368 1215 1435 vixit,
1252 1368 1520 1426 veritatis
1552 1368 1797 1426 catholi-

520 1474 619 1514 cae
665 1462 1075 1533 propugnator
1109 1457 1444 1526 acerrimus,
1481 1457 1677 1516 noluit
1708 1462 1797 1514 ta-

519 1564 654 1602 men
688 1546 776 1603 nti
811 1545 944 1606 stilo
977 1547 1039 1604 in
1073 1546 1438 1620 adversarios
1472 1547 1589 1605 acri
1606 1542 1666 1625 ¹).
1700 1545 1796 1603 In-

522 1634 721 1710 signes
755 1636 1056 1710 sunt-ejus
1076 1635 1384 1694 conciones
1418 1635 1478 1715 (2
1493 1634 1553 1716 7)
1586 1635 1651 1692 in
1682 1647 1729 1696 1.
1753 1653 1796 1692 s.

519 1723 689 1782 Joan.
721 1725 1049 1799 epistolam.
1084 1725 1390 1782 Neostadii
1433 1734 1615 1787 1571.
1649 1724 1799 1781 Hinc

520 1811 928 1872 Ferdinandus
978 1814 1116 1888 imp.
1171 1833 1305 1871 eum
1341 1814 1457 1871 sibi
1490 1814 1704 1890 selegit
1735 1812 1797 1871 in

1856 1105 2039 1160 testes
2071 1121 2178 1178 pro
2210 1102 2478 1162 doctrina
2510 1102 2816 1169 catholica,
2851 1121 2997 1177 opus
3032 1102 3134 1159 ad·

1854 1191 2096 1250 modum
2157 1211 2375 1257 rarum.
2441 1191 2542 1249 sed
2603 1192 2802 1249 minus
2846 1191 3133 1250 criticum.

1856 1280 2370 1347 centuriatoribus
2384 1280 2993 1358 magdeburgensibus
3011 1280 3134 1338 lau-

1856 1369 2039 1427 dabili
2072 1370 2274 1428 studio
2294 1387 2590 1445 opponere
2611 1371 2910 1446 cogitabat
2924 1365 2970 1449 ¹)
3005 1387 3134 1427 sex-

1856 1458 2045 1516 decim
2078 1461 2432 1517 centenarios
2465 1460 2836 1518 continentes
2870 1459 3133 1533 descrip-

1855 1548 2080 1606 tionem
2113 1568 2312 1606 rerum
2351 1548 2715 1607 mirabilium
2732 1549 2795 1607 in
2810 1547 3136 1608 orthodoxa

1855 1637 2145 1697 Ecclesia:
2196 1636 2444 1712 perfecit
2493 1656 2631 1696 vero
2680 1640 2918 1696 tantum
2963 1638 3131 1705 duas,

1857 1744 2010 1800 quae
2083 1726 2434 1802 prodierunt
2508 1727 2862 1803 Ingolstadii
2935 1736 3132 1796 15663

1855 1816 2144 1874 Monachii
2188 1824 2373 1884 1568,
2409 1833 2558 1890 opus
2589 1836 2805 1883 rarum,
2839 1817 3132 1874 chronolo-

519 1901 901 1961 ecclesiasten
964 1898 1190 1983 (1559)
1255 1906 1315 1961 et
1376 1903 1797 1961 confessarium
1850 1906 2120 1981 yicarum
2151 1923 2353 1962 rerum
2385 1904 2548 1963 urbis
2579 1905 2792 1982 Spirae
2818 1905 2882 1963 11.
2932 1920 2994 1964 ιε’,
3034 1901 3134 1986 (ab

522 1988 779 2072 (1560):
818 1992 1200 2066 quamobrem
1239 1991 1524 2050 Viennam
1561 2010 1621 2049 se
1661 2010 1797 2050 con·
1855 2012 1905 2050 a.
1947 1989 2294 2074 1-1563),
2331 1994 2602 2070 Dilingae
2631 2004 2816 2057 1564.
2851 2028 2934 2036 ——
2968 1994 3134 2051 Alter

519 2080 681 2141 tulit.
742 2080 934 2138 Etiam
987 2080 1424 2139 Maximilianus
1489 2082 1631 2156 imp.
1684 2080 1796 2138 etsi
1855 2082 2146 2141 Martinus
2180 2084 2303 2141 scil.
2336 2087 2513 2141 natus
2546 2084 2890 2159 parentibus
2913 2084 3131 2143 Luthe-

518 2169 581 2226 in
613 2169 959 2229 lutheranos
980 2189 1309 2247 propensus
1326 2188 1460 2228 eum
1476 2170 1538 2228 in
1554 2189 1797 2228 munere
1854 2173 2013 2230 ranis
2048 2172 2406 2248 Stutgardae
2442 2181 2540 2235 28.
2567 2174 2700 2230 Dec.
2741 2182 2903 2233 1535
2959 2170 3129 2227 fidem

519 2259 948 2318 concionatoris
1012 2260 1187 2317 aulici
1248 2260 1633 2329 confirmavit,
1697 2258 1798 2317 sed
1855 2263 2161 2335 amplexus
2195 2266 2287 2319 est
2307 2261 2657 2319 catholicam
2689 2269 2871 2326 1558,
2908 2258 3129 2317 ordini-

517 2347 686 2404 brevi
760 2354 898 2424 post
957 2349 1209 2408 decessit
1272 2357 1371 2411 31.
1436 2349 1560 2407 Oct.
1633 2357 1792 2410 1566
1854 2351 2084 2423 busque
2119 2350 2302 2406 sacris
2337 2348 2611 2405 initiatus
2656 2358 2837 2410 1560.
2875 2348 3128 2405 Viennae

517 2456 729 2512 magno
751 2439 1014 2496 omnium
1045 2456 1321 2507 moerore,
1356 2457 1490 2495 nam
1525 2437 1793 2504 ,nullius

517 2527 838 2601 potentiam
872 2526 1279 2594 reformidans,
1303 2525 1527 2583 nullius
1544 2524 1792 2601 gratiam

519 2623 623 2672 aut
656 2616 932 2673 offensam
967 2634 1197 2683 curam,
1248 2615 1437 2689 ipsam
1483 2613 1794 2671 veritatem

520 2705 765 2778 copiose,
800 2705 1063 2779 graviter
1112 2707 1173 2760 et
1218 2705 1559 2770 constanter
1590 2702 1793 2759 defen-

518 2792 730 2872 dit2).<
794 2793 935 2866 Ejus
968 2792 1276 2849 conciones
1323 2809 1525 2866 pacem
1560 2791 1785 2865 spiram

516 2884 577 2938 et
607 2880 1140 2938 mansuetudinem.

613 3069 705 3120 15.
742 3058 1062 3134 Specialem
1109 3058 1346 3116 laudem
1394 3062 1624 3115 merent
1674 3057 1792 3116 duo

516 3147 631 3205 viri
692 3149 848 3206 docti
911 3148 1285 3224 cognomines
1338 3146 1670 3205 Guilelmus
1735 3151 1795 3204 et

517 3237 809 3295 Martinus
821 3235 869 3317 3)
889 3238 934 3294 Ε
952 3238 971 3295 i
989 3254 1015 3295 s
1034 3256 1065 3294 e
1080 3257 1119 3295 n
1130 3257 1170 3314 g
1180 3256 1211 3295 r
1222 3256 1252 3295 e
1264 3240 1333 3296 in
1352 3231 1769 3317 (Eysengrein)
1779 3281 1791 3305 ‚

596 3485 626 3542 Ι)
657 3479 738 3533 Cf.
767 3478 835 3532 N.
867 3480 1075 3534 Paulus
1112 3481 1171 3532 in
1211 3479 1479 3548 hist-pol.
1509 3479 1589 3532 Bl.
1619 3478 1794 3532 CXVI

514 3555 713 3620 (1895),
741 3555 1001 3622 237·252;
1030 3556 1266 3608 329-340
1291 3555 1348 3604 et
1374 3551 1464 3604 die
1486 3550 1795 3604 deutschen

510 3621 917 3676 Dominikaner
967 3623 1045 3675 im
1095 3622 1313 3692 Kampf
1356 3637 1534 3691 gegen
1580 3622 1794 3675 Luther

511 3692 782 3761 Freiburg
828 3698 964 3749 1903
1020 3711 1074 3761 p.
1104 3698 1400 3758 162—181,
1450 3693 1548 3746 ubi
1591 3711 1646 3762 p.
1688 3698 1794 3750 170

511 3764 735 3817 scribit:
775 3765 957 3818 Schon
986 3765 1074 3818 die
1102 3765 1265 3818 Form
1292 3765 1472 3818 dieser
1487 3765 1792 3834 Vortriige:

512 3834 603 3887 die
645 3834 846 3889 frische
888 3835 1367 3890 volksthiimliche
1409 3835 1791 3904 Darstellung‚

512 3905 600 3958 dje
613 3907 1415 3971 lichtvolleAusdrucksweise,
1427 3906 1519 3960 die
1529 3906 1791 3976 kraftige‚

512 3977 874 4032 bilderreiche
892 3979 1151 4048 Sprache‚
1174 3978 1293 4031 dies
1310 3977 1467 4031 Alles
1483 3978 1791 4043 bekundet,

511 4048 615 4101 dass
665 4049 951 4103 Sittardus
1012 4050 1104 4103 ein
1165 4050 1326 4103 nicht
1380 4049 1792 4119 gewohnliches

508 4120 911 4175 Rednertaleut
930 4123 1106 4175 besass.
1136 4120 1243 4174 Mit
1258 4121 1354 4174 der
1367 4121 1610 4174 schonen
1627 4121 1791 4174 Form

510 4194 678 4261 paart
702 4192 818 4245 sich
846 4194 938 4247 ein
966 4192 1091 4246 sehr
1114 4192 1449 4262 gediegener
1475 4192 1681 4246 Inhalt.

1852 2438 2237 2511 professorem
2256 2437 2380 2511 egit
2396 2435 2814 2510 principiorum
2836 2438 2951 2511 phy
2962 2436 3127 2503 siceS,

1852 2525 2159 2601 factusque
2225 2528 2315 2582 est
2383 2525 2700 2583 canonicus
2769 2526 2840 2582 ad
2904 2544 2946 2587 s,
3001 2525 3130 2581 Ste-

1850 2615 2109 2689 phanum
2161 2611 2403 2696 (1559).
2465 2614 2803 2674 Honoribus
2867 2614 3129 2673 muneri-

1851 2703 2084 2778 busque
2117 2704 2234 2762 suit
2268 2709 2479 2762 auctus
2512 2724 2546 2762 a
2577 2722 2817 2763 romano
2851 2703 3127 2779 pontifice

1850 2799 1912 2850 et
1962 2793 2330 2868 imperatore,
2382 2798 2447 2850 in
2498 2794 2707 2868 primis
2761 2794 2835 2851 ab
2884 2794 3132 2851 Alberto

1850 2882 2128 2956 Bojorum
2166 2883 2330 2941 duce.
2365 2883 2717 2941 cathedram
2749 2884 2898 2941 rexit
2917 2883 2979 2940 in
3002 2901 3131 2941 aca-

1851 2970 2043 3029 demia
2071 2972 2520 3048 ingolstadiensi
2550 2966 2800 3053 (1562),
2836 2974 3005 3047 cujus
3040 2973 3133 3029 in·

1852 3064 2179 3134 spectorem
2223 3079 2323 3118 seu
2354 3061 2768 3119 cancellarium
2816 3063 2952 3138 egit,
2999 3060 3129 3118 bib-

1852 3149 2163 3208 liothecam
2195 3149 2481 3219 condidit3
2517 3151 2956 3224 protonotarius
2989 3166 3128 3223 apo-

1852 3238 2099 3296 stolicus
2152 3239 2366 3316 dictus
2392 3244 2498 3307 est,
2553 3257 2744 3296 comes
2809 3238 3125 3312 palatium,

1851 3326 2167 3386 canonicus
2248 3327 2671 3397 eichstetensis,
2752 3327 3128 3402 praepositus

1850 3417 2128 3475 ecclesiae
2191 3418 2583 3492 passaviensis
2661 3420 2722 3474 et
2782 3417 3128 3492 collegiatae

1850 3506 2247 3581 oettinganae,
2284 3508 2452 3582 cujus
2485 3506 2786 3564 historiam
2821 3506 2997 3563 etiam
3032 3506 3129 3563 de·

1850 3595 2101 3670 scripsit.
2181 3595 2530 3671 Ingolstadii
2605 3604 2761 3656 1571
2849 3598 2908 3652 et
2988 3594 3128 3652 alibi

1854 3681 1913 3764 (†
1949 3694 2002 3744 4.
2038 3685 2168 3759 Maj.
2212 3682 2421 3764 1578).
2457 3684 2561 3742 Vir
2593 3687 2720 3742 erat
2749 3684 2927 3759 plane
2959 3702 3128 3760 egre-

1850 3911 1906 3960 et
1933 3907 2209 3975 quaedam
2238 3908 2496 3971 ascetica,
2540 3911 2605 3960 ut
2643 3910 2776 3962 Dua·
2791 3918 3128 3976 peccatorum

1849 3979 1982 4033 oder
2006 3979 2102 4032 der
2119 3979 2336 4033 Sfinder
2352 3979 2755 4042 Geleitsmann‚
2773 3978 2955 4031 Mainz
2978 3983 3126 4042 1599:

1848 4053 1943 4104 der
1967 4053 2275 4118 SeeZsorqer.
2304 4051 2380 4103 ib.
2406 4055 2561 4108 1599.
2616 4051 2696 4104 Cf.
2739 4051 2806 4103 de
2832 4050 2921 4102 his
2948 4049 3127 4102 tribus

1849 4121 2073 4176 Streber
2111 4121 2226 4177 KL.
2268 4122 2357 4184 IV,
2405 4126 2718 4190 341—343;
2771 4121 2839 4173 de
2881 4119 3126 4172 Martino

1847 4193 2058 4246 Kobolt·
2085 4211 2141 4261 p.
2172 4198 2447 4250 195—201
2496 4197 2553 4248 et
2596 4209 2730 4261 prae
2774 4191 2972 4260 primis
2998 4191 3125 4244 Luz.

583 4266 623 4334 ⁹)
651 4263 729 4315 Cf.
760 4263 789 4317 J
796 4282 843 4318 ο.
871 4265 1098 4317 Katzius
1124 4264 1185 4317 in
1214 4263 1479 4317 Oratione
1506 4263 1704 4317 habita
1728 4262 1791 4315 in
1848 4262 2063 4332 Pfleger
2087 4265 2150 4317 in
2176 4264 2444 4334 hist-pol.
2463 4265 2549 4322 Bl.
2567 4264 2858 4327 CXXXIV,
2876 4267 3127 4334 705-723;

512 4334 707 4388 funere
732 4335 1004 4389 Matthiae
1033 4336 1266 4399 Citardi,
1296 4335 1545 4389 Viennae
1576 4340 1726 4392 1566.

582 4414 623 4475 ³)
652 4408 699 4458 A
727 4406 1105 4462 Guilelmo
1151 4409 1209 4460 et
1246 4407 1565 4461 Mai-tino
1607 4407 1666 4460 Ε.
1709 4405 1790 4459 di-

1848 4339 2165 4478 78?)—b{lde
2208 4408 2330 4476 ejus
2366 4405 2648 4461 laboribus
2688 4409 2745 4459 et
2788 4406 2988 4459 studiis
3016 4406 3124 4460 Jos.

507 4476 721 4546 stingui
734 4479 941 4533 debet]
957 4496 1209 4532 oannes
1228 4478 1547 4547 Eisengrein
1560 4477 1786 4532 Martini
1848 4477 2072 4532 Schmid
2122 4479 2250 4532 hist.
2296 4479 2486 4532 Jahrb.
2533 4477 2688 4530 XVII
2729 4481 2911 4548 (1896)
2951 4483 3020 4534 80
3058 4495 3124 4530 ss.

510 4549 700 4612 frater,
730 4551 830 4618 qui
858 4551 1069 4620 pariter
1095 4552 1166 4604 ad
1192 4567 1383 4606 veram
1408 4549 1579 4604 rediit
1602 4551 1787 4614 fidem,
1847 4548 2084 4612 PrimuS,
2113 4550 2212 4617 qui
2254 4566 2326 4604 ce
2343 4569 2380 4602 n
2397 4555 2474 4604 tu
2490 4549 2595 4604 ria
2614 4552 2684 4603 to
2701 4549 2814 4602 rib
2831 4569 2866 4603 u
2885 4567 2910 4601 s
2949 4566 3005 4602 se
3032 4565 3126 4618 op-

508 4619 699 4673 doctor
726 4623 1016 4689 utriusque
1037 4622 1201 4691 juris,
1245 4622 1485 4676 vicarius
1513 4621 1788 4690 generalis
1845 4621 2049 4689 posuit,
2101 4625 2185 4675 est
2230 4622 2519 4675 Conradus
2561 4622 2854 4674 Brunus
2898 4619 3126 4692 (Bi-aun)

506 4691 911 4748 ratisbonensis
950 4697 1006 4746 et
1044 4695 1397 4765 praepositus
1436 4694 1788 4762 straubinga·
1845 4694 2144 4746 canonicus
2172 4696 2522 4763 augustanus
2548 4697 2595 4765 (1-
2623 4695 2800 4762 1563),
2827 4693 2893 4745 de
2920 4708 3033 4759 quo
3059 4693 3125 4746 cf.

507 4780 609 4815 nus
636 4765 1068 4836 (†8.N0v.1608).
1096 4764 1787 4820 Ediditfratrisconciones
1844 4764 1913 4827 II,
1944 4769 2094 4820 1523.
