<?xml version="1.0" encoding="UTF-8"?>
<!DOCTYPE html PUBLIC "-//W3C//DTD XHTML 1.0 Transitional//EN"
    "http://www.w3.org/TR/xhtml1/DTD/xhtml1-transitional.dtd">
<html xmlns="http://www.w3.org/1999/xhtml" xml:lang="en" lang="en">
 <head>
  <title>
</title>
<meta http-equiv="Content-Type" content="text/html;charset=utf-8" />
  <meta name='ocr-system' content='tesseract 3.04.00' />
  <meta name='ocr-capabilities' content='ocr_page ocr_carea ocr_par ocr_line ocrx_word'/>
</head>
<body>
  <div class='ocr_page' id='page_1' title='image "./nomenclatorlite11hurtgoog_0124.png"; bbox 0 0 3625 5193; ppageno 0'>
   <div class='ocr_carea' id='block_1_1' title="bbox 660 278 777 331">
    <p class='ocr_par' dir='ltr' id='par_1_1' title="bbox 660 278 777 331">
     <span class='ocr_line' id='line_1_1' title="bbox 660 278 777 331; baseline -0.009 0"><span class='ocrx_word' id='word_1_1' title='bbox 660 278 777 331; x_wconf 84' lang='lat'>231</span> 
     </span>
    </p>
   </div>
   <div class='ocr_carea' id='block_1_2' title="bbox 643 445 1932 3902">
    <p class='ocr_par' dir='ltr' id='par_1_2' title="bbox 643 445 1932 3902">
     <span class='ocr_line' id='line_1_2' title="bbox 653 445 1929 521; baseline -0.002 -17"><span class='ocrx_word' id='word_1_2' title='bbox 653 464 726 504; x_wconf 89' lang='lat' dir='ltr'>us</span> <span class='ocrx_word' id='word_1_3' title='bbox 760 445 899 503; x_wconf 89' lang='lat' dir='ltr'>libri</span> <span class='ocrx_word' id='word_1_4' title='bbox 947 464 1186 503; x_wconf 88' lang='lat' dir='ltr'>sensum</span> <span class='ocrx_word' id='word_1_5' title='bbox 1234 446 1565 521; x_wconf 81' lang='lat' dir='ltr'>explicaret,</span> <span class='ocrx_word' id='word_1_6' title='bbox 1614 445 1823 503; x_wconf 87' lang='lat' dir='ltr'>deinde</span> <span class='ocrx_word' id='word_1_7' title='bbox 1858 445 1929 504; x_wconf 87' lang='lat' dir='ltr'>ad</span> 
     </span>
     <span class='ocr_line' id='line_1_3' title="bbox 656 534 1930 611; baseline 0.002 -20"><span class='ocrx_word' id='word_1_8' title='bbox 656 534 828 592; x_wconf 87' lang='lat' dir='ltr'>finem</span> <span class='ocrx_word' id='word_1_9' title='bbox 863 535 1233 611; x_wconf 84' lang='lat' dir='ltr'>singulorum</span> <span class='ocrx_word' id='word_1_10' title='bbox 1265 536 1528 611; x_wconf 82' lang='lat' dir='ltr'>capitum</span> <span class='ocrx_word' id='word_1_11' title='bbox 1562 553 1631 592; x_wconf 88' lang='lat' dir='ltr'>ex</span> <span class='ocrx_word' id='word_1_12' title='bbox 1663 534 1930 604; x_wconf 87' lang='lat' dir='ltr'>hebrae0‚</span> 
     </span>
     <span class='ocr_line' id='line_1_4' title="bbox 654 624 1931 700; baseline -0.001 -19"><span class='ocrx_word' id='word_1_13' title='bbox 654 624 927 681; x_wconf 89' lang='lat' dir='ltr'>chaldaeo</span> <span class='ocrx_word' id='word_1_14' title='bbox 959 642 1284 700; x_wconf 82' lang='lat' dir='ltr'>graecoque</span> <span class='ocrx_word' id='word_1_15' title='bbox 1328 624 1740 682; x_wconf 77' lang='lat' dir='ltr'>annotationes</span> <span class='ocrx_word' id='word_1_16' title='bbox 1788 625 1931 681; x_wconf 87' lang='lat' dir='ltr'>sub-</span> 
     </span>
     <span class='ocr_line' id='line_1_5' title="bbox 651 712 1932 788; baseline -0.002 -18"><span class='ocrx_word' id='word_1_17' title='bbox 651 715 974 770; x_wconf 83' lang='lat' dir='ltr'>necteret.‘</span> <span class='ocrx_word' id='word_1_18' title='bbox 1038 713 1227 787; x_wconf 81' lang='lat' dir='ltr'>Opera</span> <span class='ocrx_word' id='word_1_19' title='bbox 1277 714 1474 771; x_wconf 89' lang='lat' dir='ltr'>omnia</span> <span class='ocrx_word' id='word_1_20' title='bbox 1504 713 1567 771; x_wconf 91' lang='lat' dir='ltr'>in</span> <span class='ocrx_word' id='word_1_21' title='bbox 1600 712 1665 771; x_wconf 88' lang='lat' dir='ltr'>V.</span> <span class='ocrx_word' id='word_1_22' title='bbox 1699 713 1759 770; x_wconf 79' lang='lat' dir='ltr'>T.</span> <span class='ocrx_word' id='word_1_23' title='bbox 1794 729 1932 788; x_wconf 88' lang='lat' dir='ltr'>pro-</span> 
     </span>
     <span class='ocr_line' id='line_1_6' title="bbox 652 801 1930 870; baseline 0 -12"><span class='ocrx_word' id='word_1_24' title='bbox 652 801 894 859; x_wconf 86' lang='lat' dir='ltr'>dierunt</span> <span class='ocrx_word' id='word_1_25' title='bbox 926 801 1198 861; x_wconf 85' lang='lat' dir='ltr'>Coloniae</span> <span class='ocrx_word' id='word_1_26' title='bbox 1240 812 1401 864; x_wconf 87' lang='grc'><strong>1616</strong></span> <span class='ocrx_word' id='word_1_27' title='bbox 1437 805 1477 858; x_wconf 92' lang='lat' dir='ltr'>t.</span> <span class='ocrx_word' id='word_1_28' title='bbox 1516 811 1548 863; x_wconf 86' lang='lat'>5</span> <span class='ocrx_word' id='word_1_29' title='bbox 1585 802 1647 860; x_wconf 89' lang='lat' dir='ltr'>in</span> <span class='ocrx_word' id='word_1_30' title='bbox 1683 812 1753 870; x_wconf 88' lang='lat'>4;</span> <span class='ocrx_word' id='word_1_31' title='bbox 1819 802 1930 859; x_wconf 90' lang='lat' dir='ltr'>Pa-</span> 
     </span>
     <span class='ocr_line' id='line_1_7' title="bbox 651 890 1930 965; baseline 0.001 -18"><span class='ocrx_word' id='word_1_32' title='bbox 651 890 811 948; x_wconf 90' lang='lat' dir='ltr'>risiis</span> <span class='ocrx_word' id='word_1_33' title='bbox 859 899 1022 952; x_wconf 80' lang='lat'>1617</span> <span class='ocrx_word' id='word_1_34' title='bbox 1067 894 1112 947; x_wconf 88' lang='lat' dir='ltr'>t.</span> <span class='ocrx_word' id='word_1_35' title='bbox 1153 900 1187 953; x_wconf 88' lang='lat'><strong>3</strong></span> <span class='ocrx_word' id='word_1_36' title='bbox 1223 891 1286 948; x_wconf 92' lang='lat' dir='ltr'>in</span> <span class='ocrx_word' id='word_1_37' title='bbox 1320 890 1358 952; x_wconf 85' lang='lat' dir='ltr'>f.</span> <span class='ocrx_word' id='word_1_38' title='bbox 1391 923 1477 933; x_wconf 92' lang='lat'>-—</span> <span class='ocrx_word' id='word_1_39' title='bbox 1511 891 1728 949; x_wconf 72' lang='lat' dir='ltr'>Isaiam</span> <span class='ocrx_word' id='word_1_40' title='bbox 1763 908 1930 965; x_wconf 88' lang='lat' dir='ltr'>prae-</span> 
     </span>
     <span class='ocr_line' id='line_1_8' title="bbox 651 979 1930 1054; baseline 0 -17"><span class='ocrx_word' id='word_1_41' title='bbox 651 984 816 1037; x_wconf 87' lang='lat' dir='ltr'>terea</span> <span class='ocrx_word' id='word_1_42' title='bbox 866 979 1202 1054; x_wconf 76' lang='lat' dir='ltr'>explanavit</span> <span class='ocrx_word' id='word_1_43' title='bbox 1238 979 1582 1038; x_wconf 86' lang='lat' dir='ltr'>Franciscus</span> <span class='ocrx_word' id='word_1_44' title='bbox 1634 979 1930 1037; x_wconf 86' lang='lat' dir='ltr'>Foreri-</span> 
     </span>
     <span class='ocr_line' id='line_1_9' title="bbox 650 1064 1928 1148; baseline -0.001 -22"><span class='ocrx_word' id='word_1_45' title='bbox 650 1086 736 1126; x_wconf 91' lang='lat' dir='ltr'>us</span> <span class='ocrx_word' id='word_1_46' title='bbox 773 1064 1055 1148; x_wconf 86' lang='lat' dir='ltr'>(Foreiro)</span> <span class='ocrx_word' id='word_1_47' title='bbox 1105 1068 1168 1125; x_wconf 91' lang='lat' dir='ltr'>O.</span> <span class='ocrx_word' id='word_1_48' title='bbox 1203 1068 1404 1126; x_wconf 87' lang='lat' dir='ltr'>Praed.</span> <span class='ocrx_word' id='word_1_49' title='bbox 1452 1069 1928 1142; x_wconf 87' lang='lat' dir='ltr'>Olissiponensis‚</span> 
     </span>
     <span class='ocr_line' id='line_1_10' title="bbox 650 1156 1929 1233; baseline -0.001 -19"><span class='ocrx_word' id='word_1_50' title='bbox 650 1157 951 1215; x_wconf 89' lang='lat' dir='ltr'>natalibus</span> <span class='ocrx_word' id='word_1_51' title='bbox 986 1157 1200 1226; x_wconf 78' lang='lat' dir='ltr'>clarus,</span> <span class='ocrx_word' id='word_1_52' title='bbox 1248 1158 1349 1215; x_wconf 89' lang='lat' dir='ltr'>sed</span> <span class='ocrx_word' id='word_1_53' title='bbox 1394 1158 1568 1233; x_wconf 83' lang='lat' dir='ltr'>longe</span> <span class='ocrx_word' id='word_1_54' title='bbox 1615 1156 1826 1215; x_wconf 89' lang='lat' dir='ltr'>clarior</span> <span class='ocrx_word' id='word_1_55' title='bbox 1858 1157 1929 1213; x_wconf 91' lang='lat' dir='ltr'>li-</span> 
     </span>
     <span class='ocr_line' id='line_1_11' title="bbox 649 1246 1930 1305; baseline -0.001 -2"><span class='ocrx_word' id='word_1_56' title='bbox 649 1246 794 1303; x_wconf 86' lang='lat' dir='ltr'>teris</span> <span class='ocrx_word' id='word_1_57' title='bbox 826 1248 885 1303; x_wconf 89' lang='lat' dir='ltr'>et</span> <span class='ocrx_word' id='word_1_58' title='bbox 915 1246 1262 1304; x_wconf 79' lang='lat' dir='ltr'>eruditione.</span> <span class='ocrx_word' id='word_1_59' title='bbox 1304 1246 1447 1305; x_wconf 90' lang='lat' dir='ltr'>Cum</span> <span class='ocrx_word' id='word_1_60' title='bbox 1481 1246 1807 1305; x_wconf 81' lang='lat' dir='ltr'>acutissimi</span> <span class='ocrx_word' id='word_1_61' title='bbox 1840 1263 1930 1303; x_wconf 87' lang='lat' dir='ltr'>es-</span> 
     </span>
     <span class='ocr_line' id='line_1_12' title="bbox 651 1334 1927 1410; baseline 0 -19"><span class='ocrx_word' id='word_1_62' title='bbox 651 1338 741 1392; x_wconf 86' lang='lat' dir='ltr'>set</span> <span class='ocrx_word' id='word_1_63' title='bbox 771 1334 1014 1410; x_wconf 84' lang='lat' dir='ltr'>ingenii,</span> <span class='ocrx_word' id='word_1_64' title='bbox 1054 1335 1266 1410; x_wconf 87' lang='lat' dir='ltr'>judicii</span> <span class='ocrx_word' id='word_1_65' title='bbox 1308 1336 1486 1409; x_wconf 85' lang='lat' dir='ltr'>juxta</span> <span class='ocrx_word' id='word_1_66' title='bbox 1533 1337 1592 1393; x_wconf 90' lang='lat' dir='ltr'>et</span> <span class='ocrx_word' id='word_1_67' title='bbox 1636 1334 1927 1401; x_wconf 87' lang='lat' dir='ltr'>acerrimi,</span> 
     </span>
     <span class='ocr_line' id='line_1_13' title="bbox 651 1423 1930 1482; baseline 0.001 -3"><span class='ocrx_word' id='word_1_68' title='bbox 651 1424 946 1480; x_wconf 81' lang='lat' dir='ltr'>Paiisium</span> <span class='ocrx_word' id='word_1_69' title='bbox 978 1442 1112 1481; x_wconf 92' lang='lat' dir='ltr'>cum</span> <span class='ocrx_word' id='word_1_70' title='bbox 1163 1424 1298 1482; x_wconf 88' lang='lat' dir='ltr'>aliis</span> <span class='ocrx_word' id='word_1_71' title='bbox 1342 1424 1608 1481; x_wconf 78' lang='lat' dir='ltr'>mittitur</span> <span class='ocrx_word' id='word_1_72' title='bbox 1639 1445 1672 1481; x_wconf 81' lang='lat' dir='ltr'>a</span> <span class='ocrx_word' id='word_1_73' title='bbox 1702 1423 1930 1481; x_wconf 88' lang='lat' dir='ltr'>Joanne</span> 
     </span>
     <span class='ocr_line' id='line_1_14' title="bbox 650 1510 1927 1589; baseline 0.001 -21"><span class='ocrx_word' id='word_1_74' title='bbox 650 1510 750 1568; x_wconf 91' lang='lat'>111.</span> <span class='ocrx_word' id='word_1_75' title='bbox 784 1512 1048 1570; x_wconf 80' lang='lat' dir='ltr'>lusitano</span> <span class='ocrx_word' id='word_1_76' title='bbox 1093 1530 1252 1589; x_wconf 84' lang='lat' dir='ltr'>rege,</span> <span class='ocrx_word' id='word_1_77' title='bbox 1305 1513 1520 1572; x_wconf 89' lang='lat' dir='ltr'>studiis</span> <span class='ocrx_word' id='word_1_78' title='bbox 1571 1516 1640 1571; x_wconf 91' lang='lat' dir='ltr'>ut</span> <span class='ocrx_word' id='word_1_79' title='bbox 1690 1530 1927 1587; x_wconf 84' lang='lat' dir='ltr'>operam</span> 
     </span>
     <span class='ocr_line' id='line_1_15' title="bbox 649 1600 1924 1676; baseline 0.005 -20"><span class='ocrx_word' id='word_1_80' title='bbox 649 1600 832 1658; x_wconf 86' lang='lat' dir='ltr'>daret.</span> <span class='ocrx_word' id='word_1_81' title='bbox 868 1600 937 1657; x_wconf 91' lang='lat' dir='ltr'>In</span> <span class='ocrx_word' id='word_1_82' title='bbox 955 1602 1202 1676; x_wconf 85' lang='lat' dir='ltr'>patriam</span> <span class='ocrx_word' id='word_1_83' title='bbox 1229 1619 1260 1659; x_wconf 85' lang='lat' dir='ltr'>e</span> <span class='ocrx_word' id='word_1_84' title='bbox 1286 1601 1472 1660; x_wconf 88' lang='lat' dir='ltr'>Gallia</span> <span class='ocrx_word' id='word_1_85' title='bbox 1488 1602 1671 1659; x_wconf 78' lang='lat' dir='ltr'>redux</span> <span class='ocrx_word' id='word_1_86' title='bbox 1688 1619 1732 1658; x_wconf 82' lang='lat' dir='ltr'>e.</span> <span class='ocrx_word' id='word_1_87' title='bbox 1760 1610 1924 1663; x_wconf 85' lang='lat'>1540</span> 
     </span>
     <span class='ocr_line' id='line_1_16' title="bbox 650 1689 1927 1766; baseline 0.002 -21"><span class='ocrx_word' id='word_1_88' title='bbox 650 1706 782 1746; x_wconf 89' lang='lat' dir='ltr'>mox</span> <span class='ocrx_word' id='word_1_89' title='bbox 813 1689 876 1746; x_wconf 90' lang='lat' dir='ltr'>in</span> <span class='ocrx_word' id='word_1_90' title='bbox 907 1690 1118 1747; x_wconf 87' lang='lat' dir='ltr'>scholis</span> <span class='ocrx_word' id='word_1_91' title='bbox 1166 1691 1461 1764; x_wconf 85' lang='lat' dir='ltr'>sacrisque</span> <span class='ocrx_word' id='word_1_92' title='bbox 1505 1690 1757 1766; x_wconf 86' lang='lat' dir='ltr'>pulpitis</span> <span class='ocrx_word' id='word_1_93' title='bbox 1791 1690 1927 1748; x_wconf 86' lang='lat' dir='ltr'>doc-</span> 
     </span>
     <span class='ocr_line' id='line_1_17' title="bbox 649 1777 1925 1855; baseline 0.002 -21"><span class='ocrx_word' id='word_1_94' title='bbox 649 1777 809 1835; x_wconf 90' lang='lat' dir='ltr'>trina</span> <span class='ocrx_word' id='word_1_95' title='bbox 839 1782 900 1835; x_wconf 90' lang='lat' dir='ltr'>et</span> <span class='ocrx_word' id='word_1_96' title='bbox 930 1778 1212 1837; x_wconf 86' lang='lat' dir='ltr'>facundia</span> <span class='ocrx_word' id='word_1_97' title='bbox 1244 1799 1512 1855; x_wconf 86' lang='lat' dir='ltr'>magnam</span> <span class='ocrx_word' id='word_1_98' title='bbox 1549 1779 1660 1837; x_wconf 87' lang='lat' dir='ltr'>sibi</span> <span class='ocrx_word' id='word_1_99' title='bbox 1694 1798 1925 1854; x_wconf 88' lang='lat' dir='ltr'>compa-</span> 
     </span>
     <span class='ocr_line' id='line_1_18' title="bbox 648 1866 1928 1943; baseline 0.002 -20"><span class='ocrx_word' id='word_1_100' title='bbox 648 1867 807 1925; x_wconf 87' lang='lat' dir='ltr'>ravit</span> <span class='ocrx_word' id='word_1_101' title='bbox 837 1866 1066 1935; x_wconf 89' lang='lat' dir='ltr'>famam,</span> <span class='ocrx_word' id='word_1_102' title='bbox 1101 1887 1251 1943; x_wconf 88' lang='lat' dir='ltr'>quae</span> <span class='ocrx_word' id='word_1_103' title='bbox 1301 1873 1362 1926; x_wconf 92' lang='lat' dir='ltr'>et</span> <span class='ocrx_word' id='word_1_104' title='bbox 1401 1868 1473 1927; x_wconf 89' lang='lat' dir='ltr'>ad</span> <span class='ocrx_word' id='word_1_105' title='bbox 1506 1869 1704 1926; x_wconf 89' lang='lat' dir='ltr'>aulam</span> <span class='ocrx_word' id='word_1_106' title='bbox 1737 1886 1928 1942; x_wconf 88' lang='lat' dir='ltr'>usque</span> 
     </span>
     <span class='ocr_line' id='line_1_19' title="bbox 647 1955 1927 2034; baseline 0.001 -21"><span class='ocrx_word' id='word_1_107' title='bbox 647 1956 926 2030; x_wconf 85' lang='lat' dir='ltr'>pervasit,</span> <span class='ocrx_word' id='word_1_108' title='bbox 977 1955 1136 2014; x_wconf 87' lang='lat' dir='ltr'>unde</span> <span class='ocrx_word' id='word_1_109' title='bbox 1185 1959 1246 2014; x_wconf 90' lang='lat' dir='ltr'>et</span> <span class='ocrx_word' id='word_1_110' title='bbox 1291 1976 1324 2015; x_wconf 87' lang='lat' dir='ltr'>a</span> <span class='ocrx_word' id='word_1_111' title='bbox 1378 1976 1516 2034; x_wconf 85' lang='lat' dir='ltr'>rege</span> <span class='ocrx_word' id='word_1_112' title='bbox 1560 1957 1927 2016; x_wconf 83' lang='lat' dir='ltr'>ecclesiastes</span> 
     </span>
     <span class='ocr_line' id='line_1_20' title="bbox 649 2043 1928 2108; baseline 0.002 -7"><span class='ocrx_word' id='word_1_113' title='bbox 649 2043 912 2102; x_wconf 85' lang='lat' dir='ltr'>adscitus</span> <span class='ocrx_word' id='word_1_114' title='bbox 947 2044 1076 2103; x_wconf 88' lang='lat' dir='ltr'>fuit.</span> <span class='ocrx_word' id='word_1_115' title='bbox 1139 2045 1282 2104; x_wconf 88' lang='lat' dir='ltr'>Cum</span> <span class='ocrx_word' id='word_1_116' title='bbox 1330 2050 1530 2104; x_wconf 85' lang='lat' dir='ltr'>autem</span> <span class='ocrx_word' id='word_1_117' title='bbox 1565 2065 1612 2104; x_wconf 90' lang='lat' dir='ltr'>a.</span> <span class='ocrx_word' id='word_1_118' title='bbox 1659 2056 1811 2108; x_wconf 86' lang='grc'><strong>1561</strong></span> <span class='ocrx_word' id='word_1_119' title='bbox 1854 2045 1928 2103; x_wconf 87' lang='lat' dir='ltr'>ad</span> 
     </span>
     <span class='ocr_line' id='line_1_21' title="bbox 648 2133 1926 2211; baseline 0.002 -20"><span class='ocrx_word' id='word_1_120' title='bbox 648 2133 961 2191; x_wconf 88' lang='lat' dir='ltr'>concilium</span> <span class='ocrx_word' id='word_1_121' title='bbox 1029 2134 1421 2193; x_wconf 82' lang='lat' dir='ltr'>tridentinum</span> <span class='ocrx_word' id='word_1_122' title='bbox 1498 2136 1796 2211; x_wconf 87' lang='lat' dir='ltr'>graviores</span> <span class='ocrx_word' id='word_1_123' title='bbox 1859 2154 1926 2193; x_wconf 90' lang='lat' dir='ltr'>ex</span> 
     </span>
     <span class='ocr_line' id='line_1_22' title="bbox 647 2222 1923 2300; baseline 0.004 -22"><span class='ocrx_word' id='word_1_124' title='bbox 647 2222 920 2280; x_wconf 91' lang='lat' dir='ltr'>omnibus</span> <span class='ocrx_word' id='word_1_125' title='bbox 970 2224 1168 2299; x_wconf 84' lang='lat' dir='ltr'>regnis</span> <span class='ocrx_word' id='word_1_126' title='bbox 1219 2223 1604 2282; x_wconf 81' lang='lat' dir='ltr'>mitterentur</span> <span class='ocrx_word' id='word_1_127' title='bbox 1648 2224 1923 2300; x_wconf 81' lang='lat' dir='ltr'>theologi,</span> 
     </span>
     <span class='ocr_line' id='line_1_23' title="bbox 646 2310 1927 2389; baseline 0.003 -22"><span class='ocrx_word' id='word_1_128' title='bbox 646 2310 917 2369; x_wconf 87' lang='lat' dir='ltr'>Forerius</span> <span class='ocrx_word' id='word_1_129' title='bbox 968 2332 1002 2369; x_wconf 93' lang='lat' dir='ltr'>a</span> <span class='ocrx_word' id='word_1_130' title='bbox 1052 2312 1402 2371; x_wconf 83' lang='lat' dir='ltr'>Sebastiano</span> <span class='ocrx_word' id='word_1_131' title='bbox 1452 2332 1592 2389; x_wconf 84' lang='lat' dir='ltr'>rege</span> <span class='ocrx_word' id='word_1_132' title='bbox 1624 2314 1687 2372; x_wconf 90' lang='lat' dir='ltr'>in</span> <span class='ocrx_word' id='word_1_133' title='bbox 1719 2314 1927 2388; x_wconf 88' lang='lat' dir='ltr'>primis</span> 
     </span>
     <span class='ocr_line' id='line_1_24' title="bbox 646 2399 1924 2475; baseline 0.003 -19"><span class='ocrx_word' id='word_1_134' title='bbox 646 2399 899 2458; x_wconf 88' lang='lat' dir='ltr'>selectus</span> <span class='ocrx_word' id='word_1_135' title='bbox 932 2404 1038 2471; x_wconf 86' lang='lat' dir='ltr'>est,</span> <span class='ocrx_word' id='word_1_136' title='bbox 1073 2402 1177 2475; x_wconf 91' lang='lat' dir='ltr'>qui</span> <span class='ocrx_word' id='word_1_137' title='bbox 1200 2420 1306 2460; x_wconf 91' lang='lat' dir='ltr'>suo</span> <span class='ocrx_word' id='word_1_138' title='bbox 1326 2402 1563 2460; x_wconf 90' lang='lat' dir='ltr'>nomine</span> <span class='ocrx_word' id='word_1_139' title='bbox 1587 2402 1649 2460; x_wconf 88' lang='lat' dir='ltr'>in</span> <span class='ocrx_word' id='word_1_140' title='bbox 1669 2421 1737 2460; x_wconf 90' lang='lat' dir='ltr'>eo</span> <span class='ocrx_word' id='word_1_141' title='bbox 1759 2402 1924 2460; x_wconf 87' lang='lat' dir='ltr'>ades-</span> 
     </span>
     <span class='ocr_line' id='line_1_25' title="bbox 647 2489 1925 2565; baseline 0.002 -20"><span class='ocrx_word' id='word_1_142' title='bbox 647 2492 739 2545; x_wconf 86' lang='lat' dir='ltr'>set</span> <span class='ocrx_word' id='word_1_143' title='bbox 751 2489 1081 2564; x_wconf 78' lang='lat' dir='ltr'>theologu8.</span> <span class='ocrx_word' id='word_1_144' title='bbox 1116 2490 1415 2559; x_wconf 87' lang='lat' dir='ltr'>Quantum</span> <span class='ocrx_word' id='word_1_145' title='bbox 1432 2510 1569 2549; x_wconf 84' lang='lat' dir='ltr'>vero</span> <span class='ocrx_word' id='word_1_146' title='bbox 1595 2491 1658 2549; x_wconf 93' lang='lat' dir='ltr'>in</span> <span class='ocrx_word' id='word_1_147' title='bbox 1687 2510 1756 2548; x_wconf 88' lang='lat' dir='ltr'>ea</span> <span class='ocrx_word' id='word_1_148' title='bbox 1786 2509 1925 2565; x_wconf 87' lang='lat' dir='ltr'>syn-</span> 
     </span>
     <span class='ocr_line' id='line_1_26' title="bbox 645 2574 1925 2658; baseline 0.002 -23"><span class='ocrx_word' id='word_1_149' title='bbox 645 2578 755 2636; x_wconf 90' lang='lat' dir='ltr'>odo</span> <span class='ocrx_word' id='word_1_150' title='bbox 787 2574 1131 2658; x_wconf 82' lang='lat' dir='ltr'>illuxerit1)‚</span> <span class='ocrx_word' id='word_1_151' title='bbox 1161 2579 1424 2655; x_wconf 90' lang='lat' dir='ltr'>produnt</span> <span class='ocrx_word' id='word_1_152' title='bbox 1453 2578 1718 2655; x_wconf 87' lang='lat' dir='ltr'>ejusdem</span> <span class='ocrx_word' id='word_1_153' title='bbox 1740 2579 1925 2637; x_wconf 90' lang='lat' dir='ltr'>histo·</span> 
     </span>
     <span class='ocr_line' id='line_1_27' title="bbox 644 2666 1924 2742; baseline 0.001 -19"><span class='ocrx_word' id='word_1_154' title='bbox 644 2666 752 2724; x_wconf 90' lang='lat' dir='ltr'>rici</span> <span class='ocrx_word' id='word_1_155' title='bbox 772 2671 1189 2741; x_wconf 82' lang='lat' dir='ltr'>testanturque</span> <span class='ocrx_word' id='word_1_156' title='bbox 1209 2668 1446 2742; x_wconf 85' lang='lat' dir='ltr'>majoris</span> <span class='ocrx_word' id='word_1_157' title='bbox 1467 2668 1746 2726; x_wconf 88' lang='lat' dir='ltr'>momenti</span> <span class='ocrx_word' id='word_1_158' title='bbox 1769 2686 1924 2726; x_wconf 87' lang='lat' dir='ltr'>corn·</span> 
     </span>
     <span class='ocr_line' id='line_1_28' title="bbox 646 2754 1924 2831; baseline 0.003 -21"><span class='ocrx_word' id='word_1_159' title='bbox 646 2754 828 2812; x_wconf 88' lang='lat' dir='ltr'>missa</span> <span class='ocrx_word' id='word_1_160' title='bbox 859 2754 971 2829; x_wconf 88' lang='lat' dir='ltr'>ipsi</span> <span class='ocrx_word' id='word_1_161' title='bbox 1004 2756 1261 2830; x_wconf 87' lang='lat' dir='ltr'>negotia,</span> <span class='ocrx_word' id='word_1_162' title='bbox 1296 2756 1440 2814; x_wconf 83' lang='lat' dir='ltr'>adeo</span> <span class='ocrx_word' id='word_1_163' title='bbox 1473 2758 1542 2814; x_wconf 91' lang='lat' dir='ltr'>ut</span> <span class='ocrx_word' id='word_1_164' title='bbox 1574 2775 1708 2814; x_wconf 88' lang='lat' dir='ltr'>cum</span> <span class='ocrx_word' id='word_1_165' title='bbox 1740 2775 1924 2831; x_wconf 89' lang='lat' dir='ltr'>quae-</span> 
     </span>
     <span class='ocr_line' id='line_1_29' title="bbox 647 2843 1926 2920; baseline 0.004 -21"><span class='ocrx_word' id='word_1_166' title='bbox 647 2843 779 2899; x_wconf 85' lang='lat' dir='ltr'>dam</span> <span class='ocrx_word' id='word_1_167' title='bbox 813 2844 1204 2902; x_wconf 86' lang='lat' dir='ltr'>occurrissent</span> <span class='ocrx_word' id='word_1_168' title='bbox 1237 2863 1371 2902; x_wconf 90' lang='lat' dir='ltr'>cum</span> <span class='ocrx_word' id='word_1_169' title='bbox 1400 2863 1629 2904; x_wconf 91' lang='lat' dir='ltr'>summo</span> <span class='ocrx_word' id='word_1_170' title='bbox 1650 2847 1926 2920; x_wconf 88' lang='lat' dir='ltr'>pontifice</span> 
     </span>
     <span class='ocr_line' id='line_1_30' title="bbox 647 2932 1924 3009; baseline 0.005 -22"><span class='ocrx_word' id='word_1_171' title='bbox 647 2949 745 2988; x_wconf 87' lang='lat' dir='ltr'>ore</span> <span class='ocrx_word' id='word_1_172' title='bbox 777 2932 848 2988; x_wconf 89' lang='lat' dir='ltr'>ad</span> <span class='ocrx_word' id='word_1_173' title='bbox 881 2950 944 2989; x_wconf 91' lang='lat' dir='ltr'>os</span> <span class='ocrx_word' id='word_1_174' title='bbox 978 2933 1479 3000; x_wconf 83' lang='lat' dir='ltr'>communicanda,</span> <span class='ocrx_word' id='word_1_175' title='bbox 1515 2934 1588 2992; x_wconf 88' lang='lat' dir='ltr'>ad</span> <span class='ocrx_word' id='word_1_176' title='bbox 1609 2934 1788 3009; x_wconf 89' lang='lat' dir='ltr'>idque</span> <span class='ocrx_word' id='word_1_177' title='bbox 1821 2935 1924 2993; x_wconf 91' lang='lat' dir='ltr'>ho-</span> 
     </span>
     <span class='ocr_line' id='line_1_31' title="bbox 647 3020 1925 3098; baseline 0.002 -21"><span class='ocrx_word' id='word_1_178' title='bbox 647 3020 804 3077; x_wconf 89' lang='lat' dir='ltr'>mine</span> <span class='ocrx_word' id='word_1_179' title='bbox 837 3038 985 3094; x_wconf 87' lang='lat' dir='ltr'>opus</span> <span class='ocrx_word' id='word_1_180' title='bbox 1017 3024 1170 3078; x_wconf 87' lang='lat' dir='ltr'>esset</span> <span class='ocrx_word' id='word_1_181' title='bbox 1217 3021 1520 3092; x_wconf 87' lang='lat' dir='ltr'>fidissimo,</span> <span class='ocrx_word' id='word_1_182' title='bbox 1570 3024 1710 3082; x_wconf 88' lang='lat' dir='ltr'>haec</span> <span class='ocrx_word' id='word_1_183' title='bbox 1741 3024 1857 3098; x_wconf 87' lang='lat' dir='ltr'>ipsi</span> <span class='ocrx_word' id='word_1_184' title='bbox 1892 3044 1925 3081; x_wconf 89' lang='lat' dir='ltr'>a</span> 
     </span>
     <span class='ocr_line' id='line_1_32' title="bbox 645 3107 1922 3187; baseline 0.003 -21"><span class='ocrx_word' id='word_1_185' title='bbox 645 3107 912 3184; x_wconf 85' lang='lat' dir='ltr'>patribus</span> <span class='ocrx_word' id='word_1_186' title='bbox 962 3109 1309 3168; x_wconf 86' lang='lat' dir='ltr'>demandata</span> <span class='ocrx_word' id='word_1_187' title='bbox 1356 3113 1663 3187; x_wconf 84' lang='lat' dir='ltr'>provincia</span> <span class='ocrx_word' id='word_1_188' title='bbox 1721 3112 1922 3178; x_wconf 81' lang='lat' dir='ltr'>fuerit.</span> 
     </span>
     <span class='ocr_line' id='line_1_33' title="bbox 646 3198 1921 3275; baseline 0.004 -21"><span class='ocrx_word' id='word_1_189' title='bbox 646 3201 825 3270; x_wconf 88' lang='lat' dir='ltr'>quam</span> <span class='ocrx_word' id='word_1_190' title='bbox 858 3202 917 3255; x_wconf 84' lang='lat' dir='ltr'>et</span> <span class='ocrx_word' id='word_1_191' title='bbox 949 3198 1031 3256; x_wconf 89' lang='lat' dir='ltr'>ita</span> <span class='ocrx_word' id='word_1_192' title='bbox 1062 3203 1373 3258; x_wconf 85' lang='lat' dir='ltr'>exsecutus</span> <span class='ocrx_word' id='word_1_193' title='bbox 1420 3204 1528 3269; x_wconf 82' lang='lat' dir='ltr'>est,</span> <span class='ocrx_word' id='word_1_194' title='bbox 1573 3204 1644 3258; x_wconf 93' lang='lat' dir='ltr'>ut</span> <span class='ocrx_word' id='word_1_195' title='bbox 1688 3220 1921 3275; x_wconf 87' lang='lat' dir='ltr'>exspec-</span> 
     </span>
     <span class='ocr_line' id='line_1_34' title="bbox 644 3285 1924 3364; baseline 0.005 -22"><span class='ocrx_word' id='word_1_196' title='bbox 644 3285 859 3344; x_wconf 90' lang='lat' dir='ltr'>tationi</span> <span class='ocrx_word' id='word_1_197' title='bbox 919 3291 1156 3362; x_wconf 90' lang='lat' dir='ltr'>patrum</span> <span class='ocrx_word' id='word_1_198' title='bbox 1219 3290 1391 3364; x_wconf 88' lang='lat' dir='ltr'>plane</span> <span class='ocrx_word' id='word_1_199' title='bbox 1440 3290 1814 3364; x_wconf 87' lang='lat' dir='ltr'>responderit</span> <span class='ocrx_word' id='word_1_200' title='bbox 1864 3294 1924 3349; x_wconf 83' lang='lat' dir='ltr'>et</span> 
     </span>
     <span class='ocr_line' id='line_1_35' title="bbox 647 3375 1921 3453; baseline 0.002 -22"><span class='ocrx_word' id='word_1_201' title='bbox 647 3375 961 3433; x_wconf 84' lang='lat' dir='ltr'>maximam</span> <span class='ocrx_word' id='word_1_202' title='bbox 1012 3378 1104 3434; x_wconf 87' lang='lat' dir='ltr'>sui</span> <span class='ocrx_word' id='word_1_203' title='bbox 1156 3377 1359 3436; x_wconf 87' lang='lat' dir='ltr'>fecerit</span> <span class='ocrx_word' id='word_1_204' title='bbox 1408 3381 1563 3453; x_wconf 87' lang='lat' dir='ltr'>apud</span> <span class='ocrx_word' id='word_1_205' title='bbox 1610 3379 1782 3436; x_wconf 92' lang='lat' dir='ltr'>Pium</span> <span class='ocrx_word' id='word_1_206' title='bbox 1828 3380 1921 3436; x_wconf 89' lang='lat' dir='ltr'>IV.</span> 
     </span>
     <span class='ocr_line' id='line_1_36' title="bbox 644 3464 1923 3526; baseline 0.005 -7"><span class='ocrx_word' id='word_1_207' title='bbox 644 3464 1156 3526; x_wconf 85' lang='lat' dir='ltr'>existimationem.</span> <span class='ocrx_word' id='word_1_208' title='bbox 1223 3468 1445 3525; x_wconf 83' lang='lat' dir='ltr'>Habuit</span> <span class='ocrx_word' id='word_1_209' title='bbox 1489 3471 1548 3524; x_wconf 90' lang='lat' dir='ltr'>et</span> <span class='ocrx_word' id='word_1_210' title='bbox 1595 3485 1923 3525; x_wconf 85' lang='lat' dir='ltr'>sermonem</span> 
     </span>
     <span class='ocr_line' id='line_1_37' title="bbox 643 3552 1923 3634; baseline 0.005 -25"><span class='ocrx_word' id='word_1_211' title='bbox 643 3553 714 3609; x_wconf 82' lang='lat' dir='ltr'>ad</span> <span class='ocrx_word' id='word_1_212' title='bbox 750 3555 957 3628; x_wconf 84' lang='lat' dir='ltr'>synodi</span> <span class='ocrx_word' id='word_1_213' title='bbox 990 3560 1188 3630; x_wconf 89' lang='lat' dir='ltr'>patres</span> <span class='ocrx_word' id='word_1_214' title='bbox 1223 3552 1408 3634; x_wconf 89' lang='lat' dir='ltr'>(apud</span> <span class='ocrx_word' id='word_1_215' title='bbox 1439 3557 1519 3614; x_wconf 89' lang='lat' dir='ltr'>Le</span> <span class='ocrx_word' id='word_1_216' title='bbox 1553 3556 1686 3613; x_wconf 86' lang='lat' dir='ltr'>Plat</span> <span class='ocrx_word' id='word_1_217' title='bbox 1703 3556 1744 3624; x_wconf 93' lang='grc' dir='ltr'>Ι,</span> <span class='ocrx_word' id='word_1_218' title='bbox 1767 3566 1923 3618; x_wconf 87' lang='grc'><strong>709-</strong></span> 
     </span>
     <span class='ocr_line' id='line_1_38' title="bbox 651 3638 1922 3720; baseline 0 -18"><span class='ocrx_word' id='word_1_219' title='bbox 651 3638 774 3720; x_wconf 86' lang='grc'><strong>19).</strong></span> <span class='ocrx_word' id='word_1_220' title='bbox 809 3642 1127 3702; x_wconf 86' lang='lat' dir='ltr'>Adhibitus</span> <span class='ocrx_word' id='word_1_221' title='bbox 1160 3663 1394 3718; x_wconf 90' lang='lat' dir='ltr'>quoque</span> <span class='ocrx_word' id='word_1_222' title='bbox 1444 3644 1560 3703; x_wconf 89' lang='lat' dir='ltr'>fuit</span> <span class='ocrx_word' id='word_1_223' title='bbox 1611 3664 1744 3703; x_wconf 86' lang='lat' dir='ltr'>cum</span> <span class='ocrx_word' id='word_1_224' title='bbox 1778 3646 1922 3703; x_wconf 89' lang='lat' dir='ltr'>Leo-</span> 
     </span>
     <span class='ocr_line' id='line_1_39' title="bbox 643 3729 1922 3808; baseline 0.005 -23"><span class='ocrx_word' id='word_1_225' title='bbox 643 3729 827 3787; x_wconf 82' lang='lat' dir='ltr'>nardo</span> <span class='ocrx_word' id='word_1_226' title='bbox 881 3732 1169 3789; x_wconf 83' lang='lat' dir='ltr'>Marino</span> <span class='ocrx_word' id='word_1_227' title='bbox 1218 3733 1652 3808; x_wconf 87' lang='lat' dir='ltr'>archiepiscopo</span> <span class='ocrx_word' id='word_1_228' title='bbox 1703 3734 1922 3791; x_wconf 88' lang='lat' dir='ltr'>lancia-</span> 
     </span>
     <span class='ocr_line' id='line_1_40' title="bbox 645 3819 1919 3902; baseline 0.005 -28"><span class='ocrx_word' id='word_1_229' title='bbox 645 3819 810 3875; x_wconf 84' lang='lat' dir='ltr'>nensi</span> <span class='ocrx_word' id='word_1_230' title='bbox 901 3822 962 3875; x_wconf 92' lang='lat' dir='ltr'>et</span> <span class='ocrx_word' id='word_1_231' title='bbox 1051 3820 1299 3896; x_wconf 81' lang='lat' dir='ltr'>Aegidio</span> <span class='ocrx_word' id='word_1_232' title='bbox 1397 3821 1919 3902; x_wconf 67' lang='lat' dir='ltr'>Foseararioss)</span> 
     </span>
    </p>
   </div>
   <div class='ocr_carea' id='block_1_3' title="bbox 799 3962 960 3966">
    <p class='ocr_par' dir='ltr' id='par_1_3' title="bbox 799 3962 960 3966">
     <span class='ocr_line' id='line_1_41' title="bbox 799 3962 960 3966; baseline 0 0"><span class='ocrx_word' id='word_1_233' title='bbox 799 3962 960 3966; x_wconf 95' lang='lat' dir='ltr'> </span> 
     </span>
    </p>
   </div>
   <div class='ocr_carea' id='block_1_4' title="bbox 642 4023 1922 4382">
    <p class='ocr_par' dir='ltr' id='par_1_4' title="bbox 642 4023 1920 4236">
     <span class='ocr_line' id='line_1_42' title="bbox 722 4023 1920 4092; baseline 0.004 -16"><span class='ocrx_word' id='word_1_234' title='bbox 722 4029 757 4092; x_wconf 89' lang='lat'>¹)</span> <span class='ocrx_word' id='word_1_235' title='bbox 787 4023 869 4077; x_wconf 74' lang='lat' dir='ltr'>cf.</span> <span class='ocrx_word' id='word_1_236' title='bbox 896 4023 1118 4077; x_wconf 89' lang='lat' dir='ltr'>Echard</span> <span class='ocrx_word' id='word_1_237' title='bbox 1147 4024 1212 4086; x_wconf 93' lang='grc' dir='ltr'>ΙΙ,</span> <span class='ocrx_word' id='word_1_238' title='bbox 1239 4030 1373 4092; x_wconf 84' lang='grc'><strong>262;</strong></span> <span class='ocrx_word' id='word_1_239' title='bbox 1415 4025 1746 4080; x_wconf 79' lang='lat' dir='ltr'>Pallavicini</span> <span class='ocrx_word' id='word_1_240' title='bbox 1775 4027 1920 4087; x_wconf 83' lang='lat' dir='ltr'>Hist,</span> 
     </span>
     <span class='ocr_line' id='line_1_43' title="bbox 642 4095 1920 4165; baseline 0.004 -19"><span class='ocrx_word' id='word_1_241' title='bbox 642 4112 792 4148; x_wconf 91' lang='lat' dir='ltr'>conc.</span> <span class='ocrx_word' id='word_1_242' title='bbox 822 4095 951 4150; x_wconf 85' lang='lat' dir='ltr'>trid.</span> <span class='ocrx_word' id='word_1_243' title='bbox 980 4095 1016 4150; x_wconf 89' lang='lat' dir='ltr'>l.</span> <span class='ocrx_word' id='word_1_244' title='bbox 1034 4100 1117 4153; x_wconf 93' lang='grc'>18.</span> <span class='ocrx_word' id='word_1_245' title='bbox 1137 4114 1181 4151; x_wconf 90' lang='lat' dir='ltr'>c.</span> <span class='ocrx_word' id='word_1_246' title='bbox 1201 4101 1248 4158; x_wconf 98' lang='grc'>1,</span> <span class='ocrx_word' id='word_1_247' title='bbox 1277 4095 1372 4164; x_wconf 86' lang='lat' dir='ltr'>qui</span> <span class='ocrx_word' id='word_1_248' title='bbox 1390 4097 1510 4165; x_wconf 85' lang='lat' dir='ltr'>ejus</span> <span class='ocrx_word' id='word_1_249' title='bbox 1528 4097 1920 4152; x_wconf 84' lang='lat' dir='ltr'>orthodoxiam</span> 
     </span>
     <span class='ocr_line' id='line_1_44' title="bbox 645 4166 1336 4236; baseline 0 -16"><span class='ocrx_word' id='word_1_250' title='bbox 645 4167 907 4220; x_wconf 82' lang='lat' dir='ltr'>adversus</span> <span class='ocrx_word' id='word_1_251' title='bbox 936 4166 1100 4236; x_wconf 86' lang='lat' dir='ltr'>Sarpi</span> <span class='ocrx_word' id='word_1_252' title='bbox 1128 4169 1336 4220; x_wconf 84' lang='lat' dir='ltr'>tuetur.</span> 
     </span>
    </p>

    <p class='ocr_par' dir='ltr' id='par_1_5' title="bbox 643 4238 1922 4382">
     <span class='ocr_line' id='line_1_45' title="bbox 720 4238 1922 4312; baseline 0.003 -22"><span class='ocrx_word' id='word_1_253' title='bbox 720 4241 758 4310; x_wconf 67' lang='grc'>2)</span> <span class='ocrx_word' id='word_1_254' title='bbox 787 4238 1111 4291; x_wconf 87' lang='lat' dir='ltr'>Leonardus</span> <span class='ocrx_word' id='word_1_255' title='bbox 1137 4239 1409 4291; x_wconf 86' lang='lat' dir='ltr'>Marini</span> <span class='ocrx_word' id='word_1_256' title='bbox 1450 4240 1538 4307; x_wconf 89' lang='lat' dir='ltr'>(de</span> <span class='ocrx_word' id='word_1_257' title='bbox 1567 4240 1820 4312; x_wconf 89' lang='lat' dir='ltr'>Marinis)</span> <span class='ocrx_word' id='word_1_258' title='bbox 1861 4241 1922 4294; x_wconf 91' lang='lat' dir='ltr'>in</span> 
     </span>
     <span class='ocr_line' id='line_1_46' title="bbox 643 4307 1921 4382; baseline 0.004 -21"><span class='ocrx_word' id='word_1_259' title='bbox 643 4308 828 4364; x_wconf 85' lang='lat' dir='ltr'>insula</span> <span class='ocrx_word' id='word_1_260' title='bbox 855 4307 1021 4362; x_wconf 81' lang='lat' dir='ltr'>Chios</span> <span class='ocrx_word' id='word_1_261' title='bbox 1049 4313 1188 4365; x_wconf 88' lang='grc'><strong>1509</strong></span> <span class='ocrx_word' id='word_1_262' title='bbox 1229 4311 1399 4364; x_wconf 88' lang='lat' dir='ltr'>natus</span> <span class='ocrx_word' id='word_1_263' title='bbox 1441 4311 1507 4363; x_wconf 91' lang='lat' dir='ltr'>de</span> <span class='ocrx_word' id='word_1_264' title='bbox 1548 4312 1722 4382; x_wconf 84' lang='lat' dir='ltr'>stirpe</span> <span class='ocrx_word' id='word_1_265' title='bbox 1749 4330 1921 4382; x_wconf 89' lang='lat' dir='ltr'>penes</span> 
     </span>
    </p>
   </div>
   <div class='ocr_carea' id='block_1_5' title="bbox 1279 258 2653 329">
    <p class='ocr_par' dir='ltr' id='par_1_6' title="bbox 1279 258 2653 329">
     <span class='ocr_line' id='line_1_47' title="bbox 1279 258 2653 329; baseline -0.004 -12"><span class='ocrx_word' id='word_1_266' title='bbox 1279 263 1647 317; x_wconf 78' lang='lat'>1581—1600.</span> <span class='ocrx_word' id='word_1_267' title='bbox 1674 258 1937 329; x_wconf 84' lang='lat' dir='ltr'>Exegesis</span> <span class='ocrx_word' id='word_1_268' title='bbox 1962 258 2024 310; x_wconf 89' lang='lat' dir='ltr'>in</span> <span class='ocrx_word' id='word_1_269' title='bbox 2051 258 2348 329; x_wconf 80' lang='lat' dir='ltr'>Hispania.</span> <span class='ocrx_word' id='word_1_270' title='bbox 2378 258 2653 324; x_wconf 81' lang='lat' dir='ltr'>Forerius,</span> 
     </span>
    </p>
   </div>
   <div class='ocr_carea' id='block_1_6' title="bbox 3148 277 3276 331">
    <p class='ocr_par' dir='ltr' id='par_1_7' title="bbox 3148 277 3276 331">
     <span class='ocr_line' id='line_1_48' title="bbox 3148 277 3276 331; baseline 0.008 -1"><span class='ocrx_word' id='word_1_271' title='bbox 3148 277 3276 331; x_wconf 84' lang='lat'>232</span> 
     </span>
    </p>
   </div>
   <div class='ocr_carea' id='block_1_7' title="bbox 1984 443 3274 1594">
    <p class='ocr_par' dir='ltr' id='par_1_8' title="bbox 1984 443 3274 1594">
     <span class='ocr_line' id='line_1_49' title="bbox 1987 443 3266 519; baseline 0.003 -18"><span class='ocrx_word' id='word_1_272' title='bbox 1987 444 2253 519; x_wconf 88' lang='lat' dir='ltr'>episcopo</span> <span class='ocrx_word' id='word_1_273' title='bbox 2305 443 2632 503; x_wconf 86' lang='lat' dir='ltr'>Mutinensi</span> <span class='ocrx_word' id='word_1_274' title='bbox 2682 463 2912 503; x_wconf 89' lang='lat' dir='ltr'>necnon</span> <span class='ocrx_word' id='word_1_275' title='bbox 2962 450 3023 503; x_wconf 92' lang='lat' dir='ltr'>et</span> <span class='ocrx_word' id='word_1_276' title='bbox 3074 447 3266 505; x_wconf 84' lang='lat' dir='ltr'>Mutio</span> 
     </span>
     <span class='ocr_line' id='line_1_50' title="bbox 1987 529 3270 614; baseline 0.002 -23"><span class='ocrx_word' id='word_1_277' title='bbox 1987 532 2239 591; x_wconf 87' lang='lat' dir='ltr'>Calini</span> <span class='ocrx_word' id='word_1_278' title='bbox 2273 531 2366 613; x_wconf 87' lang='lat' dir='ltr'>(cf.</span> <span class='ocrx_word' id='word_1_279' title='bbox 2400 552 2531 609; x_wconf 88' lang='lat' dir='ltr'>pag.</span> <span class='ocrx_word' id='word_1_280' title='bbox 2562 529 2710 614; x_wconf 88' lang='lat'>103)</span> <span class='ocrx_word' id='word_1_281' title='bbox 2746 534 3109 610; x_wconf 82' lang='lat' dir='ltr'>corrigendis</span> <span class='ocrx_word' id='word_1_282' title='bbox 3125 535 3270 593; x_wconf 87' lang='lat' dir='ltr'>mis-</span> 
     </span>
     <span class='ocr_line' id='line_1_51' title="bbox 1988 622 3274 681; baseline 0.002 -2"><span class='ocrx_word' id='word_1_283' title='bbox 1988 622 2099 679; x_wconf 88' lang='lat' dir='ltr'>sali</span> <span class='ocrx_word' id='word_1_284' title='bbox 2131 624 2193 679; x_wconf 88' lang='lat' dir='ltr'>et</span> <span class='ocrx_word' id='word_1_285' title='bbox 2210 622 2503 680; x_wconf 79' lang='lat' dir='ltr'>breviario</span> <span class='ocrx_word' id='word_1_286' title='bbox 2523 640 2765 681; x_wconf 88' lang='lat' dir='ltr'>romano</span> <span class='ocrx_word' id='word_1_287' title='bbox 2785 628 2847 681; x_wconf 89' lang='lat' dir='ltr'>et</span> <span class='ocrx_word' id='word_1_288' title='bbox 2865 624 3274 681; x_wconf 87' lang='lat' dir='ltr'>concinnando</span> 
     </span>
     <span class='ocr_line' id='line_1_52' title="bbox 1988 711 3271 785; baseline 0.002 -17"><span class='ocrx_word' id='word_1_289' title='bbox 1988 711 2340 770; x_wconf 87' lang='lat' dir='ltr'>catechismo</span> <span class='ocrx_word' id='word_1_290' title='bbox 2373 711 2446 769; x_wconf 86' lang='lat' dir='ltr'>ad</span> <span class='ocrx_word' id='word_1_291' title='bbox 2468 712 2771 785; x_wconf 86' lang='lat' dir='ltr'>parochos,</span> <span class='ocrx_word' id='word_1_292' title='bbox 2825 715 2886 769; x_wconf 90' lang='lat' dir='ltr'>et</span> <span class='ocrx_word' id='word_1_293' title='bbox 2919 714 2968 770; x_wconf 89' lang='lat' dir='ltr'>si</span> <span class='ocrx_word' id='word_1_294' title='bbox 3002 713 3144 770; x_wconf 86' lang='lat' dir='ltr'>fides</span> <span class='ocrx_word' id='word_1_295' title='bbox 3177 716 3271 770; x_wconf 86' lang='lat' dir='ltr'>est</span> 
     </span>
     <span class='ocr_line' id='line_1_53' title="bbox 1988 799 3270 877; baseline 0.002 -21"><span class='ocrx_word' id='word_1_296' title='bbox 1988 799 2320 858; x_wconf 83' lang='lat' dir='ltr'>adhibenda</span> <span class='ocrx_word' id='word_1_297' title='bbox 2383 801 2663 869; x_wconf 87' lang='lat' dir='ltr'>Munoz,</span> <span class='ocrx_word' id='word_1_298' title='bbox 2728 800 2939 877; x_wconf 84' lang='lat' dir='ltr'>synodi</span> <span class='ocrx_word' id='word_1_299' title='bbox 2999 802 3270 876; x_wconf 86' lang='lat' dir='ltr'>patribus</span> 
     </span>
     <span class='ocr_line' id='line_1_54' title="bbox 1987 888 3268 970; baseline 0.002 -25"><span class='ocrx_word' id='word_1_300' title='bbox 1987 888 2128 947; x_wconf 85' lang='lat' dir='ltr'>adeo</span> <span class='ocrx_word' id='word_1_301' title='bbox 2161 892 2466 970; x_wconf 87' lang='lat' dir='ltr'>perspecta</span> <span class='ocrx_word' id='word_1_302' title='bbox 2498 889 2864 964; x_wconf 86' lang='lat' dir='ltr'>probataque</span> <span class='ocrx_word' id='word_1_303' title='bbox 2896 894 3025 947; x_wconf 89' lang='lat' dir='ltr'>erat</span> <span class='ocrx_word' id='word_1_304' title='bbox 3046 891 3268 948; x_wconf 85' lang='lat' dir='ltr'>Forerii</span> 
     </span>
     <span class='ocr_line' id='line_1_55' title="bbox 1986 976 3269 1048; baseline 0.002 -14"><span class='ocrx_word' id='word_1_305' title='bbox 1986 976 2240 1036; x_wconf 84' lang='lat' dir='ltr'>eruditio</span> <span class='ocrx_word' id='word_1_306' title='bbox 2291 982 2353 1035; x_wconf 87' lang='lat' dir='ltr'>et</span> <span class='ocrx_word' id='word_1_307' title='bbox 2398 978 2654 1048; x_wconf 80' lang='lat' dir='ltr'>solertia,</span> <span class='ocrx_word' id='word_1_308' title='bbox 2703 982 2773 1036; x_wconf 91' lang='lat' dir='ltr'>ut</span> <span class='ocrx_word' id='word_1_309' title='bbox 2834 978 2988 1037; x_wconf 90' lang='lat' dir='ltr'>sacri</span> <span class='ocrx_word' id='word_1_310' title='bbox 3038 980 3269 1037; x_wconf 90' lang='lat' dir='ltr'>concilii</span> 
     </span>
     <span class='ocr_line' id='line_1_56' title="bbox 1986 1067 3271 1143; baseline 0.002 -20"><span class='ocrx_word' id='word_1_311' title='bbox 1986 1070 2187 1124; x_wconf 84' lang='lat' dir='ltr'>textus</span> <span class='ocrx_word' id='word_1_312' title='bbox 2222 1067 2365 1141; x_wconf 90' lang='lat' dir='ltr'>ipse,</span> <span class='ocrx_word' id='word_1_313' title='bbox 2400 1085 2516 1141; x_wconf 90' lang='lat' dir='ltr'>quo</span> <span class='ocrx_word' id='word_1_314' title='bbox 2547 1067 2719 1127; x_wconf 90' lang='lat' dir='ltr'>modo</span> <span class='ocrx_word' id='word_1_315' title='bbox 2751 1067 2997 1137; x_wconf 88' lang='lat' dir='ltr'>utimur,</span> <span class='ocrx_word' id='word_1_316' title='bbox 3031 1068 3104 1125; x_wconf 94' lang='lat' dir='ltr'>ab</span> <span class='ocrx_word' id='word_1_317' title='bbox 3139 1069 3271 1143; x_wconf 86' lang='lat' dir='ltr'>ipso</span> 
     </span>
     <span class='ocr_line' id='line_1_57' title="bbox 1987 1155 3265 1231; baseline 0.002 -20"><span class='ocrx_word' id='word_1_318' title='bbox 1987 1155 2289 1228; x_wconf 84' lang='lat' dir='ltr'>prodierit.</span> <span class='ocrx_word' id='word_1_319' title='bbox 2316 1157 2800 1231; x_wconf 81' lang='lat' dir='ltr'>Congregationis</span> <span class='ocrx_word' id='word_1_320' title='bbox 2830 1175 2939 1231; x_wconf 87' lang='lat' dir='ltr'>pro</span> <span class='ocrx_word' id='word_1_321' title='bbox 2956 1157 3265 1215; x_wconf 86' lang='lat' dir='ltr'>conficien-</span> 
     </span>
     <span class='ocr_line' id='line_1_58' title="bbox 1986 1242 3262 1319; baseline 0.002 -19"><span class='ocrx_word' id='word_1_322' title='bbox 1986 1242 2060 1301; x_wconf 91' lang='lat' dir='ltr'>do</span> <span class='ocrx_word' id='word_1_323' title='bbox 2094 1244 2155 1306; x_wconf 87' lang='lat' dir='ltr'>ll.</span> <span class='ocrx_word' id='word_1_324' title='bbox 2186 1245 2621 1319; x_wconf 89' lang='lat' dir='ltr'>prohibitorum</span> <span class='ocrx_word' id='word_1_325' title='bbox 2665 1245 2858 1304; x_wconf 88' lang='lat' dir='ltr'>indice</span> <span class='ocrx_word' id='word_1_326' title='bbox 2905 1249 3033 1303; x_wconf 83' lang='lat' dir='ltr'>erat</span> <span class='ocrx_word' id='word_1_327' title='bbox 3077 1264 3262 1304; x_wconf 85' lang='lat' dir='ltr'>secre-</span> 
     </span>
     <span class='ocr_line' id='line_1_59' title="bbox 1984 1333 3267 1409; baseline 0.003 -20"><span class='ocrx_word' id='word_1_328' title='bbox 1984 1333 2189 1399; x_wconf 86' lang='lat' dir='ltr'>tarius,</span> <span class='ocrx_word' id='word_1_329' title='bbox 2225 1338 2286 1391; x_wconf 90' lang='lat' dir='ltr'>et</span> <span class='ocrx_word' id='word_1_330' title='bbox 2316 1334 2503 1409; x_wconf 89' lang='lat' dir='ltr'>ipsius</span> <span class='ocrx_word' id='word_1_331' title='bbox 2552 1336 2645 1393; x_wconf 87' lang='lat' dir='ltr'>est</span> <span class='ocrx_word' id='word_1_332' title='bbox 2693 1334 2766 1391; x_wconf 90' lang='lat' dir='ltr'>ad</span> <span class='ocrx_word' id='word_1_333' title='bbox 2812 1334 3065 1392; x_wconf 89' lang='lat' dir='ltr'>eundem</span> <span class='ocrx_word' id='word_1_334' title='bbox 3097 1353 3267 1409; x_wconf 88' lang='lat' dir='ltr'>prae-</span> 
     </span>
     <span class='ocr_line' id='line_1_60' title="bbox 1984 1417 3270 1502; baseline 0.003 -25"><span class='ocrx_word' id='word_1_335' title='bbox 1984 1420 2127 1479; x_wconf 88' lang='lat' dir='ltr'>fatio</span> <span class='ocrx_word' id='word_1_336' title='bbox 2163 1417 2224 1502; x_wconf 90' lang='lat'>(†</span> <span class='ocrx_word' id='word_1_337' title='bbox 2264 1433 2356 1485; x_wconf 91' lang='grc'>10.</span> <span class='ocrx_word' id='word_1_338' title='bbox 2379 1423 2510 1485; x_wconf 86' lang='lat' dir='ltr'>Jan.</span> <span class='ocrx_word' id='word_1_339' title='bbox 2543 1421 2752 1502; x_wconf 87' lang='grc'><strong>1581).</strong></span> <span class='ocrx_word' id='word_1_340' title='bbox 2787 1422 2986 1481; x_wconf 87' lang='lat' dir='ltr'>Laude</span> <span class='ocrx_word' id='word_1_341' title='bbox 3019 1422 3270 1499; x_wconf 81' lang='lat' dir='ltr'>dignum</span> 
     </span>
     <span class='ocr_line' id='line_1_61' title="bbox 1986 1508 3270 1594; baseline 0 -26"><span class='ocrx_word' id='word_1_342' title='bbox 1986 1514 2077 1568; x_wconf 89' lang='lat' dir='ltr'>est</span> <span class='ocrx_word' id='word_1_343' title='bbox 2113 1511 2243 1585; x_wconf 87' lang='lat' dir='ltr'>ejus</span> <span class='ocrx_word' id='word_1_344' title='bbox 2278 1527 2428 1586; x_wconf 89' lang='lat' dir='ltr'>opus</span> <span class='ocrx_word' id='word_1_345' title='bbox 2444 1508 2523 1594; x_wconf 89' lang='lat'>¹):</span> <span class='ocrx_word' id='word_1_346' title='bbox 2560 1513 2752 1571; x_wconf 72' lang='lat' dir='ltr'>Isaiae</span> <span class='ocrx_word' id='word_1_347' title='bbox 2777 1513 3090 1587; x_wconf 74' lang='lat' dir='ltr'>prophetae</span> <span class='ocrx_word' id='word_1_348' title='bbox 3116 1520 3270 1569; x_wconf 77' lang='lat' dir='ltr'>cetus</span> 
     </span>
    </p>
   </div>
   <div class='ocr_carea' id='block_1_8' title="bbox 1990 1635 2308 1642">
    <p class='ocr_par' dir='ltr' id='par_1_9' title="bbox 1990 1635 2308 1642">
     <span class='ocr_line' id='line_1_62' title="bbox 1990 1635 2308 1642; baseline 0 3551"><span class='ocrx_word' id='word_1_349' title='bbox 1990 1635 2308 1642; x_wconf 95' lang='lat' dir='ltr'> </span> 
     </span>
    </p>
   </div>
   <div class='ocr_carea' id='block_1_9' title="bbox 1978 1681 3270 4386">
    <p class='ocr_par' dir='ltr' id='par_1_10' title="bbox 1978 1681 3270 4167">
     <span class='ocr_line' id='line_1_63' title="bbox 1984 1681 3270 1750; baseline 0 -16"><span class='ocrx_word' id='word_1_350' title='bbox 1984 1681 2320 1735; x_wconf 83' lang='lat' dir='ltr'>administer</span> <span class='ocrx_word' id='word_1_351' title='bbox 2336 1685 2392 1735; x_wconf 86' lang='lat' dir='ltr'>et</span> <span class='ocrx_word' id='word_1_352' title='bbox 2407 1683 2466 1733; x_wconf 90' lang='lat' dir='ltr'>in</span> <span class='ocrx_word' id='word_1_353' title='bbox 2485 1683 2653 1735; x_wconf 85' lang='lat' dir='ltr'>variis</span> <span class='ocrx_word' id='word_1_354' title='bbox 2673 1681 2959 1734; x_wconf 86' lang='lat' dir='ltr'>adhibitus</span> <span class='ocrx_word' id='word_1_355' title='bbox 2974 1682 3270 1750; x_wconf 82' lang='lat' dir='ltr'>legationi·</span> 
     </span>
     <span class='ocr_line' id='line_1_64' title="bbox 1985 1752 3263 1821; baseline 0.003 -17"><span class='ocrx_word' id='word_1_356' title='bbox 1985 1752 2103 1816; x_wconf 85' lang='lat' dir='ltr'>bus,</span> <span class='ocrx_word' id='word_1_357' title='bbox 2131 1768 2274 1820; x_wconf 89' lang='lat' dir='ltr'>quas</span> <span class='ocrx_word' id='word_1_358' title='bbox 2298 1753 2608 1821; x_wconf 87' lang='lat' dir='ltr'>prudenter</span> <span class='ocrx_word' id='word_1_359' title='bbox 2635 1752 2830 1807; x_wconf 79' lang='lat' dir='ltr'>obivit.</span> <span class='ocrx_word' id='word_1_360' title='bbox 2858 1756 2907 1805; x_wconf 82' lang='lat' dir='ltr'>A</span> <span class='ocrx_word' id='word_1_361' title='bbox 2934 1753 3033 1807; x_wconf 90' lang='lat' dir='ltr'>Pio</span> <span class='ocrx_word' id='word_1_362' title='bbox 3062 1753 3148 1807; x_wconf 87' lang='lat' dir='ltr'>lV.</span> <span class='ocrx_word' id='word_1_363' title='bbox 3172 1753 3263 1807; x_wconf 87' lang='lat' dir='ltr'>de·</span> 
     </span>
     <span class='ocr_line' id='line_1_65' title="bbox 1983 1824 3268 1895; baseline 0.001 -20"><span class='ocrx_word' id='word_1_364' title='bbox 1983 1824 2239 1891; x_wconf 77' lang='lat' dir='ltr'>signatus</span> <span class='ocrx_word' id='word_1_365' title='bbox 2290 1827 2376 1878; x_wconf 90' lang='lat' dir='ltr'>est</span> <span class='ocrx_word' id='word_1_366' title='bbox 2423 1826 2719 1895; x_wconf 89' lang='lat' dir='ltr'>episcopus</span> <span class='ocrx_word' id='word_1_367' title='bbox 2769 1824 3148 1878; x_wconf 85' lang='lat' dir='ltr'>lancianensis</span> <span class='ocrx_word' id='word_1_368' title='bbox 3208 1825 3268 1876; x_wconf 86' lang='lat' dir='ltr'>in</span> 
     </span>
     <span class='ocr_line' id='line_1_66' title="bbox 1984 1894 3265 1964; baseline 0.001 -17"><span class='ocrx_word' id='word_1_369' title='bbox 1984 1895 2224 1964; x_wconf 88' lang='lat' dir='ltr'>Aprutio</span> <span class='ocrx_word' id='word_1_370' title='bbox 2253 1899 2406 1960; x_wconf 86' lang='grc'><strong>1560,</strong></span> <span class='ocrx_word' id='word_1_371' title='bbox 2437 1912 2583 1964; x_wconf 88' lang='lat' dir='ltr'>quae</span> <span class='ocrx_word' id='word_1_372' title='bbox 2625 1894 2782 1949; x_wconf 89' lang='lat' dir='ltr'>sedes</span> <span class='ocrx_word' id='word_1_373' title='bbox 2820 1913 2947 1949; x_wconf 83' lang='lat' dir='ltr'>mox</span> <span class='ocrx_word' id='word_1_374' title='bbox 2978 1896 3038 1948; x_wconf 90' lang='lat' dir='ltr'>in</span> <span class='ocrx_word' id='word_1_375' title='bbox 3066 1898 3265 1949; x_wconf 89' lang='lat' dir='ltr'>metro-</span> 
     </span>
     <span class='ocr_line' id='line_1_67' title="bbox 1983 1964 3267 2034; baseline 0.001 -15"><span class='ocrx_word' id='word_1_376' title='bbox 1983 1964 2297 2034; x_wconf 79' lang='lat' dir='ltr'>politanam</span> <span class='ocrx_word' id='word_1_377' title='bbox 2325 1966 2440 2020; x_wconf 78' lang='lat' dir='ltr'>fuit</span> <span class='ocrx_word' id='word_1_378' title='bbox 2465 1969 2673 2021; x_wconf 84' lang='lat' dir='ltr'>evecta.</span> <span class='ocrx_word' id='word_1_379' title='bbox 2718 1967 2985 2020; x_wconf 81' lang='lat' dir='ltr'>Interfuit</span> <span class='ocrx_word' id='word_1_380' title='bbox 3025 1966 3267 2021; x_wconf 90' lang='lat' dir='ltr'>concilio</span> 
     </span>
     <span class='ocr_line' id='line_1_68' title="bbox 1984 2037 3266 2107; baseline 0.002 -18"><span class='ocrx_word' id='word_1_381' title='bbox 1984 2037 2311 2102; x_wconf 83' lang='lat' dir='ltr'>tridentino,</span> <span class='ocrx_word' id='word_1_382' title='bbox 2352 2038 2413 2091; x_wconf 90' lang='lat' dir='ltr'>in</span> <span class='ocrx_word' id='word_1_383' title='bbox 2454 2055 2568 2106; x_wconf 92' lang='lat' dir='ltr'>quo</span> <span class='ocrx_word' id='word_1_384' title='bbox 2608 2054 2819 2107; x_wconf 85' lang='lat' dir='ltr'>magna</span> <span class='ocrx_word' id='word_1_385' title='bbox 2843 2041 2964 2092; x_wconf 85' lang='lat' dir='ltr'>erat</span> <span class='ocrx_word' id='word_1_386' title='bbox 2989 2040 3111 2107; x_wconf 85' lang='lat' dir='ltr'>ejus</span> <span class='ocrx_word' id='word_1_387' title='bbox 3140 2054 3266 2092; x_wconf 88' lang='lat' dir='ltr'>auc·</span> 
     </span>
     <span class='ocr_line' id='line_1_69' title="bbox 1983 2108 3267 2180; baseline -0.002 -18"><span class='ocrx_word' id='word_1_388' title='bbox 1983 2108 2197 2162; x_wconf 85' lang='lat' dir='ltr'>toritas.</span> <span class='ocrx_word' id='word_1_389' title='bbox 2251 2111 2271 2161; x_wconf 96' lang='lat' dir='ltr'>I</span> <span class='ocrx_word' id='word_1_390' title='bbox 2279 2125 2376 2177; x_wconf 87' lang='lat' dir='ltr'>pse</span> <span class='ocrx_word' id='word_1_391' title='bbox 2420 2109 2569 2163; x_wconf 85' lang='lat' dir='ltr'>inter</span> <span class='ocrx_word' id='word_1_392' title='bbox 2614 2125 2706 2163; x_wconf 90' lang='lat' dir='ltr'>eos</span> <span class='ocrx_word' id='word_1_393' title='bbox 2732 2109 2861 2174; x_wconf 82' lang='lat' dir='ltr'>fuit,</span> <span class='ocrx_word' id='word_1_394' title='bbox 2903 2111 3115 2180; x_wconf 89' lang='lat' dir='ltr'>quibus</span> <span class='ocrx_word' id='word_1_395' title='bbox 3142 2126 3267 2163; x_wconf 90' lang='lat' dir='ltr'>con-</span> 
     </span>
     <span class='ocr_line' id='line_1_70' title="bbox 1982 2180 3268 2250; baseline 0 -18"><span class='ocrx_word' id='word_1_396' title='bbox 1982 2180 2261 2233; x_wconf 86' lang='lat' dir='ltr'>creditum</span> <span class='ocrx_word' id='word_1_397' title='bbox 2301 2197 2511 2234; x_wconf 88' lang='lat' dir='ltr'>munus</span> <span class='ocrx_word' id='word_1_398' title='bbox 2553 2181 2905 2250; x_wconf 88' lang='lat' dir='ltr'>proponendi</span> <span class='ocrx_word' id='word_1_399' title='bbox 2940 2198 3183 2235; x_wconf 82' lang='lat' dir='ltr'>canones</span> <span class='ocrx_word' id='word_1_400' title='bbox 3210 2182 3268 2232; x_wconf 89' lang='lat' dir='ltr'>et</span> 
     </span>
     <span class='ocr_line' id='line_1_71' title="bbox 1982 2250 3268 2320; baseline 0 -18"><span class='ocrx_word' id='word_1_401' title='bbox 1982 2250 2272 2304; x_wconf 88' lang='lat' dir='ltr'>doctrinae</span> <span class='ocrx_word' id='word_1_402' title='bbox 2300 2251 2489 2320; x_wconf 88' lang='lat' dir='ltr'>capita</span> <span class='ocrx_word' id='word_1_403' title='bbox 2529 2252 2598 2305; x_wconf 90' lang='lat' dir='ltr'>de</span> <span class='ocrx_word' id='word_1_404' title='bbox 2625 2252 2969 2306; x_wconf 83' lang='lat' dir='ltr'>eucharistia</span> <span class='ocrx_word' id='word_1_405' title='bbox 2996 2252 3268 2305; x_wconf 45' lang='lat' dir='ltr'>delibera?</span> 
     </span>
     <span class='ocr_line' id='line_1_72' title="bbox 1981 2321 3266 2391; baseline 0.001 -17"><span class='ocrx_word' id='word_1_406' title='bbox 1981 2322 2129 2375; x_wconf 90' lang='lat' dir='ltr'>tioni</span> <span class='ocrx_word' id='word_1_407' title='bbox 2176 2321 2420 2379; x_wconf 89' lang='lat' dir='ltr'>concilii.</span> <span class='ocrx_word' id='word_1_408' title='bbox 2485 2323 2676 2376; x_wconf 87' lang='lat' dir='ltr'>Finita</span> <span class='ocrx_word' id='word_1_409' title='bbox 2724 2325 2937 2391; x_wconf 85' lang='lat' dir='ltr'>synodo</span> <span class='ocrx_word' id='word_1_410' title='bbox 2987 2323 3159 2376; x_wconf 89' lang='lat' dir='ltr'>rediit</span> <span class='ocrx_word' id='word_1_411' title='bbox 3204 2322 3266 2374; x_wconf 90' lang='lat' dir='ltr'>in</span> 
     </span>
     <span class='ocr_line' id='line_1_73' title="bbox 1982 2393 3265 2464; baseline -0.002 -17"><span class='ocrx_word' id='word_1_412' title='bbox 1982 2393 2296 2458; x_wconf 84' lang='lat' dir='ltr'>dioecesim,</span> <span class='ocrx_word' id='word_1_413' title='bbox 2331 2397 2395 2449; x_wconf 84' lang='lat' dir='ltr'>ut</span> <span class='ocrx_word' id='word_1_414' title='bbox 2436 2393 2775 2449; x_wconf 81' lang='lat' dir='ltr'>exsecutioni</span> <span class='ocrx_word' id='word_1_415' title='bbox 2802 2395 3100 2447; x_wconf 81' lang='lat' dir='ltr'>mandaret</span> <span class='ocrx_word' id='word_1_416' title='bbox 3123 2395 3265 2464; x_wconf 88' lang='lat' dir='ltr'>ejus·</span> 
     </span>
     <span class='ocr_line' id='line_1_74' title="bbox 1983 2464 3265 2533; baseline 0.001 -17"><span class='ocrx_word' id='word_1_417' title='bbox 1983 2465 2108 2517; x_wconf 91' lang='lat' dir='ltr'>dem</span> <span class='ocrx_word' id='word_1_418' title='bbox 2136 2465 2378 2530; x_wconf 87' lang='lat' dir='ltr'>decreta,</span> <span class='ocrx_word' id='word_1_419' title='bbox 2406 2466 2503 2518; x_wconf 86' lang='lat' dir='ltr'>sed</span> <span class='ocrx_word' id='word_1_420' title='bbox 2530 2484 2580 2520; x_wconf 91' lang='lat' dir='ltr'>a.</span> <span class='ocrx_word' id='word_1_421' title='bbox 2612 2471 2747 2522; x_wconf 85' lang='grc'><strong>1566</strong></span> <span class='ocrx_word' id='word_1_422' title='bbox 2779 2465 2898 2519; x_wconf 86' lang='lat' dir='ltr'>sedi</span> <span class='ocrx_word' id='word_1_423' title='bbox 2936 2481 3072 2518; x_wconf 86' lang='lat' dir='ltr'>suae</span> <span class='ocrx_word' id='word_1_424' title='bbox 3098 2464 3265 2533; x_wconf 80' lang='lat' dir='ltr'>resig-</span> 
     </span>
     <span class='ocr_line' id='line_1_75' title="bbox 1983 2535 3262 2606; baseline 0.002 -21"><span class='ocrx_word' id='word_1_425' title='bbox 1983 2535 2160 2589; x_wconf 82' lang='lat' dir='ltr'>navit.</span> <span class='ocrx_word' id='word_1_426' title='bbox 2215 2536 2420 2589; x_wconf 89' lang='lat' dir='ltr'>Verum</span> <span class='ocrx_word' id='word_1_427' title='bbox 2462 2536 2595 2590; x_wconf 89' lang='lat' dir='ltr'>Pius</span> <span class='ocrx_word' id='word_1_428' title='bbox 2624 2537 2687 2591; x_wconf 88' lang='lat' dir='ltr'>V.</span> <span class='ocrx_word' id='word_1_429' title='bbox 2730 2553 2793 2589; x_wconf 87' lang='lat' dir='ltr'>ex</span> <span class='ocrx_word' id='word_1_430' title='bbox 2836 2537 3028 2606; x_wconf 88' lang='lat' dir='ltr'>quiete</span> <span class='ocrx_word' id='word_1_431' title='bbox 3057 2535 3262 2589; x_wconf 86' lang='lat' dir='ltr'>iterum</span> 
     </span>
     <span class='ocr_line' id='line_1_76' title="bbox 1980 2607 3267 2674; baseline 0.001 -15"><span class='ocrx_word' id='word_1_432' title='bbox 1980 2607 2273 2660; x_wconf 84' lang='lat' dir='ltr'>revocavit</span> <span class='ocrx_word' id='word_1_433' title='bbox 2296 2608 2367 2660; x_wconf 88' lang='lat' dir='ltr'>ad</span> <span class='ocrx_word' id='word_1_434' title='bbox 2396 2608 2630 2674; x_wconf 85' lang='lat' dir='ltr'>labores,</span> <span class='ocrx_word' id='word_1_435' title='bbox 2658 2625 2789 2661; x_wconf 86' lang='lat' dir='ltr'>nam</span> <span class='ocrx_word' id='word_1_436' title='bbox 2811 2626 2940 2662; x_wconf 89' lang='lat' dir='ltr'>eum</span> <span class='ocrx_word' id='word_1_437' title='bbox 2970 2607 3267 2663; x_wconf 86' lang='lat' dir='ltr'>constituit</span> 
     </span>
     <span class='ocr_line' id='line_1_77' title="bbox 1982 2678 3264 2748; baseline 0.002 -18"><span class='ocrx_word' id='word_1_438' title='bbox 1982 2678 2312 2746; x_wconf 89' lang='lat' dir='ltr'>episcopum</span> <span class='ocrx_word' id='word_1_439' title='bbox 2324 2679 2611 2733; x_wconf 79' lang='lat' dir='ltr'>albensem</span> <span class='ocrx_word' id='word_1_440' title='bbox 2632 2681 2691 2734; x_wconf 86' lang='lat' dir='ltr'>et</span> <span class='ocrx_word' id='word_1_441' title='bbox 2701 2695 2871 2748; x_wconf 86' lang='lat' dir='ltr'>super</span> <span class='ocrx_word' id='word_1_442' title='bbox 2886 2679 2985 2732; x_wconf 85' lang='lat' dir='ltr'>XX</span> <span class='ocrx_word' id='word_1_443' title='bbox 2996 2680 3042 2732; x_wconf 91' lang='lat' dir='ltr'>V</span> <span class='ocrx_word' id='word_1_444' title='bbox 3059 2680 3264 2748; x_wconf 89' lang='lat' dir='ltr'>episco-</span> 
     </span>
     <span class='ocr_line' id='line_1_78' title="bbox 1981 2749 3263 2820; baseline -0.001 -17"><span class='ocrx_word' id='word_1_445' title='bbox 1981 2751 2153 2818; x_wconf 85' lang='lat' dir='ltr'>patus</span> <span class='ocrx_word' id='word_1_446' title='bbox 2182 2749 2530 2804; x_wconf 82' lang='lat' dir='ltr'>visitatorem</span> <span class='ocrx_word' id='word_1_447' title='bbox 2559 2750 2939 2820; x_wconf 88' lang='lat' dir='ltr'>apostolicum</span> <span class='ocrx_word' id='word_1_448' title='bbox 2965 2757 3013 2818; x_wconf 63' lang='lat' dir='ltr'>st</span> <span class='ocrx_word' id='word_1_449' title='bbox 3032 2751 3263 2807; x_wconf 78' lang='lat' dir='ltr'>11..1un.</span> 
     </span>
     <span class='ocr_line' id='line_1_79' title="bbox 1982 2820 3265 2891; baseline -0.002 -15"><span class='ocrx_word' id='word_1_450' title='bbox 1982 2825 2157 2891; x_wconf 82' lang='lat'>1573).</span> <span class='ocrx_word' id='word_1_451' title='bbox 2187 2821 2323 2874; x_wconf 84' lang='lat' dir='ltr'>Cum</span> <span class='ocrx_word' id='word_1_452' title='bbox 2344 2822 2565 2876; x_wconf 88' lang='lat' dir='ltr'>duobus</span> <span class='ocrx_word' id='word_1_453' title='bbox 2582 2821 3041 2891; x_wconf 84' lang='lat' dir='ltr'>sodalibusjussu</span> <span class='ocrx_word' id='word_1_454' title='bbox 3064 2820 3265 2890; x_wconf 84' lang='lat' dir='ltr'>synodi</span> 
     </span>
     <span class='ocr_line' id='line_1_80' title="bbox 1982 2892 3263 2961; baseline 0.001 -18"><span class='ocrx_word' id='word_1_455' title='bbox 1982 2908 2210 2960; x_wconf 85' lang='lat' dir='ltr'>operam</span> <span class='ocrx_word' id='word_1_456' title='bbox 2254 2892 2377 2961; x_wconf 86' lang='lat' dir='ltr'>ipsc</span> <span class='ocrx_word' id='word_1_457' title='bbox 2418 2893 2661 2946; x_wconf 88' lang='lat' dir='ltr'>contulit</span> <span class='ocrx_word' id='word_1_458' title='bbox 2699 2893 2772 2946; x_wconf 86' lang='lat' dir='ltr'>ad</span> <span class='ocrx_word' id='word_1_459' title='bbox 2806 2892 3263 2948; x_wconf 87' lang='lat' dir='ltr'>concinnandum</span> 
     </span>
     <span class='ocr_line' id='line_1_81' title="bbox 1980 2963 3266 3034; baseline -0.001 -19"><span class='ocrx_word' id='word_1_460' title='bbox 1980 2967 2347 3018; x_wconf 77' lang='lat' dir='ltr'>catechismum</span> <span class='ocrx_word' id='word_1_461' title='bbox 2358 2983 2638 3018; x_wconf 82' lang='lat' dir='ltr'>romanum</span> <span class='ocrx_word' id='word_1_462' title='bbox 2650 2965 2935 3034; x_wconf 84' lang='lat' dir='ltr'>,·contulit</span> <span class='ocrx_word' id='word_1_463' title='bbox 2958 2967 3015 3018; x_wconf 87' lang='lat' dir='ltr'>et</span> <span class='ocrx_word' id='word_1_464' title='bbox 3038 2964 3110 3017; x_wconf 87' lang='lat' dir='ltr'>ad</span> <span class='ocrx_word' id='word_1_465' title='bbox 3126 2963 3266 3016; x_wconf 87' lang='lat' dir='ltr'>revi-</span> 
     </span>
     <span class='ocr_line' id='line_1_82' title="bbox 1980 3034 3262 3106; baseline 0.002 -20"><span class='ocrx_word' id='word_1_466' title='bbox 1980 3034 2193 3089; x_wconf 87' lang='lat' dir='ltr'>sionem</span> <span class='ocrx_word' id='word_1_467' title='bbox 2207 3034 2479 3088; x_wconf 81' lang='lat' dir='ltr'>Breviarii</span> <span class='ocrx_word' id='word_1_468' title='bbox 2498 3038 2555 3089; x_wconf 88' lang='lat' dir='ltr'>et</span> <span class='ocrx_word' id='word_1_469' title='bbox 2571 3035 2812 3088; x_wconf 85' lang='lat' dir='ltr'>Missalis</span> <span class='ocrx_word' id='word_1_470' title='bbox 2829 3036 3046 3089; x_wconf 87' lang='lat' dir='ltr'>romani</span> <span class='ocrx_word' id='word_1_471' title='bbox 3065 3037 3262 3106; x_wconf 79' lang='lat'>(1570).</span> 
     </span>
     <span class='ocr_line' id='line_1_83' title="bbox 1983 3105 3262 3175; baseline -0.001 -17"><span class='ocrx_word' id='word_1_472' title='bbox 1983 3105 2063 3159; x_wconf 90' lang='lat' dir='ltr'>Cf.</span> <span class='ocrx_word' id='word_1_473' title='bbox 2095 3105 2316 3160; x_wconf 85' lang='lat' dir='ltr'>Echard</span> <span class='ocrx_word' id='word_1_474' title='bbox 2347 3107 2410 3172; x_wconf 92' lang='lat'>11,</span> <span class='ocrx_word' id='word_1_475' title='bbox 2452 3111 2557 3164; x_wconf 87' lang='grc'>228</span> <span class='ocrx_word' id='word_1_476' title='bbox 2600 3127 2641 3160; x_wconf 88' lang='lat' dir='ltr'>s.</span> <span class='ocrx_word' id='word_1_477' title='bbox 2690 3107 2939 3175; x_wconf 80' lang='lat' dir='ltr'>Morgott</span> <span class='ocrx_word' id='word_1_478' title='bbox 2980 3107 3090 3160; x_wconf 84' lang='lat' dir='ltr'>KL.</span> <span class='ocrx_word' id='word_1_479' title='bbox 3132 3105 3262 3159; x_wconf 83' lang='lat' dir='ltr'>VIII</span> 
     </span>
     <span class='ocr_line' id='line_1_84' title="bbox 1980 3177 3267 3248; baseline -0.002 -16"><span class='ocrx_word' id='word_1_480' title='bbox 1980 3180 2101 3233; x_wconf 79' lang='lat'>859.</span> <span class='ocrx_word' id='word_1_481' title='bbox 2118 3211 2181 3217; x_wconf 41' lang='grc' dir='ltr'>-ω</span> <span class='ocrx_word' id='word_1_482' title='bbox 2197 3179 2334 3246; x_wconf 85' lang='lat' dir='ltr'>Aeg.</span> <span class='ocrx_word' id='word_1_483' title='bbox 2350 3178 2391 3230; x_wconf 78' lang='lat' dir='ltr'><strong>F</strong></span> <span class='ocrx_word' id='word_1_484' title='bbox 2409 3195 2440 3230; x_wconf 97' lang='lat' dir='ltr'>o</span> <span class='ocrx_word' id='word_1_485' title='bbox 2457 3197 2481 3230; x_wconf 91' lang='lat' dir='ltr'>s</span> <span class='ocrx_word' id='word_1_486' title='bbox 2494 3194 2524 3231; x_wconf 88' lang='lat' dir='ltr'>c</span> <span class='ocrx_word' id='word_1_487' title='bbox 2539 3196 2573 3232; x_wconf 85' lang='lat' dir='ltr'>a</span> <span class='ocrx_word' id='word_1_488' title='bbox 2588 3197 2614 3230; x_wconf 90' lang='lat' dir='ltr'>r</span> <span class='ocrx_word' id='word_1_489' title='bbox 2629 3196 2661 3232; x_wconf 89' lang='lat' dir='ltr'>a</span> <span class='ocrx_word' id='word_1_490' title='bbox 2677 3179 2737 3230; x_wconf 87' lang='lat' dir='ltr'>ri</span> <span class='ocrx_word' id='word_1_491' title='bbox 2758 3177 2821 3230; x_wconf 87' lang='lat' dir='ltr'>O.</span> <span class='ocrx_word' id='word_1_492' title='bbox 2840 3177 2926 3232; x_wconf 91' lang='lat' dir='ltr'>Pr.</span> <span class='ocrx_word' id='word_1_493' title='bbox 2948 3178 3133 3248; x_wconf 84' lang='lat' dir='ltr'>patria</span> <span class='ocrx_word' id='word_1_494' title='bbox 3143 3179 3267 3231; x_wconf 87' lang='lat' dir='ltr'>erat</span> 
     </span>
     <span class='ocr_line' id='line_1_85' title="bbox 1980 3247 3263 3318; baseline 0.002 -20"><span class='ocrx_word' id='word_1_495' title='bbox 1980 3248 2348 3301; x_wconf 80' lang='lat' dir='ltr'>Bononiensis</span> <span class='ocrx_word' id='word_1_496' title='bbox 2376 3268 2429 3303; x_wconf 94' lang='lat' dir='ltr'>n.</span> <span class='ocrx_word' id='word_1_497' title='bbox 2458 3254 2543 3304; x_wconf 92' lang='grc'><strong>27.</strong></span> <span class='ocrx_word' id='word_1_498' title='bbox 2568 3251 2696 3305; x_wconf 84' lang='lat' dir='ltr'>Jan.</span> <span class='ocrx_word' id='word_1_499' title='bbox 2724 3254 2881 3313; x_wconf 81' lang='grc'><strong>1512,</strong></span> <span class='ocrx_word' id='word_1_500' title='bbox 2912 3252 2996 3302; x_wconf 88' lang='lat' dir='ltr'>vir</span> <span class='ocrx_word' id='word_1_501' title='bbox 3024 3247 3263 3318; x_wconf 74' lang='lat' dir='ltr'>praecel-</span> 
     </span>
     <span class='ocr_line' id='line_1_86' title="bbox 1980 3319 3261 3390; baseline 0.002 -20"><span class='ocrx_word' id='word_1_502' title='bbox 1980 3319 2113 3383; x_wconf 84' lang='lat' dir='ltr'>lens,</span> <span class='ocrx_word' id='word_1_503' title='bbox 2140 3322 2203 3372; x_wconf 89' lang='lat' dir='ltr'>ut</span> <span class='ocrx_word' id='word_1_504' title='bbox 2227 3320 2287 3372; x_wconf 92' lang='lat' dir='ltr'>in</span> <span class='ocrx_word' id='word_1_505' title='bbox 2304 3321 2680 3389; x_wconf 83' lang='lat' dir='ltr'>coenotaphio</span> <span class='ocrx_word' id='word_1_506' title='bbox 2697 3320 2919 3389; x_wconf 80' lang='lat' dir='ltr'>legitur,</span> <span class='ocrx_word' id='word_1_507' title='bbox 2943 3319 3261 3390; x_wconf 77' lang='lat' dir='ltr'>„religione‚</span> 
     </span>
     <span class='ocr_line' id='line_1_87' title="bbox 1979 3391 3261 3461; baseline 0 -18"><span class='ocrx_word' id='word_1_508' title='bbox 1979 3393 2345 3457; x_wconf 81' lang='lat' dir='ltr'>praestantia,</span> <span class='ocrx_word' id='word_1_509' title='bbox 2374 3391 2681 3461; x_wconf 87' lang='lat' dir='ltr'>prudentia</span> <span class='ocrx_word' id='word_1_510' title='bbox 2720 3409 2785 3444; x_wconf 88' lang='lat' dir='ltr'>ac</span> <span class='ocrx_word' id='word_1_511' title='bbox 2810 3408 2999 3444; x_wconf 86' lang='lat' dir='ltr'>rerum</span> <span class='ocrx_word' id='word_1_512' title='bbox 3026 3391 3261 3444; x_wconf 85' lang='lat' dir='ltr'>scientia</span> 
     </span>
     <span class='ocr_line' id='line_1_88' title="bbox 1980 3461 3262 3532; baseline 0.002 -20"><span class='ocrx_word' id='word_1_513' title='bbox 1980 3461 2304 3516; x_wconf 84' lang='lat' dir='ltr'>divinarum</span> <span class='ocrx_word' id='word_1_514' title='bbox 2331 3465 2510 3528; x_wconf 78' lang='lat' dir='ltr'>tanta,</span> <span class='ocrx_word' id='word_1_515' title='bbox 2532 3467 2595 3516; x_wconf 89' lang='lat' dir='ltr'>ut</span> <span class='ocrx_word' id='word_1_516' title='bbox 2614 3463 2673 3515; x_wconf 90' lang='lat' dir='ltr'>in</span> <span class='ocrx_word' id='word_1_517' title='bbox 2699 3462 2931 3532; x_wconf 89' lang='lat' dir='ltr'>publico</span> <span class='ocrx_word' id='word_1_518' title='bbox 2954 3463 3262 3516; x_wconf 87' lang='lat' dir='ltr'>tridentino</span> 
     </span>
     <span class='ocr_line' id='line_1_89' title="bbox 1980 3533 3259 3604; baseline 0.002 -20"><span class='ocrx_word' id='word_1_519' title='bbox 1980 3533 2216 3586; x_wconf 90' lang='lat' dir='ltr'>concilio</span> <span class='ocrx_word' id='word_1_520' title='bbox 2244 3536 2432 3602; x_wconf 84' lang='lat' dir='ltr'>patres</span> <span class='ocrx_word' id='word_1_521' title='bbox 2477 3534 2534 3587; x_wconf 91' lang='lat' dir='ltr'>in</span> <span class='ocrx_word' id='word_1_522' title='bbox 2566 3535 2688 3604; x_wconf 87' lang='lat' dir='ltr'>ejus</span> <span class='ocrx_word' id='word_1_523' title='bbox 2708 3533 2929 3602; x_wconf 86' lang='lat' dir='ltr'>judicio</span> <span class='ocrx_word' id='word_1_524' title='bbox 2977 3534 3259 3601; x_wconf 85' lang='lat' dir='ltr'>aquiesce·</span> 
     </span>
     <span class='ocr_line' id='line_1_90' title="bbox 1980 3604 3261 3674; baseline 0.002 -20"><span class='ocrx_word' id='word_1_525' title='bbox 1980 3607 2154 3662; x_wconf 82' lang='lat' dir='ltr'>rent,“</span> <span class='ocrx_word' id='word_1_526' title='bbox 2188 3604 2342 3657; x_wconf 82' lang='lat' dir='ltr'>Obiit</span> <span class='ocrx_word' id='word_1_527' title='bbox 2367 3609 2452 3661; x_wconf 82' lang='lat'>23.</span> <span class='ocrx_word' id='word_1_528' title='bbox 2479 3605 2606 3659; x_wconf 87' lang='lat' dir='ltr'>Dec.</span> <span class='ocrx_word' id='word_1_529' title='bbox 2638 3609 2792 3661; x_wconf 72' lang='lat'>1564.</span> <span class='ocrx_word' id='word_1_530' title='bbox 2845 3605 2928 3659; x_wconf 81' lang='lat' dir='ltr'>Cf.</span> <span class='ocrx_word' id='word_1_531' title='bbox 2977 3606 3261 3674; x_wconf 84' lang='lat' dir='ltr'>prolixum</span> 
     </span>
     <span class='ocr_line' id='line_1_91' title="bbox 1980 3675 3259 3744; baseline 0.003 -19"><span class='ocrx_word' id='word_1_532' title='bbox 1980 3675 2098 3742; x_wconf 87' lang='lat' dir='ltr'>ejus</span> <span class='ocrx_word' id='word_1_533' title='bbox 2143 3675 2392 3743; x_wconf 84' lang='lat' dir='ltr'>elogium</span> <span class='ocrx_word' id='word_1_534' title='bbox 2438 3678 2591 3744; x_wconf 87' lang='lat' dir='ltr'>apud</span> <span class='ocrx_word' id='word_1_535' title='bbox 2632 3676 2853 3729; x_wconf 87' lang='lat' dir='ltr'>Echard</span> <span class='ocrx_word' id='word_1_536' title='bbox 2904 3677 2965 3740; x_wconf 89' lang='lat' dir='ltr'>ll,</span> <span class='ocrx_word' id='word_1_537' title='bbox 3015 3680 3117 3733; x_wconf 83' lang='lat'>184</span> <span class='ocrx_word' id='word_1_538' title='bbox 3162 3694 3259 3744; x_wconf 80' lang='lat' dir='ltr'>ss,;</span> 
     </span>
     <span class='ocr_line' id='line_1_92' title="bbox 1979 3744 3261 3817; baseline 0.002 -20"><span class='ocrx_word' id='word_1_539' title='bbox 1979 3744 2299 3798; x_wconf 79' lang='lat' dir='ltr'>&#39;l&#39;iraboschi</span> <span class='ocrx_word' id='word_1_540' title='bbox 2344 3747 2445 3799; x_wconf 92' lang='lat' dir='ltr'>VII</span> <span class='ocrx_word' id='word_1_541' title='bbox 2473 3767 2525 3817; x_wconf 91' lang='lat' dir='ltr'>p.</span> <span class='ocrx_word' id='word_1_542' title='bbox 2562 3757 2579 3802; x_wconf 95' lang='lat' dir='ltr'>l</span> <span class='ocrx_word' id='word_1_543' title='bbox 2614 3748 2651 3801; x_wconf 91' lang='lat' dir='ltr'>l.</span> <span class='ocrx_word' id='word_1_544' title='bbox 2679 3753 2711 3803; x_wconf 87' lang='grc'><strong>2</strong></span> <span class='ocrx_word' id='word_1_545' title='bbox 2753 3764 2796 3800; x_wconf 89' lang='lat' dir='ltr'>c.</span> <span class='ocrx_word' id='word_1_546' title='bbox 2826 3752 2855 3803; x_wconf 90' lang='lat'>1</span> <span class='ocrx_word' id='word_1_547' title='bbox 2886 3765 2940 3799; x_wconf 89' lang='grc' dir='ltr'><strong>ιι.</strong></span> <span class='ocrx_word' id='word_1_548' title='bbox 2968 3752 3051 3804; x_wconf 86' lang='grc'><strong>27.</strong></span> <span class='ocrx_word' id='word_1_549' title='bbox 3108 3747 3261 3801; x_wconf 83' lang='lat' dir='ltr'>Cete-</span> 
     </span>
     <span class='ocr_line' id='line_1_93' title="bbox 1978 3817 3257 3885; baseline 0.003 -17"><span class='ocrx_word' id='word_1_550' title='bbox 1978 3833 2106 3869; x_wconf 89' lang='lat' dir='ltr'>rum</span> <span class='ocrx_word' id='word_1_551' title='bbox 2134 3820 2191 3870; x_wconf 87' lang='lat' dir='ltr'>et</span> <span class='ocrx_word' id='word_1_552' title='bbox 2217 3818 2337 3885; x_wconf 85' lang='lat' dir='ltr'>ipse</span> <span class='ocrx_word' id='word_1_553' title='bbox 2364 3823 2658 3873; x_wconf 83' lang='lat' dir='ltr'>accusatus</span> <span class='ocrx_word' id='word_1_554' title='bbox 2685 3819 2799 3872; x_wconf 85' lang='lat' dir='ltr'>fuit</span> <span class='ocrx_word' id='word_1_555' title='bbox 2822 3819 2930 3872; x_wconf 89' lang='lat' dir='ltr'>sub</span> <span class='ocrx_word' id='word_1_556' title='bbox 2958 3817 3135 3872; x_wconf 86' lang='lat' dir='ltr'>Paulo</span> <span class='ocrx_word' id='word_1_557' title='bbox 3164 3817 3257 3872; x_wconf 90' lang='lat' dir='ltr'>1v.</span> 
     </span>
     <span class='ocr_line' id='line_1_94' title="bbox 1979 3889 3258 3958; baseline 0.002 -18"><span class='ocrx_word' id='word_1_558' title='bbox 1979 3892 2036 3940; x_wconf 87' lang='lat' dir='ltr'>et</span> <span class='ocrx_word' id='word_1_559' title='bbox 2058 3889 2118 3941; x_wconf 90' lang='lat' dir='ltr'>in</span> <span class='ocrx_word' id='word_1_560' title='bbox 2144 3905 2414 3943; x_wconf 84' lang='lat' dir='ltr'>carcerem</span> <span class='ocrx_word' id='word_1_561' title='bbox 2442 3891 2749 3958; x_wconf 88' lang='lat' dir='ltr'>conjectus,</span> <span class='ocrx_word' id='word_1_562' title='bbox 2776 3890 2871 3942; x_wconf 89' lang='lat' dir='ltr'>sed</span> <span class='ocrx_word' id='word_1_563' title='bbox 2889 3891 3164 3943; x_wconf 85' lang='lat' dir='ltr'>innocens</span> <span class='ocrx_word' id='word_1_564' title='bbox 3180 3907 3258 3943; x_wconf 88' lang='lat' dir='ltr'>re·</span> 
     </span>
     <span class='ocr_line' id='line_1_95' title="bbox 1979 3960 3258 4029; baseline 0.001 -18"><span class='ocrx_word' id='word_1_565' title='bbox 1979 3962 2190 4028; x_wconf 81' lang='lat' dir='ltr'>pertus,</span> <span class='ocrx_word' id='word_1_566' title='bbox 2220 3960 2455 4028; x_wconf 87' lang='lat' dir='ltr'>ejusque</span> <span class='ocrx_word' id='word_1_567' title='bbox 2481 3960 2807 4016; x_wconf 87' lang='lat' dir='ltr'>innocentia</span> <span class='ocrx_word' id='word_1_568' title='bbox 2835 3961 3198 4029; x_wconf 86' lang='lat' dir='ltr'>postmodum</span> <span class='ocrx_word' id='word_1_569' title='bbox 3225 3977 3258 4012; x_wconf 85' lang='lat' dir='ltr'>a</span> 
     </span>
     <span class='ocr_line' id='line_1_96' title="bbox 1979 4029 3256 4086; baseline 0.001 -3"><span class='ocrx_word' id='word_1_570' title='bbox 1979 4029 2077 4083; x_wconf 89' lang='lat' dir='ltr'>Pio</span> <span class='ocrx_word' id='word_1_571' title='bbox 2130 4030 2225 4084; x_wconf 89' lang='lat' dir='ltr'>IV.</span> <span class='ocrx_word' id='word_1_572' title='bbox 2278 4032 2606 4086; x_wconf 84' lang='lat' dir='ltr'>solemniter</span> <span class='ocrx_word' id='word_1_573' title='bbox 2655 4031 2935 4085; x_wconf 84' lang='lat' dir='ltr'>declarata</span> <span class='ocrx_word' id='word_1_574' title='bbox 2985 4032 3115 4085; x_wconf 87' lang='lat' dir='ltr'>fuit.</span> <span class='ocrx_word' id='word_1_575' title='bbox 3176 4031 3256 4085; x_wconf 84' lang='lat' dir='ltr'>Cf.</span> 
     </span>
     <span class='ocr_line' id='line_1_97' title="bbox 1978 4101 2687 4167; baseline 0.003 -13"><span class='ocrx_word' id='word_1_576' title='bbox 1978 4101 2243 4154; x_wconf 87' lang='lat' dir='ltr'>Schroedl</span> <span class='ocrx_word' id='word_1_577' title='bbox 2272 4103 2382 4155; x_wconf 86' lang='lat' dir='ltr'>KL.</span> <span class='ocrx_word' id='word_1_578' title='bbox 2412 4104 2503 4167; x_wconf 86' lang='lat' dir='ltr'>lv,</span> <span class='ocrx_word' id='word_1_579' title='bbox 2533 4107 2687 4161; x_wconf 86' lang='lat'>1636.</span> 
     </span>
    </p>

    <p class='ocr_par' dir='ltr' id='par_1_11' title="bbox 1978 4173 3261 4386">
     <span class='ocr_line' id='line_1_98' title="bbox 2054 4173 3259 4244; baseline 0.001 -19"><span class='ocrx_word' id='word_1_580' title='bbox 2054 4176 2094 4244; x_wconf 85' lang='lat'>¹)</span> <span class='ocrx_word' id='word_1_581' title='bbox 2122 4173 2203 4228; x_wconf 73' lang='lat' dir='ltr'>cf.</span> <span class='ocrx_word' id='word_1_582' title='bbox 2257 4174 2302 4225; x_wconf 78' lang='lat' dir='ltr'>R</span> <span class='ocrx_word' id='word_1_583' title='bbox 2318 4190 2348 4227; x_wconf 87' lang='lat' dir='ltr'>e</span> <span class='ocrx_word' id='word_1_584' title='bbox 2365 4174 2437 4228; x_wconf 90' lang='lat' dir='ltr'>in</span> <span class='ocrx_word' id='word_1_585' title='bbox 2454 4175 2491 4226; x_wconf 91' lang='lat' dir='ltr'><strong>k</strong></span> <span class='ocrx_word' id='word_1_586' title='bbox 2508 4195 2536 4228; x_wconf 82' lang='lat' dir='ltr'>e</span> <span class='ocrx_word' id='word_1_587' title='bbox 2554 4216 2567 4239; x_wconf 91' lang='lat'><strong>‚</strong></span> <span class='ocrx_word' id='word_1_588' title='bbox 2630 4175 2720 4227; x_wconf 89' lang='lat' dir='ltr'>die</span> <span class='ocrx_word' id='word_1_589' title='bbox 2770 4175 3027 4227; x_wconf 86' lang='lat' dir='ltr'>messian.</span> <span class='ocrx_word' id='word_1_590' title='bbox 3082 4173 3259 4227; x_wconf 48' lang='lat' dir='ltr'>&amp;Veis-</span> 
     </span>
     <span class='ocr_line' id='line_1_99' title="bbox 1978 4244 3259 4313; baseline 0.001 -17"><span class='ocrx_word' id='word_1_591' title='bbox 1978 4260 2290 4313; x_wconf 79' lang='lat' dir='ltr'>sagungen,</span> <span class='ocrx_word' id='word_1_592' title='bbox 2317 4244 2544 4299; x_wconf 88' lang='lat' dir='ltr'>Einleit.</span> <span class='ocrx_word' id='word_1_593' title='bbox 2576 4264 2626 4300; x_wconf 84' lang='lat' dir='ltr'>v.</span> <span class='ocrx_word' id='word_1_594' title='bbox 2658 4252 2704 4302; x_wconf 91' lang='lat'>1.</span> <span class='ocrx_word' id='word_1_595' title='bbox 2733 4263 2785 4313; x_wconf 93' lang='lat' dir='ltr'>p.</span> <span class='ocrx_word' id='word_1_596' title='bbox 2808 4249 2895 4308; x_wconf 90' lang='grc'>28,</span> <span class='ocrx_word' id='word_1_597' title='bbox 2922 4246 3021 4298; x_wconf 90' lang='lat' dir='ltr'>ubi</span> <span class='ocrx_word' id='word_1_598' title='bbox 3048 4245 3259 4299; x_wconf 82' lang='lat' dir='ltr'>Forerii</span> 
     </span>
     <span class='ocr_line' id='line_1_100' title="bbox 1979 4315 3261 4386; baseline 0.001 -20"><span class='ocrx_word' id='word_1_599' title='bbox 1979 4318 2444 4369; x_wconf 87' lang='lat' dir='ltr'>commentarium</span> <span class='ocrx_word' id='word_1_600' title='bbox 2463 4317 2633 4370; x_wconf 88' lang='lat' dir='ltr'>dicit:</span> <span class='ocrx_word' id='word_1_601' title='bbox 2665 4315 2876 4378; x_wconf 81' lang='lat' dir='ltr'>„Einen</span> <span class='ocrx_word' id='word_1_602' title='bbox 2895 4317 3127 4386; x_wconf 76' lang='lat' dir='ltr'>fiirjene</span> <span class='ocrx_word' id='word_1_603' title='bbox 3142 4315 3261 4370; x_wconf 87' lang='lat' dir='ltr'>Zeit</span> 
     </span>
    </p>
   </div>
   <div class='ocr_carea' id='block_1_10' title="bbox 641 4379 3263 4878">
    <p class='ocr_par' dir='ltr' id='par_1_12' title="bbox 641 4379 3263 4878">
     <span class='ocr_line' id='line_1_101' title="bbox 643 4379 3259 4454; baseline 0.002 -20"><span class='ocrx_word' id='word_1_604' title='bbox 643 4379 966 4434; x_wconf 80' lang='lat' dir='ltr'>Genuenses</span> <span class='ocrx_word' id='word_1_605' title='bbox 995 4380 1172 4433; x_wconf 88' lang='lat' dir='ltr'>nobili</span> <span class='ocrx_word' id='word_1_606' title='bbox 1197 4381 1518 4435; x_wconf 88' lang='lat' dir='ltr'>adolescens</span> <span class='ocrx_word' id='word_1_607' title='bbox 1559 4384 1814 4437; x_wconf 88' lang='lat' dir='ltr'>ordinem</span> <span class='ocrx_word' id='word_1_608' title='bbox 1839 4384 1923 4437; x_wconf 91' lang='lat' dir='ltr'>in·</span> <span class='ocrx_word' id='word_1_609' title='bbox 1978 4387 2287 4454; x_wconf 84' lang='lat' dir='ltr'>gelehrten,</span> <span class='ocrx_word' id='word_1_610' title='bbox 2358 4389 2740 4451; x_wconf 64' lang='lat' dir='ltr'>schatzbarem</span> <span class='ocrx_word' id='word_1_611' title='bbox 2816 4388 3259 4452; x_wconf 64' lang='lat' dir='ltr'>ausfiihrlichen¹</span> 
     </span>
     <span class='ocr_line' id='line_1_102' title="bbox 641 4451 3259 4528; baseline 0.003 -25"><span class='ocrx_word' id='word_1_612' title='bbox 641 4468 859 4520; x_wconf 78' lang='lat' dir='ltr'>gressus</span> <span class='ocrx_word' id='word_1_613' title='bbox 900 4457 982 4505; x_wconf 88' lang='lat' dir='ltr'>est</span> <span class='ocrx_word' id='word_1_614' title='bbox 1029 4469 1069 4504; x_wconf 91' lang='lat' dir='ltr'>s.</span> <span class='ocrx_word' id='word_1_615' title='bbox 1107 4451 1403 4506; x_wconf 89' lang='lat' dir='ltr'>Dominici.</span> <span class='ocrx_word' id='word_1_616' title='bbox 1457 4454 1753 4508; x_wconf 87' lang='lat' dir='ltr'>Facundus</span> <span class='ocrx_word' id='word_1_617' title='bbox 1800 4460 1923 4508; x_wconf 87' lang='lat' dir='ltr'>erat</span> <span class='ocrx_word' id='word_1_618' title='bbox 1979 4457 2672 4528; x_wconf 75' lang='lat' dir='ltr'>historisch·kritischen“;</span> <span class='ocrx_word' id='word_1_619' title='bbox 2700 4461 2756 4513; x_wconf 80' lang='lat' dir='ltr'>et</span> <span class='ocrx_word' id='word_1_620' title='bbox 2783 4458 2852 4511; x_wconf 89' lang='lat' dir='ltr'>de</span> <span class='ocrx_word' id='word_1_621' title='bbox 2877 4459 3036 4526; x_wconf 86' lang='lat' dir='ltr'>ipso:</span> <span class='ocrx_word' id='word_1_622' title='bbox 3068 4459 3259 4518; x_wconf 79' lang='lat' dir='ltr'>„Fore-</span> 
     </span>
     <span class='ocr_line' id='line_1_103' title="bbox 642 4523 3259 4607; baseline 0.003 -33"><span class='ocrx_word' id='word_1_623' title='bbox 642 4525 843 4603; x_wconf 79' lang='lat' dir='ltr'>orator,</span> <span class='ocrx_word' id='word_1_624' title='bbox 872 4523 1151 4603; x_wconf 66' lang='lat' dir='ltr'>suavitate</span> <span class='ocrx_word' id='word_1_625' title='bbox 1179 4542 1397 4605; x_wconf 73' lang='lat' dir='ltr'>morum</span> <span class='ocrx_word' id='word_1_626' title='bbox 1420 4528 1476 4578; x_wconf 88' lang='lat' dir='ltr'>et</span> <span class='ocrx_word' id='word_1_627' title='bbox 1494 4525 1768 4606; x_wconf 75' lang='lat' dir='ltr'>religione</span> <span class='ocrx_word' id='word_1_628' title='bbox 1786 4544 1923 4607; x_wconf 31' lang='lat' dir='ltr'>‚con-</span> <span class='ocrx_word' id='word_1_629' title='bbox 1978 4528 2095 4581; x_wconf 88' lang='lat' dir='ltr'>rius</span> <span class='ocrx_word' id='word_1_630' title='bbox 2124 4530 2357 4583; x_wconf 80' lang='lat' dir='ltr'>bemiiht</span> <span class='ocrx_word' id='word_1_631' title='bbox 2383 4530 2500 4582; x_wconf 89' lang='lat' dir='ltr'>sich</span> <span class='ocrx_word' id='word_1_632' title='bbox 2528 4531 2617 4583; x_wconf 87' lang='lat' dir='ltr'>die</span> <span class='ocrx_word' id='word_1_633' title='bbox 2644 4529 3027 4599; x_wconf 82' lang='lat' dir='ltr'>cigentlichen</span> <span class='ocrx_word' id='word_1_634' title='bbox 3048 4530 3259 4583; x_wconf 84' lang='lat' dir='ltr'>Beden-</span> 
     </span>
     <span class='ocr_line' id='line_1_104' title="bbox 641 4597 3257 4744; baseline 0.003 -27"><span class='ocrx_word' id='word_1_635' title='bbox 641 4597 1923 4744; x_wconf 50' lang='lat' dir='ltr'>{ffi‘5.uf.m”3¹5333affissffiffssssflssfffffiffiff</span> <span class='ocrx_word' id='word_1_636' title='bbox 1978 4600 2969 4741; x_wconf 50' lang='lat' dir='ltr'>{3²5⁹}ss„dffrdffl‘ff&#39;rffi‘ssfflffig</span> <span class='ocrx_word' id='word_1_637' title='bbox 3006 4601 3123 4725; x_wconf 62' lang='lat'>{3¹22}</span> <span class='ocrx_word' id='word_1_638' title='bbox 3150 4602 3257 4724; x_wconf 62' lang='lat'>‘3³3</span> 
     </span>
     <span class='ocr_line' id='line_1_105' title="bbox 643 4736 3262 4809; baseline 0.002 -20"><span class='ocrx_word' id='word_1_639' title='bbox 643 4736 810 4789; x_wconf 88' lang='lat' dir='ltr'>datus</span> <span class='ocrx_word' id='word_1_640' title='bbox 860 4741 946 4790; x_wconf 88' lang='lat' dir='ltr'>est</span> <span class='ocrx_word' id='word_1_641' title='bbox 995 4737 1222 4792; x_wconf 89' lang='lat' dir='ltr'>Herculi</span> <span class='ocrx_word' id='word_1_642' title='bbox 1284 4739 1557 4793; x_wconf 88' lang='lat' dir='ltr'>cardinali</span> <span class='ocrx_word' id='word_1_643' title='bbox 1621 4741 1919 4809; x_wconf 71' lang='lat' dir='ltr'>Gonzagae</span> <span class='ocrx_word' id='word_1_644' title='bbox 1977 4742 2203 4795; x_wconf 90' lang='lat' dir='ltr'>danken</span> <span class='ocrx_word' id='word_1_645' title='bbox 2228 4743 2343 4796; x_wconf 88' lang='lat' dir='ltr'>und</span> <span class='ocrx_word' id='word_1_646' title='bbox 2372 4745 2531 4797; x_wconf 59' lang='lat' dir='ltr'>flatze</span> <span class='ocrx_word' id='word_1_647' title='bbox 2557 4744 2663 4796; x_wconf 90' lang='lat' dir='ltr'>mit</span> <span class='ocrx_word' id='word_1_648' title='bbox 2689 4744 2840 4797; x_wconf 85' lang='lat' dir='ltr'>Fleiss</span> <span class='ocrx_word' id='word_1_649' title='bbox 2870 4744 2985 4796; x_wconf 89' lang='lat' dir='ltr'>und</span> <span class='ocrx_word' id='word_1_650' title='bbox 3008 4742 3262 4796; x_wconf 85' lang='lat' dir='ltr'>Einsicht</span> 
     </span>
     <span class='ocr_line' id='line_1_106' title="bbox 641 4809 3263 4878; baseline 0.002 -17"><span class='ocrx_word' id='word_1_651' title='bbox 641 4809 932 4878; x_wconf 85' lang='lat' dir='ltr'>episcopus</span> <span class='ocrx_word' id='word_1_652' title='bbox 973 4809 1260 4863; x_wconf 85' lang='lat' dir='ltr'>auxiliaris</span> <span class='ocrx_word' id='word_1_653' title='bbox 1304 4814 1362 4862; x_wconf 74' lang='lat' dir='ltr'>et</span> <span class='ocrx_word' id='word_1_654' title='bbox 1400 4811 1546 4865; x_wconf 88' lang='lat' dir='ltr'>sedis</span> <span class='ocrx_word' id='word_1_655' title='bbox 1574 4814 1920 4866; x_wconf 83' lang='lat' dir='ltr'>mantuanae</span> <span class='ocrx_word' id='word_1_656' title='bbox 1978 4830 2046 4865; x_wconf 90' lang='lat' dir='ltr'>zu</span> <span class='ocrx_word' id='word_1_657' title='bbox 2075 4814 2389 4868; x_wconf 86' lang='lat' dir='ltr'>erforschen</span> <span class='ocrx_word' id='word_1_658' title='bbox 2417 4815 2532 4868; x_wconf 85' lang='lat' dir='ltr'>und</span> <span class='ocrx_word' id='word_1_659' title='bbox 2573 4833 2642 4868; x_wconf 86' lang='lat' dir='ltr'>zu</span> <span class='ocrx_word' id='word_1_660' title='bbox 2682 4815 3032 4868; x_wconf 87' lang='lat' dir='ltr'>bestimmen.</span> <span class='ocrx_word' id='word_1_661' title='bbox 3087 4814 3263 4868; x_wconf 88' lang='lat' dir='ltr'>Nicht</span> 
     </span>
    </p>
   </div>
  </div>
 </body>
</html>
