3625 5193
560 268 689 321 963
1053 254 1424 308 1641-1663.
1454 250 1763 321 Theologia
1790 250 2066 320 polemica
2091 249 2152 304 in
2180 250 2383 315 Gallia,
2412 249 2704 319 Raynaud,
3056 268 3187 322 934

554 437 882 496 editionem
926 436 1377 506 interturbavit,
1423 456 1576 512 quae
1606 436 1846 495 demum
1899 438 2003 511 qui
2054 435 2223 511 prius
2274 437 2640 512 pupugerint
2680 482 2691 494 .
2741 482 2753 494 .
2801 481 2815 493 .
2866 438 2949 495 De
2997 438 3190 496 nostri

556 526 806 585 emersit
835 524 1146 584 cracoviae
1193 520 1320 606 (sed
1360 522 1534 604 falso)
1569 546 1619 588 a.
1664 534 1846 588 1669.
1899 543 2135 600 quoque
2153 525 2521 584 obscuritate
2541 542 2659 583 non
2679 525 2852 601 pauci
2872 526 3186 602 conquesti

553 616 776 673 Tomus
824 613 1035 673 ceteris
1084 632 1192 688 per
1236 615 1433 673 omnia
1480 614 1739 689 aequalis
1786 617 1848 671 et
1900 615 2046 672 sunt
2087 617 2150 672 et
2199 614 2446 673 fortasse
2496 632 2617 673 non
2666 630 2913 690 prorsus
2963 614 3187 690 absque

560 702 921 780 lugdunensi
971 702 1219 762 editioni
1265 702 1440 762 valde
1489 703 1703 762 similis
1750 703 1843 761 in·
1902 702 2131 762 ratione
2150 705 2301 761 6161ιζ
2334 701 2541 762 Edidit
2568 719 2805 780 quoque
2826 693 3188 779 Raynaudus

562 793 875 851 scribitur:
923 791 1027 853 Th.
1060 791 1367 868 Raynaudi
1400 793 1848 868 Apopompasns
1899 811 1944 850 s.
1978 793 2240 852 Anselmi
2269 792 2519 868 archiep.
2548 792 2975 852 cantuariensis
3007 808 3186 866 opera

561 881 879 940 admodum
910 900 1046 939 rara
1077 881 1400 953 continens,
1448 900 1555 940 seu
1584 882 1844 957 ejusdem
1899 883 2094 939 omnia
2124 882 2416 940 extraneis
2460 882 2525 939 in
2557 900 2631 940 ss,
2665 881 2849 941 libros
2889 900 3186 941 commen·

563 977 605 1032 t.
653 970 772 1028 XX.
819 974 879 1028 et
926 971 1281 1044 posthumus
1328 989 1436 1045 per
1481 988 1848 1046 anonymum
1900 971 2068 1028 tariis
2097 970 2450 1029 adornata..
2470 1015 2485 1029 .
2506 971 2799 1046 opuscula
2827 970 2976 1029 bene
2995 970 3189 1029 multa

562 1060 879 1119 novissime
911 1057 1205 1135 digestus;
1239 1059 1302 1117 in
1335 1059 1442 1117 hoc
1460 1059 1848 1117 continentur
1900 1078 2061 1118 nunc
2080 1058 2339 1134 primum
2357 1077 2425 1117 ex
2446 1058 2806 1119 bibliotheca
2823 1059 2999 1120 vatic.
3021 1059 3185 1118 aliis-

557 1150 852 1224 opuscula
893 1157 985 1210 14.
1032 1149 1274 1206 Praeter
1304 1148 1447 1206 alia:
1500 1148 1847 1207 Dissertatio
1901 1166 2017 1222 que
2062 1148 2193 1207 luce
2240 1147 2484 1206 donavit
2513 1153 2641 1218 etc„
2685 1148 2964 1224 Lugduni
3019 1158 3183 1213 1630

550 1257 672 1311 pro
704 1239 917 1296 stane.
952 1237 1174 1295 Suarez
1203 1237 1276 1294 de
1307 1237 1500 1313 gratia
1530 1256 1705 1314 aegro
1740 1256 1845 1312 op·
1898 1237 1964 1294 in
1981 1237 2052 1305 f.;
2088 1237 2203 1295 Leo
2233 1237 2331 1307 M„
2358 1236 2652 1296 Maximus
2683 1239 3056 1310 taurinensis,
3081 1236 3185 1294 Pe·

565 1345 765 1402 presso
811 1327 1023 1385 collata
1071 1345 1175 1399 per
1218 1326 1648 1386 absolutionem
1688 1346 1723 1383 a
1753 1346 1843 1384 sa·
1900 1333 2028 1384 trus
2062 1326 2458 1402 Chrysoloqus,
2495 1326 2830 1402 Fulyentius
2859 1328 3183 1401 ruspensis,

563 1417 797 1475 cerdote
859 1419 1170 1491 praesente
1220 1415 1545 1490 impensam
1609 1416 1849 1491 praevia
1900 1417 2072 1489 cujus
2104 1414 2292 1473 edidit
2322 1433 2353 1472 e
2385 1433 2522 1473 mss.
2556 1427 2637 1478 80
2671 1432 2990 1485 sermones,
3034 1433 3183 1489 quo-

564 1508 940 1580 peccatorum
955 1504 1319 1580 expositione
1339 1505 1645 1578 epistolari
1665 1524 1678 1574 ;
1702 1504 1848 1578 Hip·
1901 1521 2035 1563 rum
2066 1507 2265 1562 tamen
2295 1504 2564 1579 plerique
2595 1524 2628 1561 a
2660 1503 2883 1562 criticis
2914 1519 3032 1563 non
3051 1521 3187 1562 cen-

555 1593 817 1669 parchus
847 1594 915 1650 de
948 1593 1210 1671 reliyioso
1251 1594 1594 1669 neyotialore
1626 1594 1844 1669 discep-
1901 1596 2113 1651 sentur
2129 1592 2396 1669 genuini,
2429 1597 2490 1650 et
2520 1593 2556 1651 l.
2583 1600 2637 1654 3.
2671 1593 2740 1650 de
2759 1595 2994 1651 veritate
3003 1612 3185 1668 prae·

565 1684 704 1742 tatio
737 1682 1153 1741 Mediastinum
1186 1681 1345 1740 inter
1377 1700 1442 1740 ac
1456 1681 1844 1752 Timotheum,
1900 1682 2298 1740 destinationis
2327 1685 2389 1739 et
2418 1682 2645 1758 gratiae
2695 1682 2957 1757 primum
3002 1681 3188 1740 muti·

566 1791 715 1846 quae
764 1771 1090 1846 negotiatio
1138 1791 1172 1829 a
1211 1771 1488 1848 religioso
1535 1776 1699 1830 statu
1744 1772 1848 1830 ab·
1900 1772 2045 1840 lum,
2092 1789 2252 1829 nunc
2283 1770 2657 1839 absolutum3
2723 1769 3068 1829 Valerianus
3096 1787 3185 1828 ce·

562 1863 802 1919 horreat
819 1858 1159 1940 (Franopoli
1176 1860 1210 1916 i.
1229 1879 1275 1918 e.
1294 1859 1652 1919 Camberiaci
1681 1870 1843 1923 1642
1901 1860 2502 1930 meliensie‚Aumdeus
2517 1861 2903 1933 lausanensis,
2919 1860 3191 1918 Asterius

565 1952 628 2008 in
679 1959 732 2012 8.
784 1949 894 2007 sub
944 1949 1183 2007 nomine
1233 1949 1507 2007 Renati
1554 1968 1589 2007 a
1639 1947 1846 2028 Valle).
1903 1966 2208 2007 amasenus
2240 1948 2445 2022 heptas
2491 1948 2835 2024 praesulum
2867 1948 3192 2007 christiana

566 2038 911 2096 Prohibitus
956 2042 1156 2096 tamen
1200 2039 1319 2096 fuit
1362 2038 1457 2098 hic
1506 2042 1550 2097 t.
1598 2038 1752 2095 decr.
1796 2049 1846 2100 1.
1902 2037 2193 2112 sapientia
2254 2040 2313 2094 et
2375 2037 2654 2096 facundia
2723 2037 3189 2096 clarissimorum

561 2127 723 2203 Sept.
767 2138 951 2196 1671,
1004 2128 1261 2202 exceptis
1297 2127 1334 2185 l.
1367 2126 1743 2202 Hipparchus
1788 2130 1850 2185 et
1902 2144 2035 2184 cum
2067 2125 2245 2184 variis
2290 2124 2826 2195 dissertationibus,
2880 2126 2957 2185 ib.
3000 2134 3188 2187 1652.

560 2220 640 2274 tr.
674 2211 876 2287 Αὐτὸς
908 2213 1027 2297 ἔφα
1060 2215 1138 2275 Os
1163 2216 1394 2275 Domini
1426 2215 1691 2275 locutum
1724 2221 1847 2284 est3

564 2306 928 2382 linguarium
980 2305 1238 2363 validum
1288 2304 1584 2363 damnatis
1633 2324 1667 2362 a
1713 2302 1850 2363 sede
2009 2312 2152 2364 416.
2201 2303 2246 2360 Ε
2280 2303 2571 2380 theologis
2620 2302 2982 2382 polemicis1)
3030 2304 3194 2361 inter

552 2395 890 2470 apostolica
908 2395 1191 2470 injectum
1223 2399 1284 2452 et
1305 2394 1572 2469 depulsio
1605 2393 1850 2452 frivolae
1905 2392 2102 2449 Gallos
2147 2391 2660 2451 nominatissimus
2711 2397 2806 2451 est
2843 2393 3190 2451 Franciscus

560 2484 996 2553 declinationis,
1051 2503 1172 2558 qua
1202 2484 1373 2558 pauci
1407 2486 1849 2540 murmurantes
1904 2480 2097 2539 Vero
2118 2480 2296 2539 nius
2329 2481 2682 2539 Parisiensis
2716 2476 2801 2562 (n.
2835 2478 3047 2562 1575),
3082 2481 3190 2556 qui

564 2573 931 2632 damnationi
948 2572 1215 2631 Jansenii
1233 2591 1337 2647 per
1353 2571 1763 2631 Innocentium
1781 2572 1849 2631 X.
1905 2569 2164 2644 primum
2199 2570 2541 2629 societatem
2574 2571 2721 2630 Jesu
2752 2573 2845 2630 est
2882 2570 3193 2647 ingressus

560 2662 901 2721 obtendunt
961 2662 1256 2719 defectum
1320 2678 1475 2718 conc.
1552 2662 1850 2736 generalis
1904 2663 1966 2718 et
2000 2659 2265 2717 sacerdos
2311 2658 2506 2718 factus
2553 2659 2752 2735 plures
2799 2659 3023 2717 Galliae
3052 2678 3193 2735 pro-

568 2751 873 2829 (Lugduni
902 2746 1114 2828 1657),
1150 2750 1254 2824 qui
1288 2750 1580 2822 ,separati‘
1602 2750 1845 2824 permit·
1904 2748 2129 2806 vincias
2161 2767 2404 2806 munere
2437 2750 2761 2824 apostolico
2781 2751 3022 2807 strenue
3052 2748 3196 2806 fun-

564 2838 797 2899 tuntur.
833 2838 1181 2913 ,Theophili
1214 2838 1410 2907 stiluS,
1446 2838 1646 2914 inquit
1676 2838 1848 2901 Mich.
1902 2855 2047 2913 gens
2067 2838 2405 2912 peragravit
2419 2857 2634 2915 magno
2655 2838 2986 2896 animarum
3002 2837 3192 2901 lucro.

564 2949 598 2986 a
631 2948 672 2986 s.
705 2926 1008 3006 Joseph1),
1043 2944 1324 3001 pungens·
1350 2932 1412 2984 et
1431 2926 1696 2986 aculeata
1728 2927 1848 2986 dic·
1901 2926 2123 2983 multos
2156 2926 2314 2983 enim
2334 2929 2732 3001 protestantes
2762 2927 2942 2984 etiam
2962 2924 3189 2991 doctos,

565 3018 651 3075 tio
716 3034 1090 3091 summopere
1151 3016 1428 3090 pluribus
1504 3017 1848 3091 displicuit,
1904 3014 2150 3083 nobiles,
2184 3014 2302 3072 imo
2324 3020 2384 3073 et
2405 3033 2717 3089 praecones
2736 3015 2811 3073 ad
2829 3033 3030 3073 veram
3052 3033 3192 3074 con-

565 3105 871 3164 nonnullis
905 3123 1141 3179 quoque
1187 3104 1382 3163 visum
1415 3109 1524 3175 est,
1566 3124 1687 3164 non
1720 3107 1847 3165 lon·
1904 3103 2089 3162 vertit
2118 3102 2309 3161 fidem.
2364 3104 2442 3162 Ut
2470 3104 2721 3162 liberius
2768 3103 2906 3162 huic
2951 3108 3195 3162 vacaret

566 3195 805 3271 gissime
855 3198 1119 3253 nostrum
1183 3194 1387 3252 abesse
1433 3213 1467 3251 a
1509 3194 1729 3255 salibus
1790 3198 1851 3252 et
1903 3193 2086 3267 operi,
2122 3192 2632 3251 societatemJesu
2663 3193 2910 3267 reliquit
2943 3188 3192 3274 (1620).

565 3283 967 3354 mordacitate,
1016 3301 1189 3357 quam
1226 3283 1286 3340 in
1333 3282 1688 3359 quibusdam
1738 3282 1849 3341 fori
1903 3281 2128 3339 Exinde
2159 3283 2282 3339 zelo
2316 3280 2609 3340 indefesso
2641 3282 2972 3358 privilegiis
3004 3282 3191 3340 eccle·

564 3374 791 3432 rabulis
853 3376 913 3432 et
975 3372 1278 3447 aliquibus
1348 3371 1849 3447 petulantioribus
1903 3370 2157 3428 siasticis
2191 3378 2250 3427 et
2270 3370 2448 3445 regiis
2481 3370 2812 3429 instructus
2836 3389 2985 3446 opus
3018 3389 3193 3446 coep-

564 3462 962 3538 grammaticis
1007 3461 1133 3537 ipse
1178 3461 1577 3536 reprehendit.
1638 3461 1714 3518 Et
1758 3461 1848 3518 in·
1903 3464 2034 3517 tum
2080 3459 2469 3529 continuavit,
2519 3477 2615 3516 ore
2648 3464 2710 3517 et
2755 3460 2994 3529 calamo,
3045 3476 3191 3518 oon—

558 3570 758 3627 genue
804 3551 1042 3626 quidem
1078 3569 1297 3627 negare
1343 3568 1460 3609 non
1507 3567 1848 3624 possumus,
1903 3546 2458 3623 cionibus,publicis
2475 3547 3000 3624 disputationibus,
3019 3548 3192 3606 libris

567 3641 911 3699 nonnullam
962 3658 1092 3699 esse
1137 3640 1201 3697 in
1253 3639 1674 3714 scriptionibus
1721 3640 1850 3713 ejus
1905 3636 2380 3711 quamplurimis
2413 3637 2748 3695 animarum
2774 3638 3028 3695 salutem
3050 3655 3190 3713 pro·

558 3730 1017 3788 amaruleniiam
1047 3776 1062 3791 .
1099 3772 1110 3784 .
1144 3771 1156 3785 .
1194 3727 1351 3802 quod
1397 3729 1615 3785 mirum
1662 3717 1742 3786 sit.
1788 3728 1849 3785 in
1906 3726 2105 3784 movit.
2123 3726 2420 3783 Licetzelo
2442 3725 3190 3793 ardentissimoaestuaret,

568 3819 692 3876 viro
724 3816 1071 3892 praesertim
1101 3816 1458 3885 doctissimo,
1493 3817 1716 3890 quique
1747 3836 1848 3891 pe·
1907 3834 2117 3890 magna
2148 3814 2467 3888 regebatur
2497 3815 2831 3889 prudentia,
2885 3814 3189 3883 modestia,

566 3905 775 3962 culiari
808 3905 1156 3962 tractatione
1178 3904 1546 3979 probandum
1578 3922 1849 3979 assump-
1906 3903 2379 3971 mansuetudine,
2433 3922 2612 3977 quam
2657 3904 2751 3961 vel
2805 3905 2934 3979 ejus
2985 3904 3190 3962 adver·

569 3994 666 4059 sit,
681 3993 907 4066 justam
929 4010 1057 4049 esse
1078 3992 1472 4066 scriptionum
1491 3992 1852 4051 mordacium
1907 3993 2047 4050 sarii
2083 3992 2455 4050 mirabantur
2485 3988 2545 4077 (†
2566 4002 2619 4052 6.
2646 3992 2772 4054 Dez.
2805 3988 3016 4071 1649).
3050 3993 3189 4050 Pro-

562 4079 968 4147 confixionem,
1016 4079 1382 4155 proindeque
1412 4080 1615 4139 docuit
1645 4084 1851 4139 tenen-

562 4170 702 4227 dam
736 4186 862 4227 esse
908 4168 1367 4227 moderationem
1414 4169 1591 4227 etiam
1640 4171 1698 4227 in
1732 4190 1849 4239 eos,

1988 4240 2021 4303 ¹)
2049 4233 2562 4290 praetermittimus
2577 4233 2855 4289 Joauucui
2875 4232 2963 4285 130
2978 4251 3014 4287 u
3032 4233 3192 4286 cher

1907 4315 1952 4375 (r
1983 4310 2120 4361 1644
2145 4304 2235 4358 vel
2263 4310 2419 4369 1646)
2446 4304 2833 4373 parisiensem,
2868 4303 3191 4373 theologiae

646 4380 682 4447 ¹)
714 4374 852 4428 Bibl.
896 4373 1014 4427 crit.
1050 4373 1140 4438 IV,
1174 4379 1275 4431 391
1320 4374 1422 4443 qui
1462 4375 1718 4443 alioquin
1760 4392 1851 4429 en·
1907 4377 2211 4440 doctorem,
2253 4376 2588 4429 canonicum
2628 4382 2686 4429 et·
2710 4375 3190 4436 archidiaconum,

562 4447 886 4500 ‹·omiastice
913 4446 981 4499 de
1009 4462 1073 4498 eo
1100 4446 1324 4514 scripsit
1348 4463 1590 4515 eumque
1618 4465 1651 4499 a
1679 4447 1852 4515 pluri·
1908 4447 2009 4514 qui
2049 4446 2253 4500 acriter
2292 4447 2579 4514 quondam
2620 4446 3062 4514 tyrannicidium
3103 4446 3190 4499 de·

569 4521 674 4573 bus
714 4517 991 4587 ejusmodi
1031 4519 1279 4573 censuris
1325 4535 1584 4572 excusare
1626 4517 1851 4571 nititur.
1908 4518 2104 4572 fendit.
2132 4517 2370 4588 Scripsit
2393 4522 2590 4572 contra
2617 4518 2845 4578 Richer;
2873 4518 3030 4571 nisus
3057 4534 3192 4585 quo-

564 4588 698 4644 stili
718 4589 1057 4643 mordacitas
1077 4590 1328 4658 carpitur
1348 4590 1520 4643 etiam
1542 4589 1598 4641 111
1616 4588 1852 4642 Journal
1908 4606 2015 4657 que
2043 4592 2128 4642 est
2153 4590 2437 4659 principes
2463 4589 2799 4644 christianos
2815 4589 3100 4653 inducere,
3129 4592 3195 4640 111

560 4662 661 4713 des
690 4659 930 4714 Savants
960 4666 1094 4717 1667
1124 4679 1177 4729 p.
1202 4666 1268 4717 79
1285 4677 1372 4725 se„
1400 4660 1502 4714 ubi
1526 4660 1713 4713 brevis
1741 4678 1852 4712 om·
1907 4666 2134 4713 strenue
2161 4678 2218 4714 se
2245 4663 2560 4729 oponerent
2597 4660 3191 4720 Mohammedanismo,

566 4733 729 4785 nium
749 4748 983 4799 operum
1003 4732 1050 4783 R.
1066 4748 1099 4784 a
1113 4748 1151 4799 y
1168 4748 1204 4783 n
1220 4748 1253 4784 a
1268 4749 1304 4785 u
1322 4732 1358 4785 d
1377 4731 1396 4783 i
1417 4732 1717 4785 exhibetur
1731 4749 1851 4784 con·
1910 4732 2132 4801 prolixo
2175 4732 2329 4786 edito
2356 4733 2509 4786 hunc
2535 4735 2595 4788 in
2623 4734 2791 4786 finem
2819 4747 3002 4800 opere.
3048 4730 3193 4784 Fuse

565 4804 809 4871 spectus.
1908 4803 1976 4856 de
2004 4820 2067 4856 co
2094 4804 2217 4873 agit
2244 4803 2404 4857 Feret¹
2433 4804 2526 4866 IV,
2553 4808 2852 4861 eos—225.
