3625 5193
402 228 520 281 249

1406 211 1740 269 Franciscus
1766 212 2013 269 Toletus.

2889 230 3011 286 250

395 397 580 455 aliena
633 416 751 455 non
802 397 1199 473 attingeret3‘
1265 399 1423 473 quod
1478 399 1673 457 brevis
1730 399 1823 457 vel
1868 403 1940 456 ut
1985 398 2165 457 habet
2211 399 2469 457 Joannes
2511 419 2545 457 a
2594 418 2636 457 8.
2671 398 3012 480 Antoniol),

394 492 546 545 esset
577 491 637 544 et
671 486 730 543 in
762 486 894 560 ipsa
922 486 1215 545 brevitate
1247 487 1430 545 animi
1475 490 1673 545 osten·
1733 486 2017 555 ,Toletus
2050 488 2385 559 doctissime,
2421 489 2622 563 Lupus
2651 490 3012 548 vehementis-

394 576 558 634 deret
592 575 921 644 candorem,
957 575 1059 649 qui
1106 576 1297 634 veluti
1341 577 1670 651 persuasio·
1729 578 1889 649 sime,
1924 577 2271 652 Panigarola
2287 578 3011 649 facundissime‘verbum

394 664 487 722 nis
519 670 645 722 erat
678 664 880 722 telum.
917 665 1051 732 ,lta
1082 665 1430 739 penetrabat
1449 666 1674 723 animos

394 754 654 819 Toletu8‚
703 754 1071 827 prosequiter
1112 773 1241 812 mox
1284 754 1502 815 0181188.
1536 754 1671 811 Car-

395 841 1118 917 dinali3‚argumentorum
1132 844 1671 919 enthymematum-

393 950 507 1006 que
541 931 839 1001 violentia,
888 931 1112 1006 quibus
1160 933 1223 989 in
1269 933 1373 990 illo
1413 931 1672 1006 simplici

392 1039 607 1097 genere
642 1020 983 1093 frequenter
1027 1021 1346 1078 admodum
1375 1021 1673 1089 utebatur,

395 1115 461 1167 ut
492 1109 675 1183 vulgo
696 1112 1112 1166 numeraretur
1139 1109 1295 1167 inter
1313 1109 1546 1169 dicendi
1580 1129 1672 1168 81·-

393 1199 578 1255 tifices
610 1202 672 1255 et
703 1198 1032 1272 magistros
1053 1206 1078 1233 ¹
1113 1197 1366 1274 Vulgare
1386 1204 1512 1258 erat
1529 1204 1675 1257 tunc

393 1287 545 1345 illud
577 1287 922 1344 dicterium:
961 1287 1239 1353 „Toletus
1272 1287 1459 1357 docet,
1495 1288 1673 1346 Pani-

393 1377 598 1453 garola
615 1376 885 1445 delectat,
904 1375 1108 1450 Lupus
1128 1381 1325 1434 autem
1349 1381 1544 1435 movet
1560 1376 1662 1458 1)„

471 1568 505 1633 ¹)
534 1564 618 1618 Cf.
655 1561 791 1616 Jani
835 1561 985 1615 Nicii
1031 1562 1326 1631 Erythraei
1377 1564 1672 1619 Pinacoth.

397 1641 440 1694 1.
471 1640 554 1690 78.
585 1635 754 1688 Porro
780 1634 1102 1687 Franciscus
1129 1636 1171 1688 P
1187 1652 1220 1687 a
1237 1654 1274 1687 n
1291 1636 1307 1687 i
1324 1655 1361 1704 g
1377 1654 1410 1689 a
1426 1653 1494 1689 ro
1512 1636 1532 1688 1
1550 1652 1582 1687 8
1610 1638 1670 1689 O.

393 1705 528 1759 Min.
569 1706 876 1759 Mediolani
924 1709 1062 1762 1548
1101 1709 1283 1771 natus,
1323 1706 1561 1775 insignis
1589 1706 1672 1759 sui

391 1781 504 1830 tem
529 1777 659 1829 oris·
699 1779 821 1831 erat
860 1777 1234 1842 concionator,
1275 1781 1551 1847 tantaque
1594 1778 1672 1830 di·

392 1865 490 1902 cen
535 1849 554 1901 i
581 1850 863 1902 suavitate
890 1852 947 1902 et
972 1853 1272 1902 venustate
1311 1849 1579 1918 pollebat,
1610 1852 1675 1902 ut

393 1921 809 1985 ,Demosthenes
859 1919 1212 1985 christianae,
1241 1922 1415 1974 italus
1441 1921 1672 1991 Chryso·

393 1995 627 2055 stomus,
644 1991 754 2046 Leo
772 1991 1040 2059 vulgaris,
1068 1993 1527 2045 concionatorum
1553 2010 1672 2044 nor·

391 2080 498 2127 ma,
515 2066 701 2116 coetus
714 2062 978 2117 catholici
991 2062 1242 2128 deliciae,
1261 2064 1384 2131 lyra
1401 2062 1668 2133 suggesti*

393 2134 686 2188 diceretur.
739 2132 1073 2202 Praecipuae
1124 2134 1323 2187 Italiae
1374 2135 1671 2188 cathedras

390 2222 573 2259 sacras
600 2205 929 2270 illustravit,
957 2204 1169 2257 multos
1195 2206 1268 2258 ad
1295 2223 1484 2259 veram
1508 2207 1671 2259 redu-

391 2277 475 2330 xit
498 2276 685 2340 fidem,
713 2294 753 2329 8.
782 2276 1038 2329 Carolum
1056 2276 1459 2331 Borromaeum
1485 2277 1671 2329 11181118

392 2348 695 2402 comitatus
739 2350 825 2403 est
865 2346 1290 2402 visitationibus
1341 2349 1506 2416 eique
1557 2365 1671 2402 mo-

392 2419 560 2473 rienti
585 2419 789 2474 astitit.
842 2417 1078 2472 Creatus
1105 2421 1191 2472 est
1216 2438 1265 2474 a.
1293 2423 1431 2476 1586
1459 2420 1669 2501 episco-

391 2507 497 2558 pus
536 2490 1038 2559 christopolitanus
1083 2494 1140 2543 et
1184 2490 1532 2544 ferrariensis
1574 2508 1670 2543 au·

391 2561 625 2626 xiliaris,
652 2578 783 2616 mox
810 2577 956 2614 anno
982 2561 1245 2630 sequenti
1270 2566 1567 2631 promotus
1587 2564 1672 2616 est

392 2635 462 2686 ad
477 2632 769 2687 ecclesiam
785 2636 1079 2687 astensem.
1100 2632 1351 2690 Obiit31.
1367 2634 1668 2704 11811594.

392 2704 611 2774 Scripta
623 2705 873 2773 ejusdem
888 2704 1219 2776 (concioneS,
1242 2705 1522 2759 orationes
1544 2709 1668 2768 etc.)

391 2777 457 2830 cf.
475 2776 629 2845 apud
643 2775 910 2830 Sbaralea
923 2793 976 2844 p.
995 2781 1098 2833 276
1115 2776 1355 2840 ss.‚intra
1371 2793 1517 2844 quae
1533 2769 1672 2829 sunt

393 2851 788 2916 disceptationes
836 2850 1130 2910 calvinicae,
1183 2847 1489 2902 Mediolani
1530 2851 1670 2904 1594

390 2918 451 2971 in
475 2923 527 2982 4,
556 2935 697 2985 quas
739 2918 938 2988 lingua
978 2918 1201 2987 vulgari
1245 2935 1432 2972 coram
1459 2919 1667 2972 Saban-

390 2989 512 3043 diae
539 2990 682 3044 duce
710 2989 989 3042 habuerat
1013 2988 1252 3043 Taurini
1279 2994 1416 3046 1582
1457 2993 1516 3042 et
1554 2989 1667 3043 edi·

390 3060 550 3114 derat
574 3059 877 3130 inscriptas
916 3064 1151 3115 Lettiom'
1173 3080 1336 3128 sopra
1361 3065 1541 3129 doymi
1565 3064 1666 3114 cal-

390 3136 621 3189 ciniche:
671 3147 828 3185 come
880 3131 924 3184 si
969 3132 1250 3187 confonda
1301 3131 1356 3184 la
1407 3131 1667 3200 maggior

387 3207 548 3271 parte
575 3202 725 3256 della
752 3203 1006 3256 dottrina
1031 3202 1089 3255 di
1118 3203 1182 3256 G.
1211 3202 1462 3267 Calvino,
1497 3204 1665 3256 Vene-

389 3274 480 3327 tiis
526 3277 679 3338 1584,
727 3290 868 3343 opus
907 3290 1128 3342 rarum;
1172 3274 1375 3343 gallice
1403 3273 1667 3341 Lugduni

388 3349 543 3402 1583.
572 3345 819 3398 Priorem
863 3347 1081 3398 tomum
1125 3346 1422 3399 annalium
1463 3345 1666 3398 Baro-

386 3416 493 3469 nii
520 3416 580 3469 in
606 3415 1006 3485 compendium
1034 3416 1256 3485 redegit
1279 3419 1451 3484 atque
1478 3416 1666 3470 italice

386 3487 568 3541 edidit
590 3487 800 3540 Romae
827 3491 996 3556 15903
1023 3487 1278 3540 Venetiis
1306 3492 1474 3547 1593:
1503 3494 1666 3541 intro-

388 3562 564 3612 ductio
608 3561 680 3612 acl
717 3562 972 3612 lecturam
1000 3561 1281 3626 theologiae
1321 3569 1367 3612 et
1387 3562 1665 3628 praedica-

386 3633 543 3683 tionis
586 3633 909 3697 ecanqelicae
950 3632 1185 3696 officium
1229 3648 1332 3698 pro
1378 3630 1666 3698 religionis

386 3700 710 3770 seraphicae
774 3699 1138 3754 studentibus
1203 3703 1270 3756 tr.
1334 3701 1664 3769 polemicuS,

387 3771 644 3834 biblicus,
671 3771 1162 3836 hierorhetoricus,
1191 3790 1324 3826 cura
1352 3775 1546 3827 Octav.
1574 3772 1665 3825 Ja-

387 3842 596 3896 dertini
635 3859 879 3906 recusus,
919 3841 1128 3896 Rornae
1164 3848 1304 3900 1693
1341 3845 1402 3897 in
1430 3849 1480 3909 4,
1523 3845 1665 3897 forte

387 3913 534 3968 idem
563 3931 693 3967 cum
709 3913 747 3968 l.
769 3913 808 3966 ll
825 3913 1205 3982 predicacione,
1233 3915 1485 3969 Venetiis
1507 3920 1664 3972 1609.

387 3986 608 4054 Insigne
654 3985 826 4054 hujus
862 3985 1098 4038 oratoris
1139 3987 1455 4040 encomium
1492 3987 1665 4040 habes

386 4056 423 4111 1.
462 4061 513 4113 2.
554 4057 735 4126 operis
763 4055 911 4110 card.
938 4056 1262 4111 Borromaei
1291 4074 1460 4127 supra
1486 4058 1662 4116 citati.

386 4128 466 4188 Cf,
510 4131 799 4197 praeterea
841 4126 872 4179 J
879 4128 1013 4182 eiler
1052 4128 1165 4183 KL.
1212 4128 1304 4192 IX,
1353 4133 1630 4186 1329—31
1653 4149 1665 4188 ;

387 4197 711 4253 Marcellino
732 4199 806 4252 da
818 4198 1049 4253 Civezza
1079 4199 1138 4252 in
1155 4199 1340 4253 Storia
1356 4201 1511 4253 univ.
1528 4199 1666 4252 delli

385 4269 711 4324 Francesch.
748 4270 868 4333 VII,
898 4274 946 4335 1,
973 4270 1142 4324 Prato
1170 4274 1326 4334 1883,
1364 4275 1663 4330 436—449.

386 4373 451 4382 -
477 4341 808 4412 Alphonsus
849 4341 891 4394 L
909 4360 945 4395 u
965 4361 1001 4411 p
1019 4358 1055 4393 u
1074 4359 1100 4395 8
1139 4343 1200 4412 (L
1219 4358 1250 4395 o
1267 4343 1302 4394 b
1322 4352 1372 4407 0)
1417 4341 1479 4398 Ο.
1527 4343 1663 4411 Cap.

387 4412 676 4483 Hispanus
703 4418 750 4483 (†
779 4416 936 4478 1593)
978 4413 1124 4466 alius
1166 4413 1252 4465 8111
1289 4414 1557 4483 temporis
1583 4413 1665 4465 in·

387 4484 559 4554 signis
586 4487 710 4538 erat
737 4500 890 4537 sacer
916 4488 1122 4548 orator,
1150 4484 1252 4551 qui
1278 4484 1416 4538 adeo
1444 4483 1665 4538 audito-

384 4572 468 4610 res
494 4573 626 4610 81108
652 4556 918 4609 movebat
960 4555 1350 4624 rapiebatque‚
1396 4558 1464 4608 ut
1488 4573 1664 4624 quon·

386 4627 512 4680 dam
542 4625 925 4681 Salmanticac
953 4629 1076 4681 tota
1092 4627 1524 4695 quadragesima
1541 4644 1664 4680 con-

386 4699 645 4753 cionatus
673 4715 785 4750 11011
811 4697 1000 4751 minus
1028 4715 1195 4766 quam
1229 4698 1572 4766 quingentos
1598 4716 1665 4752 ex

386 4769 720 4823 scholastica
748 4768 847 4822 illa
868 4770 1174 4838 juventute
1200 4769 1261 4822 in
1291 4773 1516 4840 portum
1543 4769 1664 4824 reli·

1731 665 1839 723 Dei
1871 666 2283 723 annunciabat.
2332 666 2401 723 In
2448 666 2748 725 Poloniam
2784 664 3008 748 (1572)

1731 757 1792 811 et
1822 754 1885 811 in
1919 755 2290 813 Germaniam
2325 758 2454 813 tum
2488 757 2849 832 superiorem
2881 760 3012 815 tum

1731 842 2071 901 inferiorem
2113 844 2331 902 missus
2372 844 2494 902 fuit
2540 846 2781 904 Toletus
2812 865 2845 903 a
2878 846 3013 904 sede

1731 933 2055 1007 apostolica
2085 936 2330 1008 propter
2361 951 2567 991 0811888
2600 934 2870 1008 publicas
2918 953 3011 993 ec-

1731 1021 2100 1090 clesiasticaS,
2118 1041 2265 1096 quas
2298 1039 2499 1080 01111108
2534 1023 2781 1082 feliciter
2810 1028 3010 1082 trans·

1731 1111 1871 1186 egit.
1933 1112 2098 1169 Inter
2140 1111 2245 1168 has
2292 1114 2490 1169 autem
2537 1113 2859 1189 legat-iones
2907 1114 3011 1171 illa

1732 1202 1825 1257 est
1856 1200 2118 1265 celebris,
2153 1219 2333 1274 quam
2355 1218 2423 1257 ex
2443 1201 2720 1259 mandato
2744 1202 3007 1278 Gregorii

1733 1287 1886 1345 XIII.
1920 1288 2070 1346 obiit
2102 1288 2174 1346 ad
2208 1288 2566 1347 academiam
2586 1291 3008 1359 lovaniensem,

1731 1381 1799 1433 ut
1833 1376 2010 1452 hujus
2045 1377 2344 1452 pontificis
2398 1379 2622 1436 bullam
2673 1380 3007 1448 „Provisio-

1731 1466 1822 1523 nis
1856 1472 2091 1524 nostrae
2106 1474 2132 1503 ⁶²
2170 1467 2456 1525 adversus
2479 1468 2611 1543 Baji
2631 1487 2854 1527 errores
2872 1488 3006 1543 pro-

1728 1554 2044 1630 mulgaret,
2078 1574 2399 1630 omnesque
2421 1556 2493 1613 ad
2516 1558 2725 1615 horum
2747 1576 3012 1615 errorum

1730 1643 2166 1702 damnationem
2209 1645 2518 1703 induceret
2563 1641 2809 1727 (1580).
2860 1647 3011 1707 Hinc

1730 1732 1938 1807 liquet,
1983 1734 2192 1806 quanti
2239 1753 2373 1791 eum
2420 1735 2626 1792 fecerit
2672 1736 2765 1793 hic
2810 1737 3009 1811 ponti-

1728 1821 1841 1878 fex.
1874 1823 2144 1880 Ceterum
2166 1822 2273 1881 hoc
2293 1826 2525 1881 constat
2544 1824 2725 1882 etiam
2746 1844 2812 1882 ex
2834 1826 3010 1883 variis

1730 1910 1991 1985 ejusdem
2023 1911 2225 1969 literis.
2258 1912 2355 1970 Ita
2385 1931 2452 1970 ex
2485 1905 2573 1989 gr.
2607 1914 2813 1971 scribit
2845 1925 3006 1977 1576

1728 1999 1800 2056 ad
1835 1999 2144 2057 Albertum
2177 2001 2462 2058 Bavariae
2504 2001 2745 2061 ducem:
2800 2002 3012 2070 ‚Omni

1729 2106 1863 2145 cum
1894 2088 2147 2146 veritate
2178 2089 2613 2159 confirmamus»,
2639 2091 2795 2149 hunc
2820 2093 3009 2150 homi-

1726 2194 1864 2234 nem
1908 2195 2033 2235 esse
2081 2176 2254 2235 illum
2300 2178 2541 2254 quidem
2587 2180 2867 2249 omnium,
2903 2182 3007 2255 qui

1726 2284 1886 2322 nunc
1931 2268 2088 2333 sunt,
2124 2265 2249 2325 sine
2283 2267 2407 2324 ulla
2439 2268 2837 2326 controversia
2869 2268 3006 2329 doc·

1726 2354 2044 2416 tissimum.
2093 2354 2215 2413 Nos
2262 2359 2460 2413 autem
2493 2356 2680 2414 multo
2726 2358 3006 2432 majorem

1726 2443 1777 2500 01
1809 2442 2044 2501 laudem
2076 2443 2340 2502 tribuere
2372 2444 2739 2503 intendimus
2757 2446 3005 2522 integri·

1726 2533 1868 2589 tatis
1918 2536 2096 2609 atque
2141 2533 2515 2592 innocentiae
2561 2552 2737 2610 quam
2789 2535 3005 2594 doctri-

1725 2641 1855 2680 nae.
1874 2622 2110 2681 Utimur
2127 2625 2325 2681 autem
2338 2624 2460 2698 jam
2483 2624 2878 2699 quadriennio
2898 2625 3006 2684 hoc

1725 2711 2141 2770 concionatore
2185 2712 2248 2770 in
2296 2715 2502 2770 nostro
2551 2713 2791 2788 9818110,
2839 2734 3003 2773 eum-

1725 2819 1841 2875 que
1874 2801 2149 2859 audimus
2191 2801 2305 2876 ipsi
2354 2801 2826 2878 diligentissime.
2874 2804 3002 2861 Uti·

1724 2908 1862 2946 mur
1892 2891 2073 2948 etiam
2094 2891 2223 2964 ejus
2257 2908 2430 2965 opera
2447 2890 2508 2948 in
2528 2891 2705 2949 rebus
2727 2893 3003 2968 gravissi-

1724 2977 1836 3036 mis
1884 2996 1927 3035 8.
1960 2978 2466 3053 poenitentiariae.
2513 2980 2634 3038 Nec
2680 2981 3002 3056 quidquam

1723 3067 1965 3141 gravius
1998 3067 2225 3137 incidit,
2258 3067 2420 3144 quod
2451 3068 2521 3125 ad
2558 3070 2891 3127 animarum
2912 3089 3003 3127 sa-

1725 3155 1909 3213 lutem
1945 3157 2258 3230 pertineat,
2294 3156 2352 3213 in
2386 3176 2504 3231 quo
2537 3176 2657 3215 non
2689 3158 2868 3233 hujus
2891 3159 3004 3216 viri

1723 3244 2038 3303 consilium
2071 3241 2543 3326 adhibeatur2).‹
2579 3247 2656 3304 Et
2688 3247 2762 3304 ad
2795 3248 3002 3304 Gerar-

1721 3486 1909 3556 gionis
1938 3486 2238 3555 perculisse
2277 3487 2575 3538 referatur.
2629 3484 2766 3553 Ejus
2806 3486 3003 3540 laudes

1724 3561 1955 3610 narrant
1981 3557 2104 3611 Nic.
2132 3556 2416 3609 Antonius
2440 3556 2501 3608 in
2529 3555 2664 3611 bibl.
2688 3557 2834 3624 hisp.
2854 3575 3005 3611 nova

1722 3631 1762 3693 Ι,
1790 3633 1924 3687 313;
1956 3627 2320 3681 Boiromaeus
2342 3628 2378 3687 l,
2397 3645 2439 3681 0.
2461 3649 2473 3687 ς
2501 3628 2664 3682 Bern.
2691 3645 2724 3680 a
2751 3628 3004 3682 Bononia

1721 3701 1778 3752 in
1811 3700 1939 3753 bibl.
1970 3698 2173 3769 Script.
2201 3699 2263 3754 O.
2292 3697 2426 3769 Cap.
2454 3716 2508 3767 p.
2536 3704 2621 3756 16.

1799 3778 1837 3836 ¹)
1863 3771 2006 3825 Bibl.
2034 3770 2214 3824 franc.
2244 3776 2290 3834 1,
2319 3775 2441 3827 319.

1795 3849 1837 3908 ²)
1865 3842 2078 3906 Quanti
2105 3842 2502 3896 aJstimaret-ur
2543 3842 2715 3911 hujus
2746 3842 2852 3895 viri
2877 3860 3004 3911 pru-

1723 3915 1918 3968 dentia
1942 3915 2131 3982 liquet
2156 3914 2327 3966 etiam
2355 3929 2422 3966 ex
2449 3913 2538 3966 1118
2552 3913 2581 3965 J
2587 3912 2683 3965 ani
2701 3912 2853 3965 Nicii
2870 3913 3004 3981 Ery-

1721 3986 1905 4039 thraei
1943 3985 2126 4039 verbis
2167 3985 2225 4054 (l.
2265 3994 2363 4051 c.):
2417 3984 2577 4046 „Non
2604 3987 2830 4037 tantum
2876 4000 3003 4037 con-

1722 4056 2024 4110 cionatoris
2067 4059 2270 4125 partes,
2311 4055 2407 4108 sed
2453 4055 2695 4108 doctoris
2740 4055 2912 4110 etiam
2939 4072 3003 4108 ac

1721 4127 1978 4198 magistri
2004 4145 2212 4181 munus
2238 4131 2295 4182 et
2317 4127 2378 4180 in
2408 4127 2745 4196 pontificum
2762 4127 2893 4180 aula
2912 4146 3005 4196 ge·

1721 4201 1911 4259 rebat;
1941 4219 2005 4253 ac
2031 4202 2149 4252 tam
2177 4199 2392 4252 multae
2418 4215 2628 4252 causae
2656 4198 2728 4251 ad
2756 4215 2887 4252 eum
2914 4199 3004 4251 de-

1721 4271 2068 4334 ferebantur,
2116 4270 2371 4323 difficiles
2411 4272 2586 4337 atque
2614 4273 2916 4332 contortae,
2941 4268 3001 4320 in

1722 4343 1932 4411 quibus
1960 4342 2215 4411 theologi
2255 4357 2424 4423 opera
2466 4339 2908 4403 desiderabatur,
2938 4341 3003 4390 ut

1722 4413 1883 4467 nulla
1908 4413 2020 4484 ipsi
2047 4430 2177 4484 pars
2205 4412 2412 4481 quietis
2438 4412 2872 4479 relinqueretur,
2901 4426 3003 4462 nec

1721 4503 1824 4540 suo
1845 4485 2043 4539 liceret
2061 4485 2193 4537 dare
2214 4502 2439 4553 operam
2462 4482 2686 4553 negotio
2707 4503 2717 4534 :
2747 4498 2889 4550 quas
2905 4480 3003 4533 ille

1721 4573 1920 4610 causas
1959 4556 2239 4624 singulari
2285 4554 2557 4619 doctrina,
2602 4552 2911 4622 prudentia
2937 4568 3000 4605 ac

1720 4628 1958 4681 mirifica
1983 4628 2085 4682 illa
2111 4645 2213 4680 sua
2233 4627 2293 4679 in
2319 4625 2496 4678 animi
2524 4625 2781 4678 sensibus
2826 4622 3001 4691 expli·

1722 4699 1918 4753 caudis
1947 4698 2353 4768 perspicuitate
2380 4712 2446 4749 ex
2463 4695 2692 4749 incertis
2716 4697 2913 4757 certas,
2934 4709 3001 4746 ex

1721 4771 1911 4823 dubiis
1939 4770 2276 4839 exploratae,
2294 4785 2361 4820 ex
2376 4766 2670 4835 implicitis
2687 4765 2998 4834 explicatas
