3625 5193
1069 204 1138 259 de
1164 206 1545 276 Carthageua,
1575 203 1711 271 Gaa,
1739 204 1962 269 Gillius,
1990 203 2058 258 de
2084 203 2276 269 Avila,
2297 204 2458 257 Ram.
2944 219 3068 276 393

448 226 575 277 :397

443 392 742 453 commisit
770 392 929 451 inter
959 391 1106 450 alia:
1140 392 1226 450 De
1257 394 1637 451 sacramentis
1666 395 1730 450 in
1782 392 1995 451 multis
2024 392 2203 449 rebus
2237 410 2491 468 magnus
2509 393 2693 451 etsui
2716 391 3073 453 demissione

439 498 644 559 yenere
675 500 782 540 seu
801 482 864 540 in
888 491 943 543 4.
963 481 1002 541 l.
1025 480 1481 553 Sententiarum,
1512 482 1728 540 Romae
1785 481 2091 540 maximus.
2123 480 2379 539 Idiotam
2398 484 2661 555 putare3‚
2697 482 2748 539 si
2777 483 3069 542 hominem

454 581 617 635 1609
665 573 730 630 in
762 581 836 639 43
878 575 956 633 tr.
999 566 1073 630 de
1106 566 1639 643 praedestinatione
1679 577 1731 629 et
1784 590 1904 630 non
1937 589 2153 630 nosses.
2188 570 2517 628 Humilium
2541 567 2949 630 familiaritate
2971 572 3071 631 de-

440 660 843 734 reprobatione
895 659 1244 736 angelorum
1307 664 1367 717 et
1424 660 1729 719 hominum
1784 659 2134 729 lectabatur,
2187 665 2247 717 et
2295 659 2615 734 aliquando
2669 659 3071 721 conimbricae

438 750 633 831 (juxta
662 749 734 812 N.
768 749 1095 808 Antonium
1115 748 1267 808 Bibl.
1300 748 1372 807 H.
1405 748 1477 808 N.
1511 749 1555 819 1,
1580 760 1726 819 407,
1785 769 1922 808 cum
1954 748 2312 825 theologiam
2332 748 2582 820 doceret,
2619 748 2712 806 sui
2738 750 3072 825 deprimen-

441 839 753 914 cujusdam
802 837 1119 895 Francis
1139 837 1202 895 ci
1258 837 1330 895 de
1380 832 1598 916 Carth.)
1651 838 1729 896 ib.
1785 839 1848 897 di
1881 839 2073 916 gratia
2103 838 2389 896 mendicis
2422 856 2482 895 se
2505 838 2667 911 pulla
2698 839 2761 897 in
2794 843 2957 898 veste
2979 840 3071 897 in-

449 936 612 992 1581
661 928 727 986 in
774 935 844 996 83
891 927 1305 1000 disputationes
1351 930 1415 985 in
1459 929 1731 986 universa

442 1018 739 1094 reliyionis
769 1017 1117 1074 christianae
1150 1033 1391 1092 arcana,
1442 1016 1520 1073 ib.
1563 1026 1726 1080 1609

1786 928 1993 997 seruit,
2041 947 2174 986 cum
2206 927 2279 985 iis
2326 927 2543 1003 stipem
2587 927 2657 985 ad
2700 929 2947 1003 januam
2977 948 3070 987 ac-

1786 1017 1961 1092 cepit,
1997 1015 2266 1084 comedit,
2300 1014 2472 1074 bibit.
2509 1018 2720 1075 Aliena
2740 1036 2913 1092 opera
2935 1019 3071 1093 plu·

442 1108 509 1166 in
532 1117 590 1167 4.
625 1105 1132 1182 Propuqnacuzum
1150 1106 1491 1163 catholicum
1510 1105 1580 1163 de
1592 1106 1729 1180 jure
1784 1106 1938 1175 rimi,
1961 1124 2069 1163 sua
2088 1104 2245 1163 nihil
2277 1104 2534 1163 faciebat
2554 1127 2568 1174 ;
2600 1125 2750 1181 quae
2771 1112 2843 1164 ut
2874 1106 3074 1165 ederet

441 1196 591 1254 belli
623 1213 766 1253 rom.
800 1194 1092 1270 pontificis
1132 1193 1414 1253 adversus
1445 1194 1730 1253 Ecclesiae

434 1286 579 1361 jura
609 1284 902 1343 violantes
936 1284 996 1346 ll.
1034 1294 1091 1353 4.
1125 1283 1341 1341 Romae
1383 1294 1576 1353 1609ς
1609 1283 1731 1341 Ho-

441 1376 639 1432 miliae
689 1391 891 1431 sacrae
941 1371 1263 1430 catholicae
1280 1417 1294 1442 ,
1347 1372 1618 1431 Lutetiae
1671 1373 1729 1430 P.

452 1471 618 1527 1618
653 1465 696 1520 t.
732 1471 767 1524 3
802 1461 865 1519 iu
898 1461 972 1530 f.;
1006 1480 1122 1537 pro
1153 1461 1529 1520 ecclesiastica
1560 1461 1726 1519 liber·

441 1559 557 1610 tate
623 1550 847 1610 tuenda
908 1551 1191 1609 adversus
1250 1550 1504 1623 injustas
1570 1551 1731 1627 leges

444 1641 823 1706 Venetorum.
858 1639 1071 1698 Romae
1111 1649 1295 1703 1607.

542 1828 615 1879 17
636 1830 682 1881 1.
715 1818 956 1876 Praeter
977 1818 1096 1881 hos.
1128 1837 1278 1893 quos
1310 1819 1619 1894 hucusque
1639 1836 1731 1875 re·

450 1907 803 1976 censuimus,
844 1907 1143 1966 mentione
1163 1907 1356 1966 adhuc
1376 1906 1541 1983 digni
1560 1911 1730 1965 sunt:

443 1997 483 2055 J
485 2014 708 2056 oannes
741 1996 790 2054 G
806 2016 841 2055 a
858 2015 892 2054 a
923 1995 996 2054 de
1027 1997 1085 2054 la
1106 1998 1347 2055 Camars.
1368 1996 1432 2055 O.
1453 1997 1505 2055 S.
1528 1996 1729 2055 Franc.

445 2086 899 2161 Complutensi8‚
948 2086 1120 2160 cujus
1151 2089 1342 2144 exstat
1385 2103 1535 2161 opus
1567 2104 1732 2162 egre·

1786 1214 1905 1254 non
1938 1196 2124 1269 prius,
2173 1212 2349 1268 quam
2381 1213 2488 1269 pro
2534 1195 2785 1270 imperio
2831 1214 3072 1272 cogere-

1785 1289 1903 1352 tur,
1952 1285 2015 1341 in
2047 1284 2312 1343 animum
2363 1284 2618 1342 induxit.
2665 1285 2843 1344 Morti
2877 1285 3072 1361 proxi-

1785 1391 1919 1431 mus
1948 1372 2222 1431 ardenter
2241 1372 2516 1448 expediit,
2552 1377 2621 1431 ut
2652 1393 2804 1448 quae
2825 1375 2952 1449 ejus
2972 1393 3074 1433 su·

1786 1466 2065 1538 pererant
2122 1481 2328 1538 opera,
2392 1463 2674 1521 darentur
2739 1464 2988 1522 flammis
3008 1458 3071 1545 ¹).

1789 1550 2012 1620 Quanti
2058 1570 2194 1610 eum
2227 1551 2569 1610 aestimaret
2614 1553 2842 1622 Suarez,
2890 1554 3072 1628 conji-

1787 1658 1916 1699 cere
1947 1640 2089 1699 licet
2118 1660 2184 1699 ex
2219 1640 2308 1710 iis,
2356 1659 2507 1715 quae
2538 1641 2842 1701 occasione
2876 1643 3074 1718 cujus-

1787 1730 1922 1788 dam
1967 1729 2410 1807 disputationis,
2458 1731 2628 1806 cujus
2665 1749 2904 1807 praeses
2950 1734 3077 1790 erat

1788 1818 2022 1889 Suarez,
2056 1816 2407 1902 legimus²):
2460 1821 2563 1887 ,R
2597 1819 3073 1895 chrystophorus

1788 1908 2003 1967 Grillius
2048 1911 2215 1966 tanta
2259 1908 2319 1966 vi
2367 1908 2656 1968 contorsit
2701 1914 3072 1985 argumenta,

1787 1999 1858 2055 ut
1890 1996 2133 2055 Suarius
2156 1997 2220 2055 in
2251 1997 2382 2072 ipso
2403 1998 2742 2074 cognoverit
2763 2003 3071 2073 praestan-

1788 2086 2088 2145 tissimum
2123 2086 2424 2162 ingenium
2460 2093 2521 2144 et
2565 2087 2929 2163 magistrum,
2979 2088 3072 2147 di-

449 2175 643 2250 gium:
686 2170 1054 2247 Quaestiones
1072 2176 1733 2233 selectaeettheoremata
1789 2175 2058 2249 xeritque
2091 2175 2336 2244 nescire,
2373 2193 2479 2232 cur
2500 2193 2560 2233 se
2592 2193 2660 2232 ex
2693 2176 2808 2233 alia
2829 2176 3074 2235 natione

456 2263 916 2338 theologicarum
974 2264 1290 2322 veritatum
1311 2308 1324 2334 ,
1385 2282 1612 2322 necnon
1673 2268 1733 2322 et
1786 2264 2130 2323 vocaverint
2163 2264 2233 2321 ad
2268 2263 2689 2323 moderandam
2736 2264 3072 2324 cathedram

459 2350 847 2427 apologeticus
879 2370 1072 2411 sermo
1103 2371 1210 2429 pro
1247 2353 1428 2430 hujus
1461 2352 1731 2411 veritatis
1788 2352 2324 2420 conimbricensem,
2359 2371 2492 2411 cum
2513 2355 2722 2410 tantus
2743 2354 2850 2422 vir,
2884 2372 3070 2427 quan-

453 2440 804 2510 defensione‚
839 2436 1008 2516 quod*
1030 2442 1251 2501 Paulus
1284 2442 1346 2500 V.
1381 2443 1442 2500 et
1478 2441 1733 2517 quilibet
1786 2446 1890 2501 tus
1913 2445 2038 2501 erat
2059 2442 2289 2510 Gillias,
2321 2441 2687 2500 Lusitaniam
2719 2443 3068 2501 incoleret.‘

447 2548 483 2587 a
516 2529 911 2588 cardinalibus
943 2531 996 2588 S.
1019 2531 1082 2588 R.
1106 2532 1167 2592 Ε.
1188 2531 1411 2590 electus
1436 2532 1500 2589 in
1520 2550 1731 2608 papam
1791 2530 2148 2590 Prodierunt
2237 2531 2423 2608 ipsius
2500 2532 3070 2591 Commentationum

443 2625 508 2678 et
540 2619 709 2678 nobis
753 2620 1011 2679 traditus
1058 2623 1120 2679 et
1162 2621 1224 2679 in
1264 2621 1539 2680 cathedra
1570 2622 1732 2681 Petri
1786 2621 2247 2698 theologicarum
2296 2621 2363 2679 de
2392 2640 2565 2680 sacra
2605 2623 2870 2680 doctrina
2901 2629 2950 2680 et
2981 2639 3068 2680 es-

443 2708 659 2767 sedens
690 2708 763 2766 de
793 2708 906 2767 fide
938 2713 998 2769 et
1028 2708 1100 2768 de
1124 2710 1263 2785 jure
1293 2710 1496 2769 divino
1518 2710 1732 2770 Christi
1785 2712 1971 2769 sentia
2002 2719 2167 2788 atque
2197 2713 2414 2769 unitate
2448 2711 2556 2769 Dei
2588 2712 2649 2771 ll.
2687 2720 2742 2781 2,
2794 2711 3072 2789 Lugduni

439 2797 702 2856 vicarius
752 2816 821 2856 ac
869 2799 1031 2857 Petri
1083 2817 1383 2858 successor
1437 2818 1731 2875 verusque
1796 2809 1960 2863 1610
2013 2801 2078 2859 in
2125 2801 2197 2870 f.;
2260 2800 2530 2860 Coloniae
2599 2810 2798 2872 16103
2870 2811 3070 2870 161‘93

440 2906 595 2964 papa
625 2891 733 2956 est,
768 2886 1065 2963 Compluti
1106 2898 1267 2951 1607
1303 2889 1367 2947 in
1398 2887 1730 2949 f.—Chri-
1795 2897 1980 2951 1641.
2031 2923 2119 2933 -
2169 2889 2512 2948 Franciscus
2573 2892 2658 2947 de
2722 2891 2945 2948 Avila
3007 2890 3071 2953 O.

442 2976 764 3050 stophorus
797 2972 1130 3060 Gillius1)
1161 2978 1256 3036 vel
1279 2977 1566 3055 Aegidius
1598 2977 1653 3036 S.
1674 2977 1730 3038 J.
1786 2977 1988 3036 Praed.
2037 2978 2360 3037 Abulensis
2423 2973 2484 3061 (†
2540 2974 2733 3061 1604)
2793 2979 3074 3038 interfuit

442 3064 788 3136 Lusitanus,
820 3066 1153 3143 theologiae
1177 3066 1473 3142 professor
1503 3066 1567 3125 in
1599 3085 1730 3125 aca-
1786 3067 2230 3144 congregationi
2262 3067 2333 3126 de
2368 3068 2606 3126 auxiliis
2641 3070 2752 3126 sub
2774 3067 3071 3128 Clemente

443 3154 638 3212 demia
668 3154 1119 3215 conimbricensi
1147 3158 1205 3213 et
1227 3155 1513 3226 eborensi,
1549 3155 1725 3214 desti·
1786 3155 1942 3214 VIII.
1988 3155 2329 3231 librumque
2374 3156 2588 3215 edidit:
2654 3157 2738 3215 De
2779 3160 2976 3234 qratia
3023 3165 3072 3216 et

442 3246 624 3302 natus
657 3242 854 3303 fuerat
883 3246 1084 3321 magni
1119 3245 1310 3303 Suarii
1355 3246 1421 3304 in
1453 3244 1732 3304 cathedra
1785 3244 1960 3303 libero
2007 3246 2252 3303 arbitrio
2283 3246 2407 3303 sive
2439 3245 2511 3303 de
2558 3246 2794 3304 auxiliis
2836 3246 3071 3305 divinae

444 3349 767 3391 successor.
815 3333 960 3392 Eam
996 3337 1197 3392 tamen
1227 3353 1347 3393 non
1391 3333 1731 3394 conscendit
1785 3334 2030 3410 gratiae,
2062 3334 2277 3393 Romae
2319 3344 2478 3397 1599
2525 3335 2586 3394 in
2625 3344 2692 3404 4;
2742 3335 2982 3411 insuper
3012 3339 3074 3395 et

442 3424 639 3480 morte
669 3422 989 3480 immatura
1028 3423 1194 3498 prius
1226 3442 1257 3482 e
1288 3423 1414 3482 vita
1444 3424 1730 3499 abreptus
1785 3422 2263 3482 dissertationem
2295 3425 2362 3481 de
2382 3425 2729 3498 confessione
2736 3440 2853 3498 per
2871 3426 3071 3483 literas

448 3519 502 3570 7.
538 3509 672 3568 Jan.
712 3519 899 3575 1608.
951 3511 1053 3570 Vir
1084 3512 1203 3570 fuit
1246 3515 1418 3570 tanta
1448 3513 1607 3572 vitae
1637 3512 1729 3570 in·
1784 3513 1900 3570 sive
1906 3531 2021 3586 per
2041 3515 2480 3581 internuncium,
2503 3513 2582 3571 ib.
2612 3523 2773 3575 1599
2799 3517 2861 3571 et
2887 3514 3070 3572 Duaci

442 3599 734 3669 nocentia,
784 3603 854 3658 ut
896 3604 1202 3676 acceptum
1248 3602 1431 3660 semel
1471 3603 1535 3661 in
1581 3601 1730 3661 sacri
1794 3609 1960 3663 1623
2008 3601 2071 3659 in
2121 3609 2176 3662 8.
2210 3634 2296 3645 -
2343 3602 2559 3678 Caspar
2603 3603 2778 3661 Ram
2823 3603 3069 3661 Balbes-

444 3687 629 3748 sontis
678 3688 908 3748 lavacro
957 3688 1193 3748 divinae
1237 3692 1463 3766 gratiae
1508 3690 1731 3749 donum
1785 3691 2025 3760 tremis,
2073 3690 2549 3767 archipresbyter
2593 3691 2924 3750 darocensis
2968 3691 3072 3750 diu

443 3777 707 3837 creditus
739 3777 818 3836 sit
861 3777 937 3836 ad
974 3781 1304 3838 extremum
1347 3798 1540 3854 usque
1572 3780 1730 3838 vitae
1786 3779 2134 3855 primarium
2182 3779 2428 3838 docendi
2478 3799 2554 3839 ss.
2602 3774 2804 3838 literas
2851 3799 3070 3839 munus

444 3866 724 3943 spiritum
788 3871 985 3925 sancte
1035 3867 1380 3943 illibateque
1430 3887 1729 3928 servasse:
1785 3868 1988 3945 gessit,
2021 3872 2082 3927 et
2115 3871 2188 3927 tr.
2224 3868 2415 3927 edidit
2454 3871 2524 3927 de
2554 3871 2765 3928 divinis
2795 3887 3070 3943 praemo-

442 3956 686 4032 ingenio
719 3956 1039 4032 perspicaci
1064 3961 1475 4034 promptoque,
1503 3958 1730 4034 judicio
1785 3958 2035 4016 tionibus
2067 3975 2172 4016 seu
2203 3957 2276 4016 de
2307 3958 2563 4018 efficacia
2595 3958 2833 4017 divinae
2866 3976 3071 4017 causa-

441 4045 685 4121 pemtri,
735 4044 1049 4121 omnigena
1078 4044 1347 4105 doctrina
1377 4047 1727 4116 instructus,
1785 4047 1994 4115 litatis,
2042 4046 2224 4105 Oscae
2262 4057 2423 4110 1511
2473 4048 2535 4105 in
2571 4058 2627 4110 4.
2675 4048 2953 4106 Promisit
2985 4048 3071 4107 al-

1784 4139 1975 4194 teram
2007 4156 2061 4211 p.
2095 4140 2156 4195 et
2201 4136 2321 4195 duo
2369 4138 2821 4213 propugnacula
2865 4138 3071 4196 adver-

443 4270 784 4340 Carthagen,
815 4270 981 4338 cujus
1005 4273 1261 4338 expositio
1287 4274 1564 4324 titulorum
1577 4275 1731 4338 juris
1786 4242 1889 4283 sus
1922 4224 2183 4325 Sqarez
2214 4229 2276 4284 et
2308 4224 2657 4326 Les.s.lum’
2691 4246 2841 4301 quae
2874 4235 3069 4284 tamen

443 4343 692 4395 canonici
730 4339 954 4394 eristi„
992 4340 1179 4394 lucem
1204 4340 1469 4413 Lugduni
1497 4360 1545 4395 a·
1578 4347 1727 4399 1324·
1786 4332 1906 4371 non
1968 4313 2250 4372 videntur
2295 4315 2596 4390 prodiisse.
2655 4348 2741 4358 —
2802 4315 3069 4372 Andreas

525 4416 560 4482 1)
586 4411 749 4464 Alius
793 4411 866 4466 ab
909 4427 975 4466 eo
1018 4415 1106 4466 est
1148 4411 1414 4467 Petrus
1451 4412 1546 4466 Gil
1586 4413 1639 4467 S.
1680 4413 1730 4468 J.

443 4482 894 4546 Tarraconensis,
934 4499 985 4538 a.
1013 4488 1084 4540 20
1109 4482 1425 4554 theologiae
1452 4485 1734 4553 professor

444 4554 758 4609 Barcinoue
798 4556 845 4623 (†
889 4558 970 4611 15.
1011 4553 1165 4625 Sept.
1207 4560 1398 4626 1622),
1445 4556 1606 4626 cujus
1646 4560 1734 4610 est
1864 4559 1901 4620 ¹)
1931 4554 2226 4608 Sotwellus
2254 4555 2456 4623 Script.
2485 4557 2605 4608 Soc.
2633 4555 2683 4609 J.

446 4628 605 4680 Modo
625 4628 884 4680 d'aiudar
908 4645 942 4680 a
968 4629 1063 4681 ben
1082 4633 1256 4682 morit·
1275 4625 1360 4682 ais
1380 4627 1479 4695 qui
1501 4644 1601 4696 per
1622 4645 1732 4681 ma·
1861 4632 1902 4691 ²)
1931 4626 1996 4679 In
2021 4627 2251 4697 synopsi
2295 4627 2483 4680 annal.
2511 4626 2563 4680 S.
2592 4625 2644 4679 J.
2684 4627 2746 4678 in
2772 4625 3068 4679 Lusitania

445 4696 590 4751 latia
632 4700 665 4750 ὸ
712 4712 817 4767 por
858 4695 1097 4752 Justicia
1143 4714 1368 4764 moren,
1420 4698 1734 4753 Barcinone
1789 4699 1864 4752 ab
1906 4715 1956 4754 a..
1999 4701 2367 4761 laio—1725,
2411 4700 2705 4768 Augustae
2751 4699 2810 4750 et
2853 4696 3068 4750 Graecii

449 4772 603 4838 1907.
1789 4773 1930 4827 1726
1955 4786 2011 4838 p.
2039 4774 2158 4827 166.
