3625 5193
403 262 518 315 231
1422 240 1753 296 Franciscus
1780 240 1993 297 Torres.
2892 259 3020 315 282

397 432 573 489 tenus
602 428 959 488 bibliotheca
989 428 1108 486 illa.
1142 428 1358 487 Romae
1386 429 1457 487 ad
1477 429 1677 505 plures
1734 427 2180 487 benevolentiae
2200 427 2651 504 significatione.
2686 430 2827 488 Cum
2858 431 3025 489 enim

399 519 546 578 abiit
582 528 684 581 56.
716 517 927 576 aetatis
962 537 1012 580 a.
1049 526 1149 580 26.
1183 517 1308 577 Oct.
1351 526 1534 581 1581.
1568 518 1679 576 Re·
1735 517 1881 575 Pius
1934 516 1997 575 V.
2040 516 2150 576 hoc
2199 517 2419 576 festum
2468 520 2773 593 tamquam
2817 520 3024 579 minus

398 607 582 683 liquit
629 608 1026 666 annotationes
1073 606 1139 665 in
1191 607 1342 664 Arn
1362 606 1528 665 obii
1576 605 1679 665 ad·
1735 605 2049 681 antn'quum
2080 607 2263 665 vellet
2293 608 2671 682 expunctum,
2693 607 3018 668 Turrianus

397 714 602 757 versus
635 699 844 773 gentes
872 696 937 754 11.
980 704 1036 766 7,
1070 699 1131 755 et
1162 695 1493 755 Minucii
1525 695 1677 753 Feli·
1735 693 1904 753 illius
1934 713 2116 770 penes
2137 695 2413 771 antiquos
2433 694 2840 755 celebritatem
2860 715 3020 756 com-

400 786 481 845 cis
519 784 832 857 Octavium,
882 784 1101 860 quibus
1132 802 1281 843 usus
1313 787 1404 843 est
1434 784 1680 844 Fulvius
1735 784 2012 859 probanS,
2063 786 2135 842 ut
2181 785 2621 853 restitueretur,
2671 785 2881 848 effecit.
2931 786 3018 844 Ex

397 875 648 933 Ursinus
692 874 757 932 in
801 892 907 932 sua
939 873 1196 933 editione
1225 874 1442 933 Romae
1482 882 1679 944 15823
1736 872 2017 947 plurimis
2049 891 2190 932 vero
2220 873 2408 945 libris,
2447 891 2595 949 quos
2641 874 2878 951 scripsit
2921 876 3019 935 vel

399 965 460 1022 in
490 963 744 1022 Joannis
793 962 1064 1021 Cassiani
1111 981 1307 1039 opera,
1360 982 1512 1038 quae
1560 978 1681 1020 non
1737 960 1928 1019 edidit
1943 958 2006 1043 ¹),
2054 962 2376 1021 nonnullos
2422 962 2812 1022 adducemus:
2858 965 3017 1042 Doq-

398 1052 695 1128 adscripto
755 1052 995 1112 nomine
1056 1051 1269 1110 Romae
1330 1051 1683 1127 prodierunt
1736 1051 1983 1108 maticus
2022 1052 2091 1109 de
2124 1051 2538 1125 justificatione
2584 1051 2659 1110 ad
2706 1071 3019 1129 germanos

406 1151 592 1212 1580,
639 1144 701 1199 et
744 1140 810 1199 in
856 1140 1054 1216 plures
1099 1140 1390 1199 editiones
1429 1139 1679 1199 131611616-
1738 1138 2022 1198 adversus
2072 1140 2438 1200 Lutheranos
2459 1184 2472 1199 .
2494 1185 2506 1197 .
2529 1185 2543 1199 .
2563 1142 2917 1218 doqmaticus
2948 1144 3019 1200 de

403 1233 550 1289 runt
581 1230 899 1306 magnique
932 1230 1327 1288 aestimantur
1357 1250 1392 1288 a
1423 1227 1682 1288 Gerardo
1738 1229 2002 1287 electione
2032 1230 2248 1306 divina,
2283 1229 2499 1289 Romae
2540 1238 2701 1293 1557
2745 1231 2809 1289 111
2843 1241 2913 1301 4;
2946 1232 3029 1290 de

398 1319 630 1378 Joanne
665 1319 869 1378 Vossio
884 1313 963 1399 ¹);
1013 1318 1077 1377 in
1120 1319 1460 1377 Tertulliani
1507 1336 1683 1393 opera
1739 1319 1954 1375 summi
1975 1318 2269 1390 pontificis
2297 1337 2482 1394 supra
2501 1319 2800 1378 concilium
2820 1328 3015 1379 aucto-

397 1408 751 1483 conjecturae
763 1428 793 1479 ,·
842 1408 946 1465 has
977 1408 1100 1466 suis
1132 1407 1409 1483 adjunxit
1438 1407 1683 1465 Latinus
1738 1407 1912 1464 ritate
1929 1406 1991 1464 11.
2016 1414 2072 1477 3,
2090 1407 2422 1466 Florentiae
2450 1420 2475 1471 1
2492 1417 2607 1470 551
2634 1429 2647 1477 ;
2673 1419 2698 1471 1
2716 1417 2858 1479 559,
2882 1410 3015 1484 qui-

398 1496 667 1555 Latinius
702 1514 771 1555 ac
800 1498 1015 1556 Romae
1058 1496 1249 1555 edidit
1288 1506 1471 1560 1584.
1534 1496 1604 1554 111
1635 1514 1679 1556 s.
1737 1494 1851 1553 bus
1869 1494 2148 1569 adjicitur
2161 1497 2230 1554 de
2243 1497 2554 1556 residentia
2559 1503 2871 1570 pastorum
2879 1499 3023 1573 jure

398 1585 619 1644 Isidori
666 1585 960 1662 praesulis
1023 1584 1373 1660 hispalensis
1419 1585 1679 1661 etymolo-
1738 1582 1939 1642 divino
1972 1584 2194 1660 scripto
2227 1585 2456 1644 sancita
2474 1586 2512 1644 l.
2536 1581 2667 1667 (pro
2689 1605 2807 1661 quo
2830 1587 3019 1663 scrip·

395 1676 631 1751 yiarum
662 1676 722 1733 ll.
756 1678 846 1734 20
877 1678 1068 1732 notae.
1120 1675 1323 1733 Dicere
1356 1673 1455 1733 vix
1487 1675 1684 1749 potest
1739 1671 1822 1730 sit
1851 1673 2232 1749 postmodum
2262 1674 2303 1732 1.
2332 1675 2788 1750 Apologeticum
2810 1675 3016 1734 adver-

397 1764 435 1822 J
438 1781 566 1825 oan.
598 1763 778 1833 Grial,
813 1765 1105 1838 quantum
1138 1763 1265 1839 opis
1298 1763 1407 1822 hae
1440 1762 1554 1822 sibi
1589 1765 1680 1821 at·
1739 1779 1843 1819 sus
1864 1762 2066 1820 Ambr.
2088 1762 2485 1832 catharinam,
2507 1762 2771 1822 Venetiis
2800 1764 3013 1845 1562),

396 1852 649 1911 tulerint
699 1852 763 1911 in
810 1870 918 1910 sua
967 1853 1324 1927 scriptorum
1372 1870 1414 1910 6.
1467 1851 1679 1910 Isidori
1737 1853 1799 1909 et
1842 1851 1912 1908 de
1942 1852 2085 1909 actis
2114 1853 2263 1909 veris
2309 1851 2402 1911 VI.
2434 1853 2640 1927 synodi
2683 1852 2874 1927 deque
2920 1871 3014 1911 ca-

397 1941 674 2000 editione.
737 1940 1080 1999 Illustravit
1124 1944 1186 2000 et
1217 1941 1502 2016 quosdam
1535 1940 1680 1999 scri·
1736 1938 1997 1997 nonibus
2028 1940 2134 2015 qui
2166 1940 2433 2014 ejusdem
2454 1940 2548 1999 VI.
2571 1959 2698 2017 syn.
2721 1941 2868 2000 falso
2888 1960 3016 2000 esse

396 2032 596 2106 ptores
629 2030 860 2089 veteres
894 2048 1186 2089 romanoe.
1736 2027 2031 2098 feruntur,
2082 2032 2143 2086 et
2189 2030 2260 2087 de
2291 2028 2419 2087 V11.
2468 2032 2649 2105 atque
2699 2030 3017 2107 multiplici

1736 2118 1942 2175 octava
1972 2118 2029 2186 1.,
2063 2135 2215 2192 opus
2247 2136 2476 2189 rarum;
2526 2120 2595 2175 de
2624 2121 2768 2177 votis
2811 2138 3019 2177 mona-

493 2216 636 2270 123.
681 2207 1007 2266 Innumera
1048 2210 1289 2282 patrum
1334 2207 1618 2283 opuscula
1648 2225 1679 2264 e
1735 2207 1910 2279 sticis,
1943 2205 2156 2264 Romae
2186 2215 2382 2277 15613
2424 2216 2623 2275 1566;
2655 2209 2725 2265 de
2741 2208 3015 2266 coelibatu

399 2295 658 2355 tenebris
686 2295 845 2354 eruit
864 2296 1212 2355 Franciscus
1245 2296 1678 2355 Turrianus
1735 2301 1784 2351 et
1851 2295 2243 2353 matrimoniis
2300 2296 2685 2366 clandestinis,
2748 2295 3019 2355 Venetiis

401 2382 726 2467 (Torres)
740 2381 789 2465 2)
825 2387 1001 2443 natus
1042 2395 1206 2449 1504
1241 2385 1528 2443 Herrerae
1575 2404 1677 2460 pa·
1745 2393 1940 2451 15633
1974 2383 2279 2460 doymalici
2307 2385 2664 2442 characteres
2711 2383 2875 2441 Verbi
2907 2385 3014 2442 Dei

396 2474 660 2533 lentinae
707 2473 1006 2543 dioecesis,
1059 2474 1152 2531 vir
1200 2474 1363 2533 omni
1412 2473 1677 2549 discipli·
1734 2472 1806 2529 ad
1839 2472 2156 2530 catholicos
2188 2472 2534 2531 Germaniae
2574 2471 2858 2531 adversus
2908 2491 3012 2532 no-

400 2582 615 2622 narum
664 2580 878 2640 genere
928 2562 1237 2632 excellenS,
1287 2562 1677 2639 philosophus
1734 2579 1840 2620 vos
1872 2561 2243 2638 evangelicos
2275 2561 2337 2620 11.
2374 2570 2430 2632 3,
2464 2561 2797 2620 Florentiae
2827 2572 3016 2632 1561;

397 2657 457 2711 et
487 2652 805 2729 theologus
838 2652 1106 2721 eximius,
1149 2671 1391 2728 graecae
1437 2653 1678 2727 linguae
1734 2652 1803 2709 de
1834 2651 2208 2709 hierarchicis
2237 2652 2702 2710 ordinationibus
2722 2653 3011 2710 ministro-

399 2741 616 2816 peritia
646 2743 827 2816 atque
858 2741 1284 2816 exquisitarum
1318 2744 1380 2799 et
1409 2742 1676 2800 recondi·
1735 2759 1871 2797 rum
1890 2739 2176 2798 Ecclesiae
2194 2740 2502 2799 catholicae
2520 2740 2805 2798 adversus
2825 2741 3013 2798 schis-

395 2833 592 2888 tarum
624 2829 932 2888 literarum
963 2829 1300 2906 cognitione
1320 2847 1455 2888 cum
1474 2830 1677 2905 paucis
1734 2829 1978 2886 maticas
2012 2829 2349 2888 vocationes
2394 2829 2802 2888 ministrorum
2833 2833 3019 2903 atque

396 2918 804 2988 conferenduS,
830 2918 1094 2977 curiosus
1114 2918 1488 2993 antiquitatis
1507 2918 1675 2976 inda·
1735 2916 2359 2992 superintendentium
2392 2937 2461 2976 ex
2508 2918 2830 2993 Scripturis
2862 2936 2906 2976 s.
2939 2917 3012 2975 ad

395 3010 582 3084 gator.
618 3006 1035 3065 celeberrimas
1068 3008 1222 3065 enim
1254 3008 1444 3066 totius
1471 3007 1677 3065 Italiae
1734 3005 2057 3064 catholicos
2088 3005 2151 3064 ll.
2177 3014 2232 3076 2,
2255 3006 2527 3083 Dilingae
2571 3016 2764 3077 15693
2799 3006 3010 3065 adver-

396 3100 573 3171 atque
588 3096 837 3154 maxime
847 3095 1115 3172 insignes
1130 3095 1518 3154 bibliothecas
1527 3115 1676 3171 pene
1734 3113 1837 3153 sus
1852 3094 2045 3169 capita
2063 3093 2490 3170 disputationis
2510 3095 3013 3171 LipsiaeA.Frey-

398 3203 602 3243 omnes
673 3185 1167 3260 pervolutaverat,
1233 3187 1568 3243 excusserat
1617 3187 1678 3242 et
1734 3184 1856 3242 hub
1888 3184 1958 3241 de
1987 3183 2243 3242 Ecclesia
2277 3192 2326 3242 et
2356 3184 2814 3243 ordinationibus
2838 3186 3010 3241 mini-

395 3273 566 3347 quasi
598 3273 799 3333 helluo
830 3273 1115 3331 librorum
1147 3272 1474 3343 devorarat,
1504 3293 1676 3348 prae·
1731 3282 1988 3331 scr-orum,
2019 3273 2325 3347 Ecclesiae,
2360 3274 2631 3332 Coloniae
2670 3280 2872 3341 1574;
2906 3274 3011 3331 ad-

399 3362 572 3437 cipue
605 3380 943 3438 graecorum
997 3365 1058 3420 et
1106 3362 1286 3438 vulgo
1333 3363 1675 3438 ignotorum
1731 3380 1932 3420 versus
1962 3364 2156 3435 capita
2195 3362 2619 3436 disputationis
2666 3361 3013 3436 posterioris

400 3453 725 3511 auctorum.
757 3450 1043 3508 Interfuit
1080 3450 1394 3526 theologus
1434 3451 1675 3526 pontifi·
1733 3449 2018 3526 ejusdem,
2053 3449 2132 3509 ib.
2170 3460 2374 3520 15783
2434 3452 2503 3507 de
2540 3468 2612 3508 ss.
2660 3450 3016 3508 eucharistia-

399 3540 525 3598 cius
559 3539 807 3598 concilio
839 3538 1168 3597 tridentino
1201 3541 1262 3598 et
1275 3558 1426 3614 pene
1439 3540 1563 3614 jam
1584 3558 1675 3598 se·
1733 3543 2023 3598 tractatus
2056 3538 2174 3597 duo
2206 3540 2408 3598 contra
2437 3537 2747 3606 Volanum‚
2768 3537 3007 3597 Floren-

398 3647 510 3686 nex
560 3629 867 3704 ingressus
919 3630 1010 3685 est
1059 3627 1401 3686 societatem
1446 3629 1595 3687 Jesu
1625 3648 1675 3686 a.
1731 3628 1851 3686 tiae
1880 3637 2072 3696 1575;
2095 3628 2310 3686 Romae
2335 3635 2497 3688 1576
2518 3648 2531 3698 ;
2554 3626 2795 3685 Parisiis
2820 3636 2937 3690 157
2952 3637 3004 3697 7,

403 3726 585 3787 1566,
635 3717 699 3774 in
744 3735 861 3790 qua
906 3716 1119 3774 studiis
1165 3734 1397 3792 semper
1436 3716 1675 3775 deditus
1732 3734 1882 3792 opus
1914 3716 2114 3791 magni
2144 3716 2462 3785 momenti;
2507 3715 2762 3791 epistola
2800 3717 2869 3774 de
2911 3717 3012 3774 de·

402 3805 554 3864 diem
573 3823 916 3881 supremum
938 3805 1088 3863 obiit
1114 3814 1279 3868 1584
1302 3806 1394 3863 die
1413 3807 1674 3869 21.Nov.
1729 3807 1985 3881 finitione
2026 3808 2278 3879 propria
2319 3807 2540 3880 peccati
2587 3806 2891 3881 oriyinalis
2940 3822 3008 3862 ex

395 3893 459 3952 V.
495 3895 715 3952 Mariae
735 3893 1206 3952 Praesentationi
1229 3911 1393 3952 sacra
1410 3914 1528 3953 non
1549 3895 1674 3953 61116
1733 3894 2016 3969 Dionysio
2051 3897 2260 3970 Areop.
2293 3898 2355 3952 et
2385 3894 2456 3952 de
2476 3894 2855 3968 conceptione
2878 3893 3007 3951 Vir·

391 3982 593 4058 aliqua
647 3981 838 4057 ipsius
887 3981 1146 4058 Virginis
1200 3983 1261 4040 111
1299 3983 1674 4043 Franciscum
1731 3983 1891 4060 ginis
1904 3987 1964 4042 et
1977 3983 2181 4041 Matris
2195 3983 2443 4042 Deisine
2459 3987 2698 4058 peccato
2719 4001 2784 4040 ex
2809 3981 3011 4056 Scrip-

1732 4076 1868 4130 tura
1879 4072 2176 4148 angelicae
2188 4072 2564 4131 salutationis
2577 4075 2639 4130 et
2648 4071 3013 4130 testimoniis

770 4222 781 4232 .
1075 4222 1087 4232 .
1510 4222 1519 4233 ,
1731 4160 2112 4234 antiquorum
2153 4163 2410 4235 patrum,
2443 4160 2798 4237 Ingolstadii
2836 4170 3013 4224 15812

393 4311 433 4349 s.
467 4221 705 4362 Ἑοῖὲρῖῑ.
725 4222 871 4350 ¹²1¹.⁸¹i;.
892 4221 1674 4362 ,¹³²³„¹J*5‡3†¹³323·213221M‡‚323r3
1729 4249 2062 4308 F¹0r0¹1ti³0
2118 4258 2318 4320 1582³
2362 4250 2634 4325 Defensio
2679 4251 2930 4307 locorum
2962 4269 3005 4310 s.

393 4364 564 4417 ferme
591 4364 662 4418 ab
689 4364 950 4418 omnibus
993 4369 1132 4418 tunc
1157 4366 1419 4435 neglecta
1443 4369 1674 4435 propter
1731 4337 2070 4413 scripturae
2115 4339 2184 4395 de
2214 4339 2473 4397 Εθθῖθθῗα
2504 4339 2774 4397 “abdica
2807 4345 2856 4395 εἰ
2888 4338 3011 4411 ej¹⁴⁸

392 4437 571 4489 errata
611 4435 1090 4503 frequentissima,
1129 4436 1213 4489 ita
1239 4437 1490 4501 correxit,
1517 4437 1673 4491 resti·
1721 4434 1959 4499 pastore
1991 4472 2004 4486 .
2038 4471 2052 4485 .
2085 4471 2098 4484 .
2132 4427 2417 4486 adversus
2449 4427 2791 4504 nugatorias
2825 4427 3008 4485 cavil-

391 4506 518 4572 tuit,
546 4506 905 4573 emaculavit,
934 4511 1002 4561 ut
1026 4508 1212 4576 potius
1239 4523 1407 4562 curae
1433 4509 1555 4576 ejus
1582 4507 1672 4562 de-

392 4576 648 4645 beantur,
667 4594 841 4646 quam
858 4579 1106 4633 auctoris
1121 4578 1351 4648 ingenio
1364 4596 1428 4632 ac
1439 4579 1668 4633 labori.“

465 4654 504 4714 2)
532 4648 821 4704 Contundi
868 4649 961 4703 hic
998 4668 1112 4703 non
1153 4650 1319 4705 debet
1344 4668 1472 4704 cum
1497 4666 1671 4704 6111111-
1810 4652 1844 4722 ·)
1873 4649 1953 4703 Cf.
1981 4650 2186 4703 horum
2212 4649 2535 4720 catalogum
2564 4667 2654 4718 ap.
2683 4650 2951 4704 Nicero
2968 4667 3007 4702 n

391 4719 517 4772 culo
544 4737 645 4774 suo
670 4720 1195 4775 Bartholomaeo
1222 4721 1434 4785 'Pon-res,
1462 4721 1532 4775 de
1559 4738 1671 4789 quo
1728 4725 1816 4785 29,
1847 4726 1947 4777 129
1974 4739 2062 4784 66..
2102 4719 2520 4788 Sommervogel
2560 4721 2710 4777 VIII.
2743 4725 3007 4778 113—26.

391 4790 609 4858 egimus
635 4809 803 4861 supra
828 4810 883 4861 p.
911 4797 963 4848 3.
1730 4792 1835 4846 sub
1860 4810 1915 4846 n.
1944 4795 2029 4848 58.
