3625 5193
380 247 493 299 501

1404 226 1671 281 Nicolaus
1697 226 1975 283 SerariuS.

2875 246 2999 298 502

373 414 486 472 alia
520 417 663 471 sunt
713 412 1107 488 polemica,
1154 412 1271 469 alia
1301 411 1376 469 ad
1421 411 1659 469 histo·
1716 412 1837 471 suis
1867 412 2300 487 prolegomenis
2347 413 2412 470 in
2453 431 2495 471 s.
2530 411 2885 487 Scripturas.
2937 416 3001 473 in

372 503 572 561 riam
605 500 811 559 referri
843 506 1113 576 possunt.
1177 500 1396 559 Prioris
1428 501 1660 577 generis
1717 501 1935 575 quibus
1968 502 2344 576 quaestiones
2361 502 2566 577 plures
2600 501 2876 572 breviter,
2900 504 3000 562 sed

375 594 548 651 sunt:
596 591 773 649 Josue
818 590 891 647 ab
936 597 1097 647 utero
1137 591 1214 647 ad
1252 592 1443 665 ipsum
1486 608 1661 665 usque
1715 589 1902 648 solide
1951 594 2298 665 pertractat.
2360 590 2453 648 Ad
2508 609 2551 647 e.
2603 590 2806 649 literas
2858 592 3001 650 illu-

372 678 942 754 tumulumeMoysis
971 677 1187 748 Exodo,
1219 678 1501 747 Levitico,
1532 678 1660 736 Nu·
1716 678 1986 737 strandas
2037 678 2242 737 referri
2275 697 2512 753 quoque
2543 683 2799 754 possunt
2829 681 3003 756 plura

372 769 567 839 meris,
607 767 1078 836 Deuteronomio,
1115 774 1175 825 et
1220 787 1254 824 a
1298 767 1538 844 proprio
1570 767 1659 842 ip-

373 857 494 916 sius
531 858 686 916 libro
732 860 859 915 toto
904 875 970 913 ac
1014 855 1471 932 paralipomenis
1514 855 1569 913 ll.
1621 865 1653 919 5

371 947 722 1022 explanatus
756 949 797 1003 t.
834 954 868 1007 2
905 945 968 1002 in
1000 945 1068 1005 f.:
1102 945 1441 1021 Moguntiae
1470 954 1656 1013 1609,

385 1046 583 1103 1610;
616 1033 889 1092 Lutetiae
923 1032 1282 1091 Parisiorum
1321 1043 1518 1101 1610;
1553 1033 1653 1091 Co·

371 1125 565 1181 Ioniae
625 1134 810 1191 1610,
872 1122 1326 1180 commentarius
1377 1121 1657 1197 insignis3

372 1212 609 1270 Judices
656 1218 708 1269 et
757 1212 914 1269 Ruth
959 1207 1269 1285 explanati,
1318 1210 1663 1286 Moguntiae

381 1311 543 1364 1609
581 1300 645 1358 in
664 1302 735 1367 f.;
769 1299 1040 1358 Lutetiae
1075 1300 1428 1358 Parisiorum
1474 1309 1657 1368 16113

374 1393 435 1447 in
466 1409 543 1447 ss.
575 1386 904 1447 divin-orum
952 1388 1255 1447 bibliorum
1306 1390 1359 1446 ll.
1405 1389 1655 1459 Tobiam,

380 1479 612 1551 Judith,
644 1478 871 1552 Esther,
907 1477 1285 1535 Machabaeos
1315 1485 1655 1535 commenta-

371 1571 515 1643 rius,
550 1567 897 1643 Moguntiae
949 1575 1113 1629 1599
1162 1566 1223 1624 in
1256 1577 1326 1635 4;
1385 1575 1544 1629 1610
1592 1566 1658 1623 in

373 1656 408 1713 f.
429 1677 442 1725 ;
463 1656 739 1714 Lutetiae
755 1656 1114 1713 Parisiorum
1141 1665 1295 1717 1611
1323 1676 1337 1725 ;
1371 1657 1499 1731 ejus
1522 1674 1657 1730 pars

373 1744 828 1805 scil.inTobiam
865 1749 927 1803 et
946 1743 985 1801 J
987 1744 1159 1803 udith
1186 1744 1479 1819 reperitur
1508 1763 1656 1819 quo-

371 1853 483 1909 que
527 1834 592 1892 in
636 1833 788 1891 thes.
839 1853 881 1891 s.
934 1833 1273 1907 Scripturae
1323 1833 1411 1891 ed.
1460 1833 1656 1909 Migne

372 1928 411 1980 t.
454 1934 548 1985 12.
582 1926 643 1981 et
684 1932 776 1984 13.
822 1922 893 1979 In
926 1922 981 1979 ll.
1014 1923 1234 1998 Reyum
1265 1930 1314 1979 et
1348 1921 1654 1997 Paralipo-

372 2031 569 2069 menon
600 2013 1012 2069 commentaria
1049 2011 1383 2085 posthuma,
1402 2011 1651 2087 Mogun-

371 2101 483 2158 tiae
523 2108 726 2171 16123
769 2109 931 2162 1617
968 2099 1127 2169 inf.;
1157 2100 1438 2175 Lugduni
1469 2109 1653 2169 16183

370 2188 773 2266 Proleyomena
822 2189 1024 2246 biblica
1071 2196 1120 2246 et
1150 2190 1561 2246 commentaria
1594 2190 1655 2245 in

370 2297 559 2336 omnes
622 2279 888 2353 epistolas
937 2279 1259 2348 canonicas,
1312 2278 1656 2354 Moguntiae

384 2377 579 2437 16123
657 2366 937 2442 Lugduni
1024 2376 1210 2428 1704.
1318 2366 1653 2425 Secundum

370 2455 621 2514 Richard
670 2452 930 2535 Simon1)
975 2473 1178 2514 omnes
1227 2455 1436 2513 habuit
1482 2455 1652 2513 Sera·

371 2545 496 2604 rius
531 2545 702 2603 dotes
752 2544 1068 2620 interpreti
1102 2564 1144 2602 S.
1181 2544 1517 2620 Scripturas
1550 2563 1651 2603 ne-

368 2634 682 2693 cessarias:
746 2653 867 2691 non
917 2635 1109 2693 solum
1161 2635 1319 2692 enim
1381 2637 1654 2692 accurate

368 2723 621 2781 callebat
652 2722 889 2798 linguas
920 2741 1192 2799 graecam
1209 2726 1269 2780 et
1302 2723 1653 2791 hebraicam,

372 2831 435 2870 ac
466 2813 658 2870 multo
691 2812 905 2870 melius
937 2831 1114 2886 quam
1145 2811 1246 2869 alii
1278 2812 1652 2886 interprete8‚

372 2920 577 2958 verum
609 2902 878 2959 versatus
912 2919 1151 2975 quoque
1182 2904 1309 2958 erat
1347 2901 1411 2958 in
1433 2920 1478 2958 s.
1501 2899 1652 2957 Scri·

371 2996 581 3065 pturae
633 2989 771 3046 stilo
821 2990 1200 3062 multumque
1262 2989 1402 3047 huic
1454 2989 1653 3047 studio

370 3085 495 3136 erat
526 3078 783 3136 deditus.
817 3077 962 3153 Ejus
982 3082 1181 3135 tamen
1202 3078 1517 3136 methodus
1532 3097 1652 3135 non

370 3171 461 3224 sat
489 3166 697 3225 critica
726 3170 834 3234 est,
859 3167 1102 3241 suisque
1123 3166 1558 3225 commentariis
1592 3171 1653 3224 et

370 3255 825 3330 quaestionibus
876 3255 1053 3314 nimis
1103 3255 1399 3313 immiscet
1451 3255 1651 3313 erudi-

368 3345 591 3402 tionem
643 3343 976 3413 ascititiam,
1030 3349 1088 3401 et
1139 3345 1276 3401 licet
1309 3345 1391 3403 sit
1422 3345 1649 3415 doctus,

368 3453 484 3491 non
520 3453 749 3508 semper
781 3443 873 3490 sat
904 3437 996 3490 est
1029 3439 1283 3491 exactus.
1351 3433 1651 3508 Sagacitas

368 3523 491 3596 ejus
540 3527 602 3580 et
647 3522 957 3597 ingenium
1003 3523 1250 3579 maxime
1293 3521 1601 3580 eminent
1589 3541 1652 3579 ιιι

370 3709 590 3779 scriptis
636 3708 941 3778 exegeticis
986 3708 1127 3762 Falk
1170 3709 1606 3764 Bibelstudien
1591 3728 1652 3762 111

368 3781 555 3835 Mainz
584 3782 638 3834 S.
665 3785 966 3838 2062-210.

442 3857 478 3922 Γ)
511 3852 753 3906 Histoire
780 3850 903 3906 crit.
932 3852 1006 3904 du
1039 3851 1101 3905 V.
1130 3851 1193 3908 T.
1220 3851 1256 3907 l.
1283 3856 1333 3908 3.
1361 3869 1406 3904 c.
1429 3856 1511 3908 12.
1541 3859 1652 3904 An-

367 3923 488 3978 dres
516 3924 553 3977 1.
582 3940 625 3976 c.
657 3941 711 3992 p.
739 3929 789 3980 6.
814 3923 853 3978 1.
880 3929 930 3983 2,
959 3940 1003 3976 c.
1032 3927 1094 3976 3:
1127 3925 1348 3984 „Ancor
1377 3923 1646 3990 quando
1632 3941 1652 3975 1

365 3995 562 4064 lunghi
591 3993 981 4048 commentarii
1007 3994 1100 4047 del
1121 3993 1337 4048 Serario
1365 4011 1481 4046 non
1507 4012 1651 4047 com-

367 4081 692 4134 pensassero
720 4083 823 4118 con
865 4065 1027 4119 molti
1065 4066 1226 4134 pregi
1261 4066 1318 4119 la
1345 4065 1649 4134 prolissita,

365 4137 711 4191 ridondanza
736 4137 794 4190 di
822 4152 944 4190 cose
965 4152 1078 4189 non
1100 4136 1408 4190 necessarie
1428 4136 1496 4190 ed
1517 4135 1651 4190 altri

365 4207 591 4272 diffetti,
620 4223 776 4261 come
801 4207 844 4260 11
871 4224 1245 4275 compensano
1273 4206 1650 4276 pieuatnente,

368 4280 434 4331 ne
452 4279 504 4332 le
526 4278 751 4347 qualita
783 4278 1161 4347 d'interprete
1182 4278 1326 4332 delle
1362 4277 1651 4343 Scritture,

365 4350 460 4402 che
486 4350 541 4403 al
569 4349 691 4403 dire
720 4348 814 4403 del
840 4350 1034 4403 Simon
1061 4349 1205 4403 tutti
1225 4350 1286 4402 in
1311 4348 1395 4402 lui
1417 4350 1462 4403 si
1490 4350 1649 4403 ritro-

366 4438 510 4474 vano
538 4421 892 4474 felicemente
916 4421 1148 4485 riunite‚
1188 4421 1271 4491 gli
1297 4421 1649 4475 meritasseio

365 4492 667 4560 particolar
694 4509 877 4555 nome,
904 4492 1140 4547 bastano
1182 4492 1233 4546 le
1261 4492 1414 4546 savia
1439 4509 1539 4562 reg
1543 4491 1649 4555 ole‚

364 4564 461 4617 che
488 4563 708 4633 spande
725 4579 836 4644 ‘per
860 4533 896 4614 l'
913 4564 1186 4633 esegetica
1214 4563 1367 4632 negli
1389 4563 1593 4617 eruditi
1621 4581 1649 4616 e

364 4634 575 4704 copiosi
613 4634 743 4687 suoi
778 4633 1180 4704 prolegomeni‚
1224 4653 1321 4705 per
1361 4635 1543 4704 dargli
1573 4633 1650 4686 di-

1714 766 1982 842 ejusdem
2033 786 2210 843 opera
2260 768 2557 837 historica,
2623 787 2774 842 quae
2824 773 2993 828 sunt:

1713 856 1968 914 Josuani
2017 858 2372 929 sacerdotes;
2420 858 2488 914 de
2519 856 2843 916 Salomonis
2864 880 3000 933 pec-

1711 952 1836 1004 cato
1868 952 1918 1002 et
1939 948 2288 1020 poenitentia
2304 965 2333 1017 ,·
2362 946 2638 1003 Naaman
2660 946 2847 1021 Syrus
2865 950 3002 1022 jam

1712 1053 1895 1092 sanus
1905 1055 1931 1108 ,·
1967 1035 2394 1092 Triboci-esium
2412 1053 2512 1092 seu
2531 1035 2600 1092 de
2617 1035 3001 1095 celeberrimis

1713 1122 1900 1180 tribus
1918 1125 2079 1195 apud
2088 1122 2345 1182 Judaeos
2356 1121 2829 1199 Pharisaeorum,
2846 1125 3001 1183 Sad-
3045 1133 3051 1137 ⁴

1713 1213 2062 1270 ducaeorum
2094 1218 2145 1269 et
2175 1212 2527 1270 Essenorum
2559 1214 2739 1289 sectis,
2791 1213 2865 1271 ad
2895 1235 2996 1272 va—

1711 1301 1832 1358 rios
1864 1301 2184 1376 utriusque
2235 1300 2297 1364 T.
2329 1303 2717 1376 veterumque
2750 1302 2998 1378 scripto-

1711 1408 1846 1446 rum
1879 1390 2035 1448 locos
2065 1389 2524 1465 intelligendum
2573 1393 2636 1447 et
2665 1390 2739 1447 ad
2770 1410 2998 1466 nupero

1711 1477 1882 1538 Joan.
1930 1478 2131 1536 Drusii
2176 1478 2246 1536 de
2280 1478 2590 1536 Hasidaeis
2641 1478 2842 1537 libello
2874 1499 2996 1538 res-

1712 1567 2117 1641 pondendum,
2155 1568 2495 1643 Moguntiae
2535 1578 2700 1630 1604
2737 1568 2799 1626 in
2835 1580 2890 1639 8,
2925 1568 2998 1628 ad

1713 1655 1871 1730 quod
1923 1674 2058 1714 cum
2107 1655 2282 1714 laude
2327 1659 2605 1731 provocat
2637 1657 2915 1716 Petavius
2930 1656 2996 1737 ¹),

1714 1744 2008 1802 scribens:
2076 1746 2202 1812 ,De
2234 1744 2455 1820 quibus
2490 1741 2691 1825 (sectis
2716 1744 2996 1829 judaicis)

1712 1833 1994 1907 quoniam
2059 1853 2288 1892 summa
2350 1852 2483 1893 cum
2547 1834 2879 1893 eruditione
2932 1855 3002 1893 ac

1711 1922 2031 1999 diligentia
2076 1923 2341 1981 Serarius
2386 1927 2589 1981 noster
2637 1934 2671 1985 3
2707 1924 2765 1981 ll.
2814 1924 2996 1983 disse-

1709 2010 1852 2078 ruit,
1902 2016 1962 2069 et
2006 2030 2157 2084 quae
2189 2031 2222 2068 a
2255 2030 2345 2069 me
2392 2012 2692 2070 observari
2725 2020 2995 2087 possunt,

1710 2100 2020 2174 occupavit
2065 2100 2278 2168 omnia,
2327 2100 2606 2175 cupidum
2654 2120 2856 2159 earum
2904 2121 2993 2159 re·

1709 2208 1843 2246 rum
1877 2189 2154 2247 lectorem
2201 2188 2274 2245 ad
2324 2189 2488 2246 illius
2523 2188 2996 2248 lucubrationem

1709 2276 2134 2335 dimittendum
2213 2277 2412 2351 potius
2475 2278 2750 2347 arbitror,
2815 2298 2995 2352 quam

1711 2366 1901 2424 otiosa
1936 2364 2289 2440 repetitione
2321 2366 2772 2424 detinendum!¹
2837 2367 2992 2424 Rub-

1712 2456 1831 2512 bini
1852 2462 1901 2512 et
1921 2455 2197 2529 Herodes,
2227 2473 2332 2512 seu
2351 2455 2424 2513 de
2442 2458 2570 2513 tota
2590 2455 2993 2513 Rabbinorum

1709 2548 1905 2622 gente,
1927 2543 2265 2620 partitione,
2296 2544 2607 2616 creatione,
2642 2544 2995 2605 auctoritate

1711 2634 2102 2708 pluribusque
2135 2634 2312 2692 rebus
2347 2634 2475 2692 aliis
2497 2638 2555 2692 et
2577 2634 2754 2692 sacris
2775 2638 2836 2692 et
2855 2653 2992 2710 pro-

1710 2723 1882 2793 ianiS‚
1925 2723 2175 2780 maxime
2221 2723 2293 2780 de
2325 2723 2572 2781 Herodis
2619 2723 2856 2799 tyranni
2889 2743 2995 2782 na-

1709 2811 1952 2880 talibus,
1984 2811 2317 2882 Judaismo,
2365 2812 2663 2878 uxoribus,
2700 2812 2902 2870 liberis
2935 2817 2996 2871 et

1709 2919 1891 2976 regno
1955 2901 2011 2957 ll.
2080 2911 2114 2961 3
2181 2901 2463 2959 adversus
2524 2901 2564 2959 J
2568 2919 2645 2958 oa.
2711 2901 2996 2978 Scaligeri

1710 2989 2057 3047 eusebianas
2119 2991 2532 3048 annotationes
2594 2995 2653 3047 et
2700 2990 2753 3046 J.
2798 2990 2995 3048 Drusii

1710 3077 2171 3152 responsionem,
2225 3079 2567 3155 Moguntiae
2610 3088 2768 3141 1607
2823 3079 2886 3136 in
2924 3088 2992 3148 83

1708 3167 1775 3223 de
1812 3170 1893 3225 12
1925 3169 2142 3224 sanctis
2177 3168 2247 3230 D.
2280 3168 2351 3227 N.
2374 3168 2432 3224 J.
2475 3167 2693 3225 Christi
2725 3171 2997 3240 apostolis

1782 3361 1821 3420 ι)
1850 3355 1938 3407 Ad
1966 3353 2275 3423 Epiphanii
2311 3354 2521 3408 haeres.
2552 3359 2637 3410 14.
2665 3358 2857 3406 annot.
2911 3355 2992 3413 Cf

1708 3426 1776 3478 ad
1803 3427 1957 3478 haer.
1985 3429 2071 3480 20.
2099 3443 2154 3479 ιι.
2184 3430 2232 3481 1.
2285 3425 2644 3493 Opinabatur
2667 3424 2946 3477 Drusius
2931 3443 2991 3477 ln

1708 3514 1797 3566 op.
1843 3501 2216 3563 Quaestionum
2275 3499 2558 3550 hebraicar
2559 3515 2644 3548 um
2699 3500 2751 3553 ll.
2803 3501 2851 3558 3,
2905 3496 2992 3550 ed.

1706 3573 1756 3623 2.
1784 3567 2016 3630 auctior,
2045 3565 2396 3620 Franckerac
2425 3566 2626 3623 15991.
2658 3572 2705 3622 1.
2734 3585 2786 3634 q.
2806 3569 2993 3621 47118-

1707 3637 1942 3702 sidaeos,
1983 3654 2227 3703 quorum
2267 3637 2478 3691 mentio
2521 3637 2756 3691 occurrit
2799 3643 2846 3693 1.
2881 3639 2993 3691 Ma·

1708 3709 1864 3762 chab.
1894 3713 1946 3772 2,
1970 3713 2070 3787 42·
2098 3712 2149 3773 8,
2167 3711 2266 3779 13;
2294 3713 2344 3764 2.
2361 3707 2501 3763 Mac.
2521 3713 2603 3772 14,
2622 3715 2670 3766 6.
2690 3708 2959 3763 nonfuiss
2964 3729 2991 3763 e

1706 3780 1817 3833 nisi
1844 3779 1971 3833 illos
1988 3778 2135 3832 viros
2153 3754 2432 3850 sapientes
2453 3780 2688 3845 Israelis,
2717 3780 2816 3847 qui
2847 3783 2996 3848 post·

1705 3852 1934 3905 modum
1965 3850 2098 3903 dicti
2130 3854 2265 3904 sunt
2278 3851 2559 3904 Pharisaei
2590 3855 2762 3920 atque
2782 3851 2992 3904 Saddu-

1707 3923 1857 3976 caeis
1884 3922 2348 3986 adversabantur,
2367 3940 2688 3991 nomenque
2705 3923 2868 3975 Assid
2873 3940 2991 3976 aeo-

1706 4012 1834 4047 rum
1861 3993 2104 4046 haesisse
2131 3993 2370 4049 Essenis.
2416 3994 2706 4048 Tuebatur
2731 4011 2862 4047 vero
2891 3995 2925 4046 S
2943 4011 2992 4047 e-

1705 4064 1950 4118 rarius
1976 4063 2035 4118 in
2063 4082 2164 4116 suo
2191 4066 2259 4118 ad
2288 4066 2543 4118 Machab.
2571 4066 2630 4121 ll.
2652 4070 2992 4118 commenta-

1706 4137 1788 4189 rio
1818 4152 1908 4189 eos
1934 4135 2086 4204 ipsos
2108 4153 2226 4190 esse
2248 4136 2481 4190 Essenos
2508 4139 2683 4205 atque
2711 4137 2992 4204 distingui

1707 4226 1739 4260 a
1756 4205 2090 4270 Pharisaeis,
2117 4223 2426 4276 eorumque
2460 4209 2685 4261 nomine
2707 4207 2991 4276 designari

1707 4282 1934 4342 sectam,
1964 4295 2110 4344 quae
2150 4279 2421 4332 virtutem
2458 4283 2742 4331 austeram
2768 4279 2992 4346 profite-

1708 4351 1893 4404 batur.
1922 4348 2068 4401 Huic
2090 4351 2401 4404 sententiae
2427 4349 2698 4419 opposuit
2723 4349 2989 4401 Drusius:

1706 4423 1788 4475 De
1808 4423 2111 4488 Hasidaeis,
2140 4438 2385 4489 quorum
2411 4421 2667 4474 mentio'
2653 4439 2713 4473 ιιι
2730 4420 2787 4473 11.
2808 4419 2989 4474 Mach.

1706 4492 1951 4555 libellus,
1982 4490 2330 4545 Franckerae
2359 4495 2514 4556 1603,
2555 4492 2645 4544 (ui
2686 4491 2992 4561 respondet

1706 4563 1741 4615 S
1758 4580 1786 4616 e
1804 4581 1831 4613 r
1848 4563 2002 4616 ariu
2020 4580 2045 4614 s
2083 4563 2247 4626 111)1·ο,
2274 4564 2342 4617 de
2369 4580 2482 4630 quo
2509 4579 2658 4615 nunc
2683 4562 2988 4630 loquimur.

1705 4634 1814 4686 Diu
1842 4633 2031 4687 tenuit
2064 4635 2200 4688 haec
2227 4634 2620 4698 controversia,
2650 4634 2801 4687 ultro
2829 4633 2991 4686 citro-

363 4706 537 4759 stinto
588 4707 757 4775 posto
806 4705 911 4758 fra
924 4705 1025 4773 piu
1072 4706 1251 4759 lodati
1312 4708 1648 4760 commenta-
1704 4722 1816 4774 que
1845 4704 2086 4774 protulit
2110 4722 2260 4759 nova
2284 4721 2567 4773 responsa,
2594 4676 2662 4758 de
2691 4705 2894 4772 quibus
2917 4704 2986 4756 cf.

363 4777 520 4832 tori.-

1703 4777 1918 4830 Backer
1945 4777 2036 4841 111,
2067 4780 2184 4832 763.
