3625 5193
433 275 456 326 1
478 273 509 324 7
1378 257 1678 326 Sacconay,
1713 258 2082 329 Espencaeus.
2955 274 3031 329 13

420 461 599 518 opera
628 441 846 517 degens
881 440 944 524 (†
986 439 1194 527 1580).
1229 444 1454 503 Novam
1479 439 1707 527 (1561)
1761 444 2021 504 filiorum
2051 442 2498 502 matrimonium
2539 442 2687 501 citra
2725 444 3036 517 parentum

407 530 649 590 curavit
678 551 768 607 op.
791 532 1028 591 Fisheri
1048 533 1118 591 de
1136 537 1360 609 septem
1377 551 1705 592 sacramen·
1761 552 2108 593 consensum
2128 532 2349 591 initum
2369 549 2495 590 esse
2515 531 2863 593 invalidum.
2897 531 3036 588 Edi-

409 620 496 678 tis
526 620 848 679 editionem
882 625 944 679 et
982 621 1140 681 inter
1160 622 1276 680 alia
1306 622 1588 681 disseruit
1610 625 1706 682 Du
1761 622 1852 681 dit
1899 623 2076 680 etiam
2126 619 2577 680 commentarios
2628 623 2689 678 in
2738 621 3037 694 epistolam

410 709 576 786 Sanq
604 711 685 767 du
713 712 846 768 vrai
891 729 1067 786 corps
1096 712 1164 769 de
1195 710 1268 771 N.
1300 711 1362 773 S.
1397 712 1456 769 J.
1496 711 1705 775 Christ.

405 798 659 898 Legitur
689 798 971 858 Calvinus
1006 818 1143 858 eum
1174 819 1316 876 prae
1362 800 1571 876 primis
1623 802 1701 859 ti·

408 906 653 949 muisse.

516 1157 609 1215 10.
643 1154 822 1213 Hisce
839 1155 1019 1230 plura
1041 1155 1285 1231 scrIpsit
1305 1156 1705 1231 majoremque

417 1243 676 1302 nominis
701 1243 919 1301 famam
947 1249 1302 1304 consecutus
1319 1248 1408 1304 est
1424 1246 1704 1304 Claudius

418 1332 916 1408 Espencaeus
950 1333 1030 1416 (d'
1049 1331 1354 1411 Espence),
1389 1338 1569 1393 natus
1599 1335 1701 1393 Ca·

417 1421 634 1480 tillonii
675 1440 725 1479 a.
769 1430 951 1483 l5l.1.
1017 1421 1244 1481 Studiis
1276 1442 1512 1499 operam
1543 1422 1706 1482 dedit

412 1510 660 1569 Parisiis
707 1511 770 1567 in
815 1511 1066 1588 collegio
1111 1513 1472 1582 navarrensi,
1513 1516 1706 1571 rector

413 1599 751 1658 academiae
769 1599 1115 1674 parisiensis
1147 1594 1377 1681 (1540)
1412 1604 1474 1660 et
1504 1600 1707 1661 doctor

413 1688 767 1746 sorbonicus
813 1692 1045 1747 creatus
1094 1693 1186 1748 est
1230 1709 1280 1748 a.
1323 1699 1506 1752 1542.
1557 1690 1703 1749 Con·

412 1778 850 1836 saltationibus
883 1778 946 1835 in
967 1778 1158 1836 Gallia
1179 1779 1416 1850 habitis,
1450 1780 1705 1854 praeviis

414 1865 687 1925 Concilio
702 1866 1046 1936 tridentino,
1060 1866 1151 1926 bis
1162 1867 1440 1927 interfuit
1456 1865 1704 1950 (Meluni

416 1975 472 2013 a.
521 1964 682 2017 1547
719 1959 780 2012 et
810 1955 1121 2014 Aureliani
1142 1977 1191 2018 a.
1220 1953 1414 2037 1560)
1435 1958 1704 2033 ipsisque

410 2044 636 2120 legatis
682 2044 757 2102 ad
802 2045 1118 2104 concilium
1148 2046 1476 2105 Bononiam
1508 2051 1703 2106 trans·

415 2134 616 2191 latum
648 2133 965 2208 adjunctus
998 2134 1119 2192 fuit
1148 2155 1183 2193 a
1212 2154 1351 2211 rege
1383 2129 1458 2215 (a.
1487 2131 1702 2216 1547),

413 2240 556 2280 mox
587 2240 726 2279 vero
759 2222 1004 2281 concilio
1036 2223 1221 2282 dilato
1254 2224 1320 2281 in
1339 2224 1588 2283 Galliam
1613 2243 1699 2283 re-

1758 713 2015 787 primam
2046 712 2124 769 ad
2162 711 2529 784 Timotheum,
2572 717 2770 778 15643
2822 712 2883 767 in
2915 711 3033 783 epi-

1759 802 1963 859 stolam
2012 801 2091 858 ad
2151 800 2337 857 Titum
2389 817 2523 857 cum
2565 798 3036 875 digressionibus

1768 901 1793 952 1
1811 899 1954 958 568,
1989 889 2305 964 in·quibus
2326 888 2501 946 nimis
2522 887 2748 962 prolixe
2769 887 2840 946 de
2856 878 3035 961 quae-

1762 979 2060 1037 stionibus
2081 978 2353 1053 disputat
2373 977 2444 1036 ad
2459 976 2816 1053 theologiam
2837 979 3037 1051 pasto-

1760 1069 1962 1138 ralem,
1997 1066 2398 1136 hierarchiam,
2446 1065 2816 1141 disciplinam
2856 1065 3037 1123 eccle-

1761 1157 2056 1215 siasticam
2087 1155 2545 1231 pertinentibus,
2580 1154 2911 1230 acriterque
2944 1154 3037 1211 in-

1761 1245 2001 1304 vehitur
2032 1245 2092 1303 in
2125 1245 2364 1315 abusae,
2417 1261 2565 1317 quos
2598 1243 2912 1318 exprobrat
2941 1261 3036 1300 ro-

1761 1354 1968 1393 manae
2018 1331 2290 1411 ouriae1).
2353 1333 2625 1391 Laudant
2669 1332 2839 1390 illum
2905 1332 3037 1406 qui-

1759 1423 1892 1482 dem
1923 1423 2197 1482 nonnulli
2219 1424 2291 1481 ab
2311 1422 2666 1493 eruditione,
2682 1427 2754 1479 ut
2771 1415 3037 1501 Wiest2),

1766 1513 1855 1571 Du
1887 1509 2079 1592 Pin⁸)‚
2128 1531 2304 1587 quem
2350 1515 2410 1569 et
2442 1511 2632 1569 Feller
2681 1509 3036 1588 sequitur⁴),

1760 1605 1932 1660 notat
1991 1605 2192 1660 tamen
2240 1600 2490 1659 Michael
2541 1619 2575 1657 a
2626 1618 2671 1657 s,
2721 1596 3037 1674 Joseph5):

1764 1691 1990 1759 ,Nemo
2040 1690 2454 1765 theologorum
2505 1688 2938 1764 parisiensium,
2990 1686 3036 1745 si

1762 1779 2072 1838 Scaevolae
2118 1778 2567 1837 Sammarthano
2618 1777 2781 1848 fides,
2829 1776 3038 1850 majori

1760 1868 2026 1928 omnium
2059 1868 2334 1926 ordinum
2367 1885 2656 1925 concursu
2696 1870 2757 1924 et
2786 1865 3037 1924 admira-

1760 1958 1924 2017 tione
1975 1957 2315 2033 frequentes
2365 1955 2438 2014 de
2487 1956 2667 2014 rebus
2717 1954 2934 2013 divinis
2965 1954 3040 2011 ad

1760 2046 2050 2123 populum
2095 2046 2403 2106 conciones
2450 2045 2672 2112 habuit,
2721 2063 2900 2119 quam
2933 2044 3039 2101 Es·

1761 2154 2052 2212 pencaeus
2103 2138 2174 2193 ut
2223 2135 2327 2210 qui
2359 2134 2432 2192 ad
2463 2152 2681 2192 munus
2726 2133 2889 2192 istud
2922 2133 3036 2190 cla·

1761 2224 2066 2283 rissimum
2098 2224 2368 2281 eximiam
2414 2223 2681 2281 eruditae
2725 2220 3038 2281 facundiae

413 2310 555 2368 diit.
621 2310 766 2368 Cum
829 2312 1181 2370 cardinalem
1233 2313 1703 2391 Lotharingium‚
1759 2314 1994 2373 laudem
2026 2313 2479 2386 firmissimaque
2499 2312 2685 2369 latera
2714 2314 2775 2369 et
2806 2313 3039 2386 gestum

413 2417 607 2475 penes
655 2418 831 2473 quem
876 2401 1133 2460 multum
1176 2402 1408 2460 valebat
1448 2404 1704 2462 auctori-

415 2493 570 2557 tate,
623 2488 863 2546 Romam
925 2490 1323 2561 comitaretur,
1387 2492 1557 2550 Pauli
1607 2492 1704 2550 IV.

418 2577 544 2636 sibi
621 2577 960 2638 conciliavit
1035 2581 1287 2656 gratiam
1351 2576 1426 2661 (a.
1490 2577 1704 2663 1555),

417 2667 574 2726 adeo
606 2670 677 2725 ut
708 2668 975 2742 pontifex
994 2669 1067 2727 de
1088 2688 1155 2728 eo
1177 2670 1568 2729 cardinalium
1588 2672 1704 2730 col-

419 2756 585 2833 legio
616 2756 942 2831 adlegendo
988 2758 1352 2835 cogitaverit.
1414 2758 1485 2817 In
1530 2760 1707 2819 collo-

419 2846 573 2920 quio
619 2845 893 2904 Possiaco
938 2847 1146 2905 Bezam
1196 2848 1408 2906 habuit
1437 2848 1705 2907 adversa-

420 2936 605 3003 rium,
639 2938 851 2992 contra
879 2953 1055 3009 quem
1086 2936 1488 3005 traditionem,
1509 2938 1709 2996 Eccle-

420 3024 553 3082 siae
586 3022 1087 3095 infallibilitatem,
1121 3025 1345 3086 ordinis
1380 3043 1711 3085 sacramen·

417 3116 560 3171 turn
595 3114 704 3170 etc.
738 3111 1092 3172 vindicavit:
1125 3132 1244 3190 quo
1275 3118 1480 3173 tamen
1510 3114 1574 3172 in
1594 3115 1709 3175 col·

1762 2404 1881 2462 oris
1912 2402 2159 2460 maxime
2192 2401 2494 2459 decentem
2527 2400 2777 2458 afferret.
2809 2398 3037 2458 Nihilo-

1762 2492 1962 2551 minus
1996 2491 2171 2566 plura
2202 2490 2358 2548 inter
2378 2488 2846 2549 concionandum
2868 2487 3035 2553 dixit,

1763 2601 1913 2658 quae
1945 2580 2041 2639 vel
2061 2579 2300 2639 omnino
2329 2577 2574 2638 tolerari
2605 2596 2726 2637 non
2757 2577 3039 2636 deberent

1764 2672 1859 2730 vel
1890 2671 1956 2728 in
1987 2689 2239 2746 pravum
2260 2687 2497 2727 sensum
2513 2668 2684 2726 facile
2700 2667 3040 2740 detorqueri

1764 2763 2010 2835 possent
2042 2803 2053 2815 .
2088 2803 2101 2816 .
2136 2804 2146 2815 .
2183 2804 2195 2815 .
2261 2759 2504 2817 Constat
2550 2775 2689 2816 sane
2731 2756 3041 2815 Claudium

1763 2851 1827 2906 in
1858 2848 2030 2906 libris
2063 2848 2201 2917 suis,
2238 2866 2386 2922 quos
2427 2864 2641 2923 magno
2673 2863 2919 2904 numero
2952 2845 3044 2903 lu·

1767 2937 2052 3005 cubravit‚
2100 2955 2220 2995 non
2264 2955 2397 2995 raro
2430 2935 2806 3003 claudicasse,
2860 2952 3043 3007 eaque

1765 3026 2083 3101 scripsisse,
2147 3044 2299 3101 quae
2360 3024 2570 3083 merito
2620 3022 2881 3099 expungi
2945 3023 3041 3080 de-

1763 3117 1947 3173 buere
1978 3117 2132 3176 etc.‘
2197 3114 2274 3172 Et
2323 3132 2528 3172 revera
2577 3131 2711 3171 cum
2757 3111 3045 3187 quaedam

417 3201 632 3276 loquio
721 3219 840 3260 non
934 3202 1330 3279 undequaque
1423 3204 1709 3263 satisfecit
1766 3204 2013 3263 liberius
2057 3203 2377 3279 minusque
2427 3201 2753 3278 prudenter
2798 3200 3046 3258 dixisset

418 3290 856 3349 catholicorum
873 3292 1317 3367 exspectationi,
1339 3312 1522 3368 quare
1543 3312 1707 3352 suam
1764 3294 1830 3351 in
1861 3292 2257 3361 concionibuS,
2291 3309 2439 3366 quas
2490 3311 2540 3349 a.
2580 3299 2741 3354 1543
2792 3288 3044 3364 quadra-

421 3378 713 3453 loquendi
763 3382 824 3437 et
870 3380 1082 3457 agendi
1147 3382 1434 3441 rationem
1482 3382 1710 3457 prolixa
1765 3383 2023 3458 gesimae
2055 3384 2319 3457 tempore
2350 3379 2580 3448 habuit,
2631 3399 2700 3438 ex
2751 3378 3047 3437 sententia

418 3466 696 3527 defendit
726 3469 1013 3545 apologia,
1046 3469 1291 3529 Parisiis
1331 3481 1514 3534 1569.
1577 3471 1711 3530 Alia
1766 3471 2064 3530 Sorbonae
2122 3469 2332 3528 debuit
2376 3468 2667 3527 nonnulla
2719 3468 3045 3525 retractare

418 3557 623 3615 adhuc
667 3556 878 3615 habuit
916 3559 1208 3634 ejusmodi
1253 3559 1544 3634 colloquia
1575 3579 1707 3619 cum
1766 3561 1863 3619 vel
1894 3559 2143 3629 mollire,
2177 3557 2337 3633 quod
2370 3557 2436 3615 in
2468 3557 2743 3617 concione
2781 3565 2878 3618 21.
2902 3556 2941 3614 J
2944 3575 3041 3613 un.

419 3645 720 3704 ministris
751 3647 1098 3706 calvinianis
1144 3644 1207 3730 (†
1241 3658 1295 3711 5.
1329 3648 1455 3707 Oct.
1496 3642 1708 3730 1571).

417 3735 641 3792 Plures
673 3734 861 3793 edidit
891 3736 1073 3795 libros
1119 3740 1243 3795 tam
1288 3738 1497 3814 gallice
1529 3756 1705 3813 quam

415 3824 619 3882 latine
651 3822 723 3881 de
757 3826 1172 3884 controversiis
1204 3827 1356 3884 fidei.
1404 3825 1595 3902 Opera
1624 3826 1707 3884 la-

415 3913 557 3972 tine
622 3914 951 3988 conscripta
1025 3933 1163 3973 cura
1224 3915 1286 3973 G.
1351 3915 1708 3973 Genebrardi

1845 3819 1883 3887 ¹)
1911 3815 2074 3880 Quod
2102 3816 2287 3885 carpit
2310 3815 2401 3869 vel
2427 3816 2491 3868 R.
2518 3815 2553 3869 S
2570 3815 2591 3868 i
2607 3833 2663 3867 m
2682 3831 2713 3868 o
2731 3833 2769 3867 n
2797 3813 3044 3867 Histoire

1765 3886 1891 3941 crit.
1932 3887 2029 3942 des
2056 3886 2393 3957 princip-aux
2438 3888 2739 3943 comment.
2779 3886 2857 3938 du
2886 3884 2957 3939 N.
2983 3884 3044 3939 Τ.

1764 3976 1810 4014 c.
1841 3964 1927 4024 40,
1957 3958 2054 4012 ubi
2094 3957 2242 4011 inter
2281 3957 2396 4012 alia
2436 3958 2638 4011 habet:
2688 3957 2763 4010 Le
2803 3973 2930 4010 sens
2957 3956 3045 4009 lit-

417 4001 789 4101 PdeOYJUJt
821 4003 1062 4061 PariSiiS
1101 4013 1287 4066 ¹619·
1311 4004 1374 4061 5¹¹
1392 4003 1432 4066 f·
1456 3999 1556 4086 (ω’
1582 3999 1707 4086 50)·
1766 4030 1911 4084 teral
1935 4070 1947 4082 .
1968 4070 1981 4081 .
2003 4071 2014 4083 .
2039 4031 2125 4083 est
2151 4046 2368 4084 comme
2388 4028 2639 4084 enseveli
2659 4028 2801 4082 dans
2822 4043 2907 4081 ses
2927 4027 3045 4080 lon·

417 4092 780 4166 Specimims
812 4092 1002 4166 gratia
1044 4092 1446 4152 nominamus:
1493 4094 1582 4151 De
1612 4112 1709 4151 eu·
1763 4117 1904 4172 guea
1932 4103 1990 4155 et
2013 4100 2338 4169 frequentes
2365 4101 2708 4171 digressione
2737 4142 2748 4153 .
2778 4141 2790 4153 .
2819 4141 2830 4152 .
2860 4099 2913 4153 le
2940 4098 3045 4151 Do-

413 4181 707 4239 charistia
737 4185 788 4237 et
805 4180 927 4254 ejus
948 4181 1288 4239 adoratione
1307 4182 1369 4240 ll,
1394 4176 1449 4250 5,
1475 4182 1710 4240 Parisiis
1764 4177 1926 4227 cteur
1951 4172 2008 4225 n'
2024 4189 2058 4225 a
2081 4171 2205 4226 rien
2233 4171 2424 4226 oublie
2452 4172 2591 4225 dans
2631 4186 2733 4224 son
2766 4186 3043 4224 commen-

423 4282 449 4332 1
469 4278 637 4338 5733
684 4269 754 4326 de
775 4269 1020 4343 privata
1068 4276 1118 4327 et
1145 4271 1373 4345 publica
1404 4268 1600 4341 missa,
1646 4271 1708 4328 in

416 4373 544 4434 quo
578 4357 617 4415 l.
650 4360 878 4428 tuetur,
912 4357 1143 4428 missas,
1179 4358 1398 4434 quibus
1430 4360 1585 4418 nulli
1606 4360 1708 4418 ad·

412 4446 694 4507 stiterint
755 4446 976 4519 fideleS,
1023 4465 1144 4506 non
1187 4448 1368 4506 fuisse
1430 4448 1493 4506 in
1555 4449 1709 4507 anti-

1764 4243 1908 4298 taire
1953 4260 2051 4296 aur
2092 4242 2330 4312 l'epitre
2380 4246 2413 4298 a
2463 4243 2588 4297 Tite
2637 4259 2784 4311 pour
2834 4241 3046 4295 decrier

1765 4315 2219 4456 Βοεῗῗὲιῖωᾱιιοι.
2247 4385 2309 4466 131
2336 4384 2467 4465 hiet·
2494 4384 2640 4438 nter.
2668 4393 2695 4450 ς
2722 4388 2842 4441 196.

1838 4462 1881 4513 ⁸5
1910 4456 2188 4511 Nouvelle
2229 4455 2627 4525 bibliotheque
2673 4455 2770 4508 des
2796 4457 3044 4508 Auteurs

412 4555 542 4613 qua
559 4535 827 4594 Ecclesia
840 4535 1098 4607 oblatas;
1132 4536 1225 4595 Tr.
1245 4543 1435 4595 contre
1465 4537 1712 4595 l’erreur
1765 4528 1955 4583 200168·
1985 4532 2024 4581 t·
2052 4533 2135 4586 16-
2165 4545 2220 4597 P·
2248 4531 2354 4584 104
2379 4544 2465 4592 Sssw
2506 4542 2680 4597 P0110⁸
2720 4543 2890 4594 <luem
2918 4543 3044 4595 Ope·

411 4627 552 4684 vieil
582 4631 636 4683 et
668 4625 967 4683 νέηοιιυεὶέ
996 4627 1094 4683 des
1123 4624 1503 4699 Prddestines,
1551 4627 1709 4703 Lug-

410 4715 567 4774 duni
611 4725 636 4776 1
653 4724 686 4777 5
700 4722 781 4777 48
802 4735 816 4785 ;
850 4714 919 4772 de
936 4715 1305 4773 clandestinis
1322 4716 1711 4775 matrimoniis
1765 4747 1889 4799 906,

411 4804 632 4865 consili
638 4822 766 4871 um,
801 4802 1041 4862 Parisiis
1068 4815 1093 4865 1
1108 4813 1139 4866 5
1153 4814 1253 4872 61,
1286 4804 1347 4862 in
1369 4822 1487 4878 quo
1505 4807 1712 4863 tuetur

1765 4616 1893 4653 rum
1921 4600 2045 4669 ejus
2069 4598 2396 4667 catalogum
2423 4604 2683 4669 reperies.

1840 4674 1881 4741 ⁴)
1908 4670 2100 4742 Biogr.
2126 4670 2285 4725 univ.
2312 4670 2378 4735 11,
2404 4674 2541 4741 4523
2571 4668 2922 4723 Kirchenlex.
2954 4668 3043 4731 IV,

1840 4818 1881 4884 ε)
1909 4812 2054 4868 sibi.
2081 4814 2203 4866 erit.
2231 4812 2298 4875 11,
2326 4816 2446 4869 233.
