3625 5193
1097 276 1314 341 Besold,
1342 276 1579 343 Grisius,
1607 276 1949 341 OresmieuX,
1978 276 2175 341 Beeck,
2203 276 2349 331 Tufo
2376 280 2479 332 etc.
2963 298 3085 349 2346

462 295 585 349 845

457 463 554 520 fiir
597 463 893 539 gehalten,
948 463 1058 521 dass
1103 462 1207 521 der
1251 462 1435 521 Recht
1479 482 1538 520 u.
1572 463 1748 538 Einig
1801 482 1937 521 nam
1972 462 2203 521 erudite
2224 463 2359 521 stilo
2389 466 2588 521 tamen
2608 464 2854 523 obscuro
2885 470 3090 523 narrat

458 551 941 627 Seligmachende
958 551 1166 620 Glanh,
1184 551 1367 609 allein
1381 552 1445 610 in
1460 551 1566 610 der
1583 552 1743 611 Rom.
1801 551 2211 610 fundationem
2257 551 2654 623 ecclesiarum,
2700 554 3089 612 monasterio·

457 641 615 699 Cath.
665 640 924 698 Kirchen
970 641 1332 699 unzutreffen
1363 646 1493 709 etc„
1548 640 1744 717 Ingol-
1800 659 1934 698 rum
1953 645 2064 699 etc.
2098 641 2371 703 civitatis.
2406 641 2660 699 Disserit
2677 641 2749 700 de
2770 642 2974 701 Carolo
2991 643 3086 712 M„

457 729 637 788 stadii
682 740 861 791 1637.
921 739 1102 792 1639.
1157 739 1357 800 1642;
1403 731 1624 788 iterum
1671 730 1744 789 ob
1799 729 1874 787 de
1906 729 2170 788 consiliis
2202 733 2262 788 et
2293 730 2545 789 comitiis
2593 726 2816 789 ibidem
2847 731 3086 801 habitis,

456 838 632 877 suum
679 819 939 894 pretium
987 822 1047 877 et
1076 818 1403 877 utilitatem
1436 822 1745 895 Augustae
1801 818 1872 876 de
1917 819 2182 877 motibus
2229 824 2288 877 et
2331 818 2526 877 turbis
2570 819 2877 895 religionis
2924 837 3087 879 occa-

467 917 645 971 1828.
680 907 1115 983 lngolstadium
1139 911 1379 966 vocatus
1411 908 1617 967 docuit
1640 909 1746 984 jus
1800 907 1965 965 sione
2011 908 2297 977 excitatis,
2345 912 2406 966 et
2444 908 2688 983 quidem
2736 927 2804 968 ex
2850 909 3089 984 optimis

455 1015 785 1065 romanum,
820 995 1082 1071 dum'que
1103 1001 1381 1073 ageretur
1412 997 1485 1055 de
1507 1016 1575 1057 eo
1608 1016 1743 1074 pro-
1799 996 2095 1066 fontibus,
2174 998 2276 1071 qui
2320 998 2443 1074 jam
2493 1016 2648 1057 anno
2708 1007 2869 1060 1656
2924 998 3088 1057 tristi

455 1085 747 1144 movendo
780 1084 853 1143 ad
896 1086 1230 1144 cathedram
1272 1086 1337 1144 in
1368 1086 1746 1145 celeberrima
1796 1085 2074 1144 incendio
2115 1086 2426 1161 perierunt
2443 1082 2507 1165 ¹).
2552 1119 2641 1130 —
2685 1086 3088 1163 Hieronymus

458 1175 848 1233 universitate
888 1174 1256 1242 bononiensi,
1322 1175 1578 1235 decessit
1653 1186 1741 1239 15.
1800 1175 2187 1233 Marullus
2239 1175 2633 1234 consentinus
2685 1194 2868 1250 eques
2920 1175 2984 1234 Ο.
3033 1177 3085 1233 S.

455 1264 608 1338 Sept.
653 1272 835 1326 1638.
882 1263 1204 1322 Innumera
1249 1263 1436 1322 edidit
1467 1264 1559 1323 vel
1604 1264 1742 1322 reli·
1798 1263 1969 1322 Joan.
1992 1264 2203 1322 hieros.
2224 1267 2431 1322 narrat
2452 1264 2833 1339 Vitede’yran
2851 1266 3087 1323 maestri

456 1352 591 1427 quit
635 1352 859 1427 scripta
905 1350 1002 1432 (ad
1050 1350 1192 1431 92);
1244 1354 1525 1428 pleraque
1576 1371 1741 1428 spec·
1797 1352 1948 1410 della
1980 1371 2025 1410 a.
2060 1353 2346 1429 religione
2378 1352 2440 1411 di
2471 1372 2515 1410 s.
2538 1353 2824 1412 Giovanni
2846 1354 3082 1421 Gieros,

452 1444 586 1499 tant
626 1442 730 1517 jus
749 1437 824 1522 ¹):
877 1442 970 1499 hic
1023 1460 1160 1499 vero
1210 1442 1606 1501 nominandus
1653 1446 1743 1500 est
1800 1441 2047 1517 Neapoli
2106 1451 2290 1505 1636.
2346 1477 2416 1486 —
2471 1443 2678 1501 Petrus
2728 1443 2970 1518 Lopez
3014 1442 3085 1501 de

451 1534 696 1605 propter
725 1530 866 1588 haec
899 1548 1104 1605 opera:
1160 1529 1516 1590 Prodromus
1547 1531 1739 1589 vindi-

452 1618 679 1677 ciarum
755 1618 1140 1677 ecclesiarum
1203 1618 1738 1696 Wiirtembergica·

454 1726 600 1778 rum,
646 1717 842 1771 1636:
890 1709 1222 1766 documenta
1254 1708 1507 1766 rediviva
1540 1727 1738 1767 mona-

452 1798 759 1854 steriorum
779 1799 1237 1870 praecipuorum
1267 1798 1328 1855 in
1348 1797 1573 1857 ducatu
1605 1798 1738 1855 wir-

455 1884 764 1961 tenbergio
798 1886 1066 1949 sitorum,
1119 1886 1423 1961 Tiibingae
1462 1896 1626 1949 1636
1676 1887 1741 1945 in

457 1984 527 2043 43
590 1976 876 2050 oiryinum
925 1994 1232 2033 sacrarum
1282 1977 1630 2033 monimenta
1675 1976 1739 2034 in

450 2062 786 2137 principum
814 2063 1439 2139 wiirtembei·gicorum
1471 2068 1738 2141 ergastu-

451 2152 508 2209 lo
543 2151 806 2210 literario
852 2152 1075 2227 injuste
1122 2152 1381 2223 detenta,
1434 2153 1739 2229 Tubingae

461 2249 658 2309 1636;
711 2241 989 2315 Synopsis
1035 2260 1232 2300 rerum
1277 2242 1347 2299 ab
1379 2260 1427 2300 ο.
1468 2262 1512 2303 c.
1551 2249 1736 2319 qesta-

451 2348 601 2398 rum,
639 2330 1022 2405 Argentorati
1052 2340 1214 2392 1626
1252 2331 1315 2388 in
1345 2339 1438 2392 12.
1474 2332 1738 2389 Historia

451 2418 609 2476 urba's
645 2425 696 2475 ct
745 2422 909 2492 requi
939 2420 1461 2495 hierosolymitani,
1527 2438 1733 2496 regum

450 2507 593 2565 item
626 2507 971 2575 siculorum,
1005 2509 1387 2584 Argentorati
1430 2519 1592 2571 1636
1628 2513 1734 2567 etc.

449 2629 534 2642 ——
568 2596 780 2656 Petrus
814 2598 1123 2656 Grisius
1159 2594 1240 2679 (le
1272 2599 1423 2678 Gris)
1457 2617 1580 2657 can.
1615 2618 1734 2675 reg.

449 2683 887 2745 Suessionensis
932 2691 1166 2763 praeter
1209 2689 1514 2746 chronicon
1563 2688 1736 2746 breve

449 2775 765 2833 abbatialis
816 2777 1093 2834 canoniae
1145 2795 1187 2838 s.
1240 2777 1505 2845 Joannis,
1559 2777 1732 2835 Sues·

448 2864 614 2922 sione
654 2873 820 2926 1617
855 2864 918 2922 in
953 2874 1022 2934 83
1071 2865 1313 2922 Parisiis
1355 2874 1518 2928 1628
1554 2865 1642 2923 ed.
1680 2875 1733 2926 3.

448 2957 635 3020 aucta,
688 2953 923 3028 scripsit
954 2954 1260 3012 historiam
1292 2955 1361 3011 de
1390 2955 1611 3012 clericis
1643 2973 1732 3011 re-

444 3041 765 3116 qularibus‚
799 3040 875 3099 ib.
914 3051 1112 3111 1620;
1147 3044 1209 3100 et
1237 3043 1540 3100 historiam
1570 3043 1733 3100 cleri·

447 3137 608 3188 catus
640 3138 690 3187 et
722 3132 1098 3189 monachat-as
1142 3150 1247 3189 seu
1278 3131 1543 3189 omnium
1575 3131 1732 3189 ordi·

447 3237 590 3276 num
638 3218 1072 3294 religiosorum,
1117 3220 1195 3278 ib.
1247 3229 1410 3282 1634
1459 3220 1525 3278 in
1561 3229 1614 3282 8.
1649 3253 1734 3264 -—

445 3307 794 3365 Franciscus
839 3307 895 3364 d'
915 3308 961 3366 O
980 3329 1008 3366 r
1023 3326 1054 3365 e
1072 3328 1098 3367 s
1117 3309 1256 3366 mie
1272 3328 1315 3366 u
1333 3328 1363 3366 x
1411 3309 1517 3367 CR.
1562 3311 1732 3366 Atre·

448 3395 728 3464 batensis,
763 3397 945 3455 abbas
979 3417 1023 3455 S.
1055 3397 1235 3474 Eligii
1267 3415 1452 3472 prope
1480 3398 1733 3457 Atreba-

445 3488 575 3543 tum
630 3481 690 3564 (†
727 3493 823 3546 29.
859 3485 985 3546 Oct.
1030 3483 1220 3565 1639)
1270 3486 1510 3561 scripsit
1561 3489 1734 3545 vitam

444 3592 487 3634 s.
534 3573 865 3632 Vimliciani
895 3593 977 3649 cp.
1013 3575 1438 3633 Cameracensis
1471 3579 1533 3633 et
1578 3580 1732 3634 atre-

444 3662 727 3730 batensis,
761 3681 990 3723 necnon
1022 3668 1082 3721 et
1114 3664 1420 3722 chronicon
1467 3664 1733 3723 abbatum

445 3754 503 3809 et
522 3752 787 3809 virorum
820 3751 1146 3810 illustrium
1172 3753 1514 3812 monasterii
1546 3772 1589 3811 s.
1611 3754 1731 3811 Eli-

444 3840 527 3916 gii
561 3845 623 3898 et
655 3840 1027 3916 prioratuum
1074 3861 1456 3911 annexorum,
1509 3842 1573 3900 in
1604 3846 1730 3900 Act.

446 3929 542 3988 SS.
588 3939 681 3990 11.
714 3930 883 3987 Mart.
919 3929 992 3997 ΙΙ,
1027 3939 1304 3993 75—84.
1336 3964 1423 3974 —
1459 3931 1669 3990 Petrus
1700 3951 1734 3989 a

445 4018 491 4073 B
509 4036 539 4075 e
557 4037 588 4076 e
603 4038 632 4075 c
650 4019 686 4075 k
718 4019 1094 4093 praepositus
1117 4038 1160 4075 s.
1184 4020 1487 4077 Adalborti
1511 4021 1730 4096 Aquis-

443 4107 613 4183 grani
665 4103 727 4187 (†
786 4103 979 4187 1624)
1029 4108 1092 4165 in
1146 4127 1237 4182 op.
1290 4111 1730 4185 Aquisyrctnum

445 4195 565 4252 sive
599 4195 885 4254 historica
913 4196 1174 4256 narratio
1207 4197 1279 4255 de
1311 4198 1508 4273 regiae
1529 4199 1583 4255 8.
1608 4197 1729 4255 R.1.

446 4286 507 4340 et
521 4285 919 4343 coronationis
936 4304 1143 4362 regum
1157 4286 1317 4344 Rom.
1339 4285 1491 4343 sedis
1506 4289 1732 4360 Aquen-

447 4370 529 4429 sis
563 4373 822 4431 civitatis
855 4374 1082 4450 origine
1115 4392 1183 4433 ac
1203 4392 1498 4449 processu,
1541 4385 1729 4446 1620,

446 4460 579 4534 plus
628 4462 871 4536 praebet
915 4482 1090 4538 quam
1143 4462 1451 4537 inscriptio
1498 4463 1728 4521 innuit:

526 4690 559 4752 ¹)
587 4685 667 4739 cf.
687 4684 858 4739 Raess
876 4684 940 4750 V,
962 4690 1236 4750 :no—27:
1259 4685 1507 4739 Nicer-o
1526 4703 1560 4737 n
1583 4685 1728 4751 XXI,

443 4760 601 4811 226-
621 4761 719 4816 37;
765 4755 798 4809 J
804 4756 966 4824 ugler
1005 4757 1176 4811 Beitr.
1223 4775 1321 4811 zur
1357 4756 1728 4825 juristischen

446 4825 628 4896 Biogr.
659 4828 699 4890 Ι,
726 4832 1007 4899 85--125;
1033 4828 1317 4883 Kirchenl.
1345 4829 1412 4892 11,
1439 4833 1560 4885 526.

1797 1530 2024 1589 Altuna
2072 1530 2134 1589 Ο.
2179 1531 2276 1591 SS.
2311 1531 2486 1604 Trin.
2533 1531 2779 1606 reliquit
2825 1532 3087 1589 Primera

1801 1624 1970 1693 parte
2002 1620 2159 1677 dela
2190 1622 2425 1679 cronica
2470 1620 2705 1696 yeneral
2750 1620 2845 1680 del
2892 1620 3085 1678 Orden

1797 1707 1869 1767 de
1901 1707 1959 1766 la
1991 1726 2062 1767 ss.
2096 1709 2394 1781 Trinidad,
2428 1709 2712 1785 Segoviae
2754 1718 2913 1771 1637
2952 1708 3015 1767 in
3046 1708 3082 1771 f.

1801 1798 2437 1857 —Bernardinns
2469 1798 2841 1856 as.Antonio
2863 1797 3085 1856 O.Red.

1797 1888 1892 1945 SS.
1926 1886 2083 1944 Trin.
2132 1887 2582 1962 Olisiponensis‚
2631 1886 2735 1961 qui
2783 1886 2964 1944 simul
2995 1889 3085 1944 at-

1795 1992 1911 2049 que
1961 1975 2180 2033 iterum
2231 1994 2371 2034 suae
2426 1975 2687 2051 praefuit
2748 1975 3085 2051 provinciae

1797 2061 1858 2143 (†
1895 2073 1949 2125 5.
1981 2063 2105 2122 Jul.
2148 2060 2340 2143 1638)
2377 2065 2617 2122 exhibet
2641 2064 2949 2137 Epitomcn
2981 2083 3085 2139 ge·-

1792 2152 2086 2210 neralium
2148 2153 2624 2229 redemptionum
2687 2152 3079 2229 captivorum,

1795 2260 1946 2315 quae
1982 2260 2016 2301 a
2060 2241 2345 2300 fratribus
2381 2241 2445 2301 0.
2480 2242 2577 2300 SS.
2610 2240 2768 2304 Trin.
2819 2244 2962 2299 sunt
2994 2240 3081 2298 fa-

1792 2334 1938 2397 ctae,
1989 2330 2289 2405 Olisipone
2335 2339 2515 2393 1625.
2566 2330 2892 2405 Descripsit
2935 2347 3084 2405 quo-

1792 2437 1909 2494 que
1960 2419 2168 2495 lingua
2228 2419 2540 2478 vernacula
2582 2419 2767 2477 vitam
2814 2419 3079 2493 plurium

1793 2507 2086 2566 sodalium
2119 2508 2491 2584 scriptorum.
2525 2541 2611 2550 —
2646 2507 2904 2567 Joannes
2927 2509 3083 2581 Bap-

1790 2598 1935 2655 tista
1965 2596 2154 2656 Tufo
2187 2598 2414 2656 O.Cler.
2461 2617 2581 2674 reg.
2598 2596 2795 2655 Theat.
2831 2599 3082 2656 Aversa-

1793 2704 1905 2745 nus
1940 2686 2135 2745 dictus
2169 2691 2262 2745 est
2293 2708 2326 2744 a
2358 2687 2523 2746 Sixto
2546 2690 2894 2745 Acerrarum
2928 2686 3081 2761 epis·

1792 2794 1972 2850 copus
2005 2795 2053 2836 a.
2097 2785 2280 2839 1587.
2314 2776 2385 2834 In
2424 2773 2771 2851 episcopatu
2805 2775 2958 2833 nihil
2989 2775 3081 2832 in·-

1790 2864 2058 2922 dustriae
2105 2864 2410 2939 studiique
2471 2864 2909 2940 praetermisit,
2964 2883 3081 2939 quo

1791 2954 2026 3011 muneri
2053 2953 2130 3011 ad
2164 2972 2427 3030 unguem
2476 2954 2873 3029 responderet.
2938 2954 3082 3011 Cum

1795 3041 2101 3117 Philippus
2142 3042 2215 3100 11.
2268 3043 2560 3119 cogitaret
2611 3044 2682 3101 de
2728 3061 2796 3101 eo
2847 3061 3080 3118 promo-

1791 3130 1982 3188 vendo
2015 3130 2089 3188 ad
2121 3130 2320 3189 sedem
2366 3131 2919 3207 archiepiscopalem
2975 3132 3081 3207 hy-

1790 3219 2139 3277 druntinam
2191 3217 2525 3300 (Otranto),
2578 3221 2873 3279 recusavit
2924 3219 3080 3277 hunc

1792 3309 2090 3375 honorem,
2159 3310 2274 3366 imo
2316 3309 2692 3367 renunciavit
2754 3308 2878 3366 sedi
2940 3326 3080 3366 suae

1793 3395 2019 3477 (1603)
2072 3397 2445 3471 decessitque
2492 3397 2741 3471 Neapoli
2797 3405 2890 3458 13.
2937 3394 3079 3454 Jun.

1799 3495 1981 3547 1622.
2018 3486 2406 3544 Concinnavit
2438 3487 2701 3543 Historia
2743 3486 2889 3543 della
2924 3485 3079 3542 Reli-

1788 3576 1953 3649 qione
1983 3573 2198 3631 cle'PP.
2234 3575 2458 3632 Cherici
2476 3575 2764 3651 Reyolari,
2801 3574 2864 3632 in
2898 3573 2994 3631 cui
3027 3574 3080 3631 si

1789 3663 2061 3720 contiene
2108 3663 2163 3720 la
2194 3663 2561 3722 Fondazione
2593 3682 2624 3721 e
2657 3681 2965 3739 progresso
3018 3662 3080 3719 di

1787 3752 1889 3809 Lei
1924 3771 1958 3810 a
1989 3750 2183 3826 quest'
2205 3772 2253 3810 a.
2285 3763 2469 3822 1609,
2502 3753 2718 3811 Romae
2749 3761 2910 3815 1609
2936 3751 3000 3809 in
3020 3751 3077 3818 f.‚

1788 3840 1886 3899 cui
1919 3841 2135 3915 adjecit
2176 3841 2254 3903 ib.
2299 3851 2459 3904 1616
2498 3842 2901 3914 Supplemento
2943 3841 3006 3898 in
3040 3841 3080 3898 f.

1792 3929 1872 3987 Ea
1903 3933 2100 3988 tamen
2137 3949 2253 3988 nou
2287 3931 2458 4005 plene
2481 3930 2765 3989 satisfecit
2791 3929 3080 3988 sodalium

1790 4018 1960 4089 votis,
1998 4019 2154 4092 quod
2187 4038 2305 4078 non
2338 4024 2496 4077 esset
2528 4020 2673 4078 satis
2713 4020 2960 4095 integra.
2994 4052 3079 4059 -—

1788 4107 2048 4166 Joannes
2098 4108 2577 4166 Wielewicki
2625 4110 2677 4166 S.
2712 4108 2766 4166 J.
2819 4109 3078 4166 Polonus

1790 4193 1852 4275 (†
1889 4206 1987 4257 24.
2020 4196 2141 4254 Jul.
2196 4196 2383 4273 1639)
2432 4198 2673 4273 collegit
2724 4195 3079 4254 Historia-um

1787 4286 2048 4342 diarium
2090 4286 2300 4345 domus
2349 4287 2642 4360 professae
2691 4284 3076 4342 cracoviensis

1788 4374 1842 4431 S.
1878 4373 1931 4430 J.
1966 4375 2038 4431 ab
2072 4393 2119 4431 a.
2165 4384 2617 4442 1579-1637,
2665 4372 2821 4448 quod
2856 4372 3076 4447 prodiit

1787 4462 2096 4521 Cracoviae
2128 4462 2287 4520 inter
2320 4463 2531 4537 Script.
2570 4480 2681 4519 rer.
2715 4462 2833 4536 pol.
2868 4460 3073 4519 Craco-

1787 4551 1916 4608 viae
1974 4560 2315 4613 1881-89
2367 4559 2407 4607 t.
2461 4549 2803 4608 VII—XIV.
2845 4582 2921 4590 —
2970 4548 3075 4607 His

1786 4639 1933 4696 adde
1987 4642 2395 4715 Augustinum
2446 4640 2784 4696 Brunum
2837 4637 2899 4699 Ο.
2937 4638 3072 4696 Min.

1866 4831 1901 4890 Ι)
1930 4828 2011 4881 Cf.
2044 4828 2275 4896 Haagen
2318 4826 2465 4894 Allg.
2497 4827 2549 4881 d.
2591 4825 2778 4895 Biogr‚
2810 4826 2876 4894 11,
2904 4829 3008 4880 243
3032 4841 3073 4877 s.
