3625 5193
613 243 645 296 5
659 243 727 296 71
1243 230 1612 284 1601-1620.
1641 222 2067 293 Archaeologia.
2094 223 2344 292 Angelus
2371 221 2570 277 Rocca.
3097 242 3130 294 5
3147 241 3179 294 7
3191 239 3225 291 2

605 411 830 470 nastica
861 411 1171 487 disciplina
1201 412 1460 486 collapsa
1502 412 1895 471 restauranda
1947 427 2236 467 annorum
2288 427 2432 468 cura
2479 412 2541 467 et
2590 408 2967 467 solicitudine
3015 409 3231 468 biblio·

608 499 982 576 pristinoque
998 501 1178 560 nitori
1192 500 1586 572 restituenda,
1620 500 1893 560 Coloniae
1947 498 2179 556 thecam
2228 498 2291 556 in
2341 515 2714 556 communem
2763 497 3032 556 omnium
3064 499 3231 557 utili-

616 600 640 649 1
658 599 779 652 598
813 587 876 646 in
901 598 970 659 83
1001 590 1351 649 Bibliotheca
1381 591 1752 650 ecclesiastica
1786 608 1893 648 seu
1947 589 2133 645 tatem
2152 586 2509 644 ditissimam
2527 585 2807 657 condidit,
2830 587 3003 662 cujus
3016 587 3234 663 januae

608 678 1028 737 commentaria
1077 697 1241 738 sacra
1291 678 1364 737 de
1413 679 1783 755 expositione
1833 683 1894 737 et
1945 675 2298 751 inscriptum
2319 675 2608 751 legimus:
2643 669 2788 747 Τοῖς
2805 670 3231 759 Βουλομὲνοις.

608 767 1014 827 illustratione
1064 767 1322 826 missalis
1371 769 1433 826 et
1482 767 1779 838 breviarii,
1812 767 1891 825 ib.
1950 764 2038 822 Ad
2100 764 2402 823 meliorem
2452 764 2640 824 vitam
2688 764 2931 823 transiit
2986 775 3040 828 8.
3091 767 3232 842 Apr.

616 865 778 918 1599
813 858 857 915 t.
893 865 931 916 4
963 857 1028 914 in
1060 855 1130 927 f.;
1184 865 1348 920 1602
1385 875 1535 932 opus
1566 876 1772 917 rarum
1804 856 1891 914 of·
1954 862 2120 916 1620
2157 874 2206 914 a.
2239 853 2452 912 aetatis
2489 863 2586 916 75.
2622 854 2815 930 Opera
2833 854 3095 928 ejusdem
3113 856 3232 914 col-

607 944 738 1002 ficia
787 948 849 1003 et
897 946 1242 1020 praesertim
1291 964 1514 1004 annum
1558 945 1890 1014 illustrans,
1947 942 2101 1001 lecta
2113 937 2163 1024 ¹)
2196 942 2467 1018 prodiere
2486 942 2701 1002 Romae
2742 952 2903 1006 1719
2938 960 2993 1001 v.
3020 951 3054 1005 2
3088 943 3231 1012 inf„

608 1034 672 1091 in
703 1034 876 1108 cujus
921 1037 1080 1092 tomo
1132 1035 1346 1093 ultimo
1378 1035 1736 1110 polemicum
1767 1034 1893 1110 agit
1946 1035 2007 1089 et
2050 1041 2207 1096 1745
2263 1032 2375 1090 sub
2406 1031 2825 1107 inscriptione:
2901 1032 3234 1093 Thesaurus

605 1124 667 1179 et
695 1122 1090 1181 ecclesiastica
1108 1122 1567 1183 calvinistarum
1588 1127 1648 1181 et
1666 1124 1889 1183 Luthe-
1948 1121 2390 1195 pontificiarum
2440 1138 2861 1197 sacrarumque
2901 1122 3231 1198 antiquita·

608 1229 889 1270 ranorum
921 1212 1112 1270 officia
1141 1213 1256 1270 rite
1290 1213 1656 1288 perpendens
1688 1231 1892 1271 eorum
1945 1215 2076 1267 tum
2106 1229 2336 1269 necnon
2365 1210 2613 1280 rituum,
2644 1210 2916 1286 praxium
2948 1214 3009 1269 et
3040 1230 3232 1271 caere-

608 1299 756 1358 vitia
816 1300 1043 1359 revelat
1091 1304 1153 1360 et
1197 1301 1513 1360 efficaciter
1562 1302 1890 1377 impugnat.
1948 1299 2277 1357 moniarnm
2326 1299 2697 1374 aliorumque
2743 1299 3097 1375 plerumque
3137 1320 3229 1359 ra-

609 1389 991 1447 Potissimum
1036 1408 1175 1448 vero
1221 1390 1554 1449 insectatur
1585 1390 1893 1467 liturgiam
1946 1386 2122 1446 rioris
2155 1388 2509 1465 argumenti.
2560 1387 2727 1447 Inter
2776 1407 2845 1447 ea
2876 1393 3052 1447 sunt:
3114 1391 3231 1448 En·

608 1478 886 1536 ecclesiae
948 1478 1306 1554 anglicanae,
1385 1478 1481 1537 cui
1541 1479 1709 1554 pium
1784 1498 1892 1554 pro
1947 1477 2211 1536 narratio
2242 1478 2312 1535 de
2360 1479 2625 1535 universo
2673 1480 2796 1536 ritu
2827 1495 2902 1536 ss.
2935 1479 3233 1554 pontificis

608 1567 862 1624 veritate
893 1565 1115 1625 bellum
1134 1567 1353 1625 indixit
1367 1563 1432 1648 ¹).
1467 1567 1677 1644 Bigide
1693 1567 1764 1626 de
1784 1569 1893 1626 hoc
1949 1569 2382 1624 sacrosanctam
2443 1565 2865 1624 eucharistiam
2925 1567 2989 1625 in
3052 1567 3233 1626 missa

608 1672 782 1729 opere
820 1655 1051 1730 judicat
1084 1655 1351 1715 Zaccaria
1381 1657 1444 1714 in
1478 1674 1586 1714 sua
1614 1655 1762 1715 bibl.
1791 1657 1890 1715 rit.
1948 1654 2290 1713 solemniter
2320 1657 2629 1724 sumentis,
2665 1654 2729 1713 in
2749 1655 3097 1714 Roccaberti
3116 1657 3229 1715 BP.

609 1741 683 1813 II,
751 1753 904 1807 301:
971 1744 1203 1812 ,Multa
1262 1746 1327 1803 in
1375 1745 1483 1803 hac
1537 1745 1895 1804 bibliotheca
1946 1742 2042 1813 IV,
2089 1754 2327 1814 1—193
2361 1744 2451 1801 De
2469 1751 2831 1803 sacrosancto
2868 1745 3090 1804 Christi
3103 1763 3228 1805 cor-

610 1833 768 1890 scitu
787 1832 1140 1910 dignissima
1172 1878 1184 1890 .
1219 1879 1231 1891 .
1265 1879 1277 1891 .
1312 1852 1462 1909 opus
1479 1835 1647 1893 nullo
1665 1834 1891 1902 ordine,
1938 1848 2085 1904 pore
2114 1835 2379 1890 romanis
2399 1833 2770 1906 pontificibus
2798 1835 2907 1891 iter
2936 1835 3228 1906 conficien-

607 1922 776 1980 nullo
810 1921 1061 1993 delectu,
1092 1922 1260 1981 nulla
1291 1923 1491 1982 critice
1543 1924 1618 1982 ab
1651 1928 1892 1982 auctore
1946 1921 2094 1978 tibus
2116 1922 2507 1995 praeferendo
2521 1922 3001 1993 commentarius,
3018 1923 3232 1982 Romae

607 2009 1030 2070 elaboratum!
1076 2010 1256 2070 Aliud
1290 2012 1551 2087 ejusdem
1586 2030 1735 2088 opus
1768 2019 1890 2071 est:
1955 2019 2119 2071 1599
2155 2011 2217 2068 in
2254 2019 2328 2079 4.‚
2362 2011 2427 2068 in
2458 2029 2577 2086 quo
2608 2015 2846 2086 praeter
2875 2011 3112 2071 lectoris
3132 2031 3231 2071 ex-

612 2099 905 2174 Confesst'o
935 2102 1373 2177 hieronymiana
1405 2120 1436 2158 e
1469 2101 1522 2158 d.
1547 2101 1892 2177 Hieronymi
1949 2099 2374 2173 spectationem
2408 2100 2602 2158 multa
2632 2118 2785 2159 nova
2817 2103 2997 2175 atque
3027 2101 3229 2178 singu·

606 2188 886 2263 operibus
910 2190 1083 2265 juxta
1114 2191 1375 2248 locorum
1419 2190 1890 2267 theologicorum
1947 2187 2095 2245 laria
2127 2188 2423 2262 expendit.
2458 2190 2544 2247 De
2574 2196 2903 2247 sanctorum
2923 2193 3230 2248 canoniza-

606 2277 813 2353 capita,
847 2277 1120 2338 Coloniae
1161 2288 1324 2341 1584
1357 2283 1400 2337 t.
1438 2289 1474 2342 4
1508 2280 1572 2338 in
1602 2280 1640 2337 f.
1948 2279 2097 2334 tione
2124 2278 2605 2346 commentarius,
2638 2278 2849 2336 Romae
2876 2289 3029 2341 1601
3069 2279 3134 2337 in
3156 2288 3229 2349 4.‚

1947 2366 2011 2423 in
2022 2383 2140 2440 quo
2150 2365 2546 2424 caeremoniae
2564 2367 2628 2423 in
2646 2367 2779 2442 ipsa
2798 2368 3231 2427 canonizatione

700 2464 844 2516 244.
878 2457 1145 2532 Angelus
1178 2457 1417 2515 Rocca
1448 2455 1512 2514 Ο.
1545 2456 1640 2518 Er.
1664 2456 1715 2514 S.
1737 2458 1890 2532 Aug.
1948 2454 2250 2513 observari
2312 2462 2629 2514 consuetae
2691 2455 3110 2516 describuntur
3175 2458 3232 2515 et

607 2544 828 2603 Roccae
855 2544 1180 2603 Contradae
1203 2553 1366 2607 1545
1399 2546 1576 2603 natus
1604 2548 1721 2613 est3
1757 2562 1891 2603 cum
1947 2541 2338 2603 declarantur.
2377 2543 2688 2622 Cataloqus
2706 2552 3059 2617 sanctorum,
3095 2563 3231 2623 quo-

608 2652 746 2691 vero
793 2633 897 2691 diu
938 2633 1167 2709 degerit
1211 2634 1517 2704 Camerini,
1568 2633 1891 2693 Cameri-
1948 2651 2082 2690 rum
2131 2636 2590 2692 canonizationes
2618 2636 2868 2693 inveniri
2908 2642 3229 2714 potuerunt.

607 2740 748 2779 nus
799 2740 1229 2796 nonnunquam
1274 2721 1468 2779 dictus
1518 2722 1614 2780 vel
1646 2722 1891 2784 Camers.
1949 2720 2231 2781 Recenset
2255 2733 2333 2785 56
2359 2723 2432 2781 ab
2448 2742 2496 2780 a.
2523 2732 2935 2787 803—1609.
2968 2724 3057 2782 De
3079 2743 3229 2783 cam-

609 2810 856 2877 Perusii,
891 2810 1120 2877 Romae,
1144 2809 1409 2868 Venetiis
1433 2809 1622 2868 literis
1656 2829 1892 2886 operam
1940 2812 2119 2884 panis
2165 2811 2642 2881 commentarius,
2710 2813 2923 2871 Romae
2962 2822 3127 2876 1612
3171 2814 3230 2871 in

608 2896 788 2965 dedit,
824 2898 1047 2956 Patavii
1078 2897 1411 2974 theologiae
1459 2898 1718 2957 lauream
1752 2918 1888 2975 pro·
1952 2907 2025 2968 4.‚
2060 2900 2353 2969 erudituS,
2386 2918 2577 2971 rarae,
2599 2901 2800 2959 aviris
2820 2902 3011 2961 doctis
3032 2902 3230 2978 magni

608 2986 827 3044 meruit
861 2982 1104 3066 (1577).
1151 2987 1392 3046 Romam
1427 2988 1649 3047 accitus
1682 2990 1891 3065 Augu·
1948 2986 2156 3058 factus,
2190 2992 2465 3064 receptus
2516 3007 2753 3064 quoque
2783 2990 2848 3049 in
2880 3009 3088 3050 novum
3118 2992 3229 3049 the-

608 3074 768 3132 stino
799 3074 1075 3145 Fivizani,
1108 3075 1334 3135 ordinis
1376 3077 1592 3136 vicario
1625 3078 1891 3153 generali

607 3182 642 3220 a
673 3164 913 3223 secretis
946 3168 1092 3234 erat,
1126 3165 1313 3224 donec
1346 3165 1549 3224 Sixtus
1581 3167 1646 3227 V.
1693 3167 1891 3241 ipsum

607 3251 857 3312 editioni
901 3272 1147 3329 opernm
1198 3273 1274 3312 ss.
1324 3259 1563 3331 patrum
1610 3255 1892 3329 praefecit
1945 3214 2334 3265 chronhistorw
2357 3229 2455 3265 ⁸⁸⁴⁰
2483 3209 2714 3292 (Rom-ae
2736 3216 2875 3271 16⁰5
2896 3212 2958 3295 Ψ
2979 3217 3049 3278 4“)
3073 3212 3231 3293 ‘19⁰oe

1948 3281 2352 3350 eleganterque
2393 3287 2768 3351 prosequitur.
2822 3283 2956 3337 Fuit
2992 3286 3232 3351 antiqua

606 3335 852 3422 (1585).
898 3343 1094 3418 Ipsius
1122 3343 1503 3419 potissimum
1536 3343 1798 3402 fidelitati
1831 3347 1892 3402 et
1948 3352 2116 3421 plane
2143 3352 2429 3421 probitate
2456 3370 2641 3417 senex,
2671 3354 2804 3407 etin
2823 3356 2984 3409 tenui
3001 3354 3231 3424 pusillo-

605 3430 1216 3491 industriaeClemens
1230 3432 1386 3494 VIII.
1398 3433 1892 3509 typographicam
1948 3441 2061 3491 que
2088 3440 2317 3493 corpore
2345 3425 2475 3477 ⁸³1ss
2504 3424 2818 3493 plurimum
2856 3426 3071 3480 inem&
3099 3442 3231 3480 ¹1³·OE

604 3519 884 3579 editionis
933 3521 1210 3598 vulgatae
1263 3521 1736 3580 emendationem
1787 3521 1888 3580 de·
1946 3494 2461 3620 zngsslattilzffffffemm
2488 3496 2723 3551 sommia
2759 3500 2958 3566 peetus
2986 3497 3227 3567 oomple‘

607 3605 992 3691 mandavit2)‚
1027 3628 1283 3710 eussque
1316 3611 1658 3711 episcopum
1690 3614 1889 3688 t'agag‘
2024 3642 2060 3709 ¹)
2092 3637 2241 3690 Haec
2268 3637 2524 3692 collectio
2550 3656 2662 3692 non
2691 3641 2777 3692 est
2801 3638 3121 3708 completa:
3148 3639 3231 3692 ita

603 3702 829 3756 tensem
850 3701 911 3756 et
930 3700 1168 3756 sacrarii
1192 3700 1494 3774 apostolici
1527 3700 1887 3774 praefectum
1945 3726 2029 3764 ex.
2058 3726 2143 3777 gr.
2170 3708 2328 3761 deest
2346 3710 2380 3763 1.
2403 3713 2464 3762 de
2488 3714 2938 3777 praesentationis
2958 3713 3233 3778 Deiparae

605 3785 774 3842 dixit.
825 3786 963 3843 Ideo
1013 3787 1192 3844 etiam
1244 3788 1416 3861 plura
1449 3788 1701 3861 s<31·ip3i†37
1737 3807 1889 3862 φωρ
1960 3782 2012 3831 V.
2042 3783 2113 3833 Μ.
2144 3785 2198 3833 in
2224 3790 2324 3833 tem
2364 3784 2415 3833 lo
2450 3784 2678 3834 historia
2719 3784 2778 3835 et
2820 3779 3134 3836 festivitate
3161 3798 3229 3837 88.

603 3873 676 3931 ad
710 3874 817 3931 hoe
850 3878 1121 3948 spectant
1151 3873 1448 3955 mumma).
1484 3876 1781 3935 maesse,
1805 3887 1885 3939 40
1943 3852 3231 3991 gflgtgggpssggggussffipffigge5022&th

1944 4010 2175 4062 opernm
2204 3993 2449 4046 indicem
2475 3994 2545 4052 cf,
2575 4012 2664 4063 ap.
2693 3994 2957 4061 Niceron‚
3004 3994 3229 4048 Memoi·

684 4064 719 4130 ¹)
749 4059 830 4113 Cf.
859 4060 1041 4114 Feller
1070 4062 1186 4127 Vll,
1211 4068 1347 4131 47·.>.;
1390 4062 1556 4116 Mich.
1601 4079 1634 4115 a
1680 4081 1719 4117 s.
1772 4064 1885 4125 ιῘοει,
1943 4082 2028 4117 res
2078 4069 2162 4128 21,
2214 4070 2279 4120 91
2335 4082 2419 4119 ss..
2494 4065 2804 4133 pleniorem
2854 4066 2916 4119 in
2967 4063 3230 4136 Ossinger

607 4133 646 4193 I,
675 4134 795 4187 498.
1946 4134 2210 4188 Biblioth.
2239 4151 2311 4187 au
2370 4140 2463 4190 ist.
2506 4138 2592 4189 Ita
2616 4137 2685 4190 de
2712 4153 2776 4190 eo
2794 4137 3020 4206 judicat
3042 4136 3228 4206 Dupin

675 4208 716 4271 ²)
746 4202 826 4257 Cf.
856 4221 1021 4271 supra
1050 4221 1104 4272 p.
1130 4208 1252 4260 252.
1281 4204 1424 4257 Hinc
1450 4204 1522 4257 ad
1550 4204 1792 4260 Paulum
1822 4206 1885 4261 V.
1944 4207 2115 4269 xvn,
2143 4211 2243 4263 58:
2274 4251 2297 4269 „
2355 4224 2489 4261 occa
2513 4208 2673 4262 avoit
2697 4209 2993 4276 beaucoup
3009 4208 3074 4262 lu
3089 4211 3147 4262 et
3161 4224 3229 4261 ne

603 4274 840 4328 scribere
866 4275 1088 4345 potuit:
1144 4277 1434 4335 „Aetatem
1478 4292 1702 4329 omnem
1726 4278 1788 4330 in
1818 4296 1885 4330 ss.
1944 4278 2243 4345 manquoit
2266 4296 2369 4346 pas
2396 4279 2465 4332 de
2492 4279 2761 4350 critique;
2791 4281 2931 4333 mais
2952 4279 2997 4333 il
3018 4281 3110 4332 n'a
3129 4295 3228 4348 pas

604 4344 785 4400 literis
836 4346 1217 4411 emendandiS‚
1281 4349 1349 4400 ut
1396 4347 1888 4402 sanctissimorum
1946 4351 2103 4402 toute
2124 4348 2179 4401 la
2193 4351 2455 4418 jnstesse,
2474 4366 2586 4419 que
2607 4349 2719 4404 l'on
2741 4352 2996 4419 ponrroit
3010 4350 3229 4404 souhai·

600 4417 934 4485 pontificum
955 4418 1130 4486 jussis
1156 4418 1615 4487 obtemperarem,
1642 4420 1849 4489 exegi.“
1944 4423 2032 4472 ter
2057 4421 2195 4472 dans
2223 4438 2309 4474 ses
2328 4421 2654 4491 jugements
2686 4426 2744 4476 et
2759 4423 2898 4475 dans
2919 4438 3004 4477 ses
3020 4422 3228 4490 conjec-

676 4496 715 4553 s)
744 4488 943 4542 Nicius
989 4489 1031 4541 Ε
1053 4507 1131 4557 ry
1149 4489 1267 4542 thr
1283 4507 1316 4542 a
1333 4508 1360 4543 e
1378 4507 1415 4542 u
1433 4509 1458 4543 s
1503 4489 1791 4544 Pinacoth.
1839 4498 1887 4548 1.
1946 4494 2112 4556 tures,
2140 4494 2195 4545 et
2219 4492 2261 4544 il
2289 4509 2345 4545 se
2372 4494 2485 4545 sert
2509 4492 2984 4548 indifferemment
3009 4493 3227 4548 debens

600 4559 772 4628 imag.
812 4565 913 4616 57:
983 4560 1309 4619 „Neminem
1362 4561 1538 4625 video,
1590 4562 1678 4615 cui
1727 4563 1887 4616 illam
1945 4567 2001 4615 et
2028 4563 2094 4615 de
2114 4564 2373 4616 mauvais
2392 4567 2655 4627 Autenrs,
2673 4564 2742 4618 de
2758 4565 3123 4618 Monuments
3138 4580 3227 4617 au·

600 4630 731 4698 plus
758 4631 958 4685 debere
985 4632 1062 4685 sit
1085 4649 1360 4699 aequum:
1411 4633 1560 4686 solus
1596 4632 1746 4687 enim
1775 4651 1889 4687 om·
1944 4633 2269 4701 thentiques
2296 4640 2352 4687 et
2377 4635 2446 4688 de
2472 4635 2657 4703 picces
2677 4636 2994 4689 douteuses.
3027 4635 3073 4689 Π
3093 4635 3232 4689 ecrit

601 4701 714 4765 nia,
745 4718 890 4769 quae
917 4702 989 4755 ad
1016 4720 1139 4756 eam
1167 4704 1536 4772 provinciam,
1566 4707 1658 4759 cui
1688 4709 1775 4758 tot
1792 4722 1889 4758 an·
1943 4722 2092 4758 assez
2134 4708 2463 4770 nettement,
2503 4707 2642 4759 mais
2684 4724 2810 4759 sans
2851 4709 3148 4761 ornement
3173 4710 3232 4760 et

600 4790 702 4826 nos
729 4791 937 4844 magna
964 4790 1089 4828 cum
1112 4775 1284 4829 laude
1306 4776 1573 4844 praefuit,
1599 4776 1887 4844 pertinent
1949 4792 2082 4830 avec
2105 4791 2216 4844 peu
2243 4776 2297 4829 d'
2314 4776 2651 4833 elevatione·
