3625 5193
393 218 512 272 357

1285 196 1561 268 Liturgia.
1590 195 1840 268 ninom,
1869 200 2130 255 Duranti.

2882 215 3004 270 358

392 388 796 445 instructiones
828 385 954 442 scil.
987 402 1273 442 sermones
1303 386 1366 441 et
1404 383 1675 456 epistolae
1739 394 1923 456 1525,
1958 387 2272 446 canonicus
2304 385 2356 443 b.
2390 385 2465 447 M.
2498 383 2564 442 V.
2598 384 2670 442 ad
2690 384 2913 461 gradus
2951 389 3014 445 et

392 475 637 534 collecta
686 473 1043 549 prodierunt
1091 471 1250 531 curis
1295 471 1349 534 J.
1401 475 1469 530 A.
1518 471 1676 530 Saxii
1730 473 1988 535 decanus
2027 476 2305 535 ecclesiae
2351 474 2694 550 collegiatae
2739 493 2783 532 s.
2836 473 3010 533 Cuni-

391 563 714 621 Mediolani
755 571 916 624 1747
953 565 998 623 t.
1035 571 1068 622 5
1104 561 1169 618 in
1187 561 1224 618 f.
1260 561 1443 619 editio
1475 560 1673 636 splen·
1729 565 1886 625 berti
1947 561 2010 645 (†
2078 559 2287 646 1584).
2362 566 2657 621 Accensus
2730 563 2853 621 zelo
2917 581 3011 622 ca-

392 652 546 726 dida.
581 652 747 710 Inter
778 651 921 709 haec
951 650 1215 709 eminent
1246 651 1394 709 Acta
1414 651 1675 708 ecclesiae
1729 654 1985 714 thelicae
2016 654 2154 712 fidei
2186 657 2246 711 et
2284 652 2608 711 officiorum
2654 651 3011 712 ecclesiasti·

392 740 847 809 mediolanensis,
870 739 1187 798 Mediolani
1212 749 1282 803 15
1295 748 1373 803 82
1397 739 1488 800 ed.
1508 739 1674 814 prin—

393 849 542 907 ceps;
567 841 592 892 1
610 841 641 892 5
654 840 731 892 99
756 829 843 890 ed.
865 829 1107 907 egregia
1124 831 1187 888 et
1201 829 1456 888 maxime
1470 828 1671 903 plena;

395 919 623 977 Brixiae
662 928 830 981 1603
864 922 906 975 t.
932 928 966 981 3
991 919 1055 975 in
1074 916 1446 995 f.;Lugduni
1474 926 1638 980 1683
1661 938 1675 985 3

395 1008 623 1066 Patavii
667 1016 865 1078 17543
900 1006 1216 1065 Mediolani
1244 1014 1670 1068 1843-18-16

394 1106 438 1160 t.
472 1106 505 1158 2
543 1097 605 1154 in
641 1107 696 1158 4.
730 1100 792 1153 et
823 1097 1092 1154 recenter
1120 1095 1185 1154 in
1217 1094 1562 1153 collectione
1606 1096 1674 1152 A.

398 1185 557 1243 Batti
590 1186 740 1243 Acta
775 1185 1035 1244 ecclesiae
1067 1184 1209 1242 med.
1233 1183 1306 1242 ab
1327 1184 1455 1258 ejus
1487 1182 1677 1241 initiis

397 1293 583 1349 usque
615 1274 687 1330 ad
722 1277 983 1332 nostram
1009 1277 1284 1342 aetatem,
1305 1272 1381 1331 ib.
1415 1281 1576 1334 1892
1604 1290 1675 1329 ss.

396 1364 528 1422 Non
562 1362 940 1422 obstantibus
973 1361 1224 1438 negotiis
1257 1360 1676 1430 ecclesiasticis,

402 1452 619 1526 quibus
651 1450 968 1509 cardinalis
1001 1450 1376 1520 obruebatur,
1425 1450 1678 1508 delecta-

399 1541 577 1599 batur
625 1540 1069 1599 conversatione
1100 1559 1234 1598 cum
1284 1538 1426 1597 viris
1473 1537 1676 1607 doctis,

398 1627 533 1687 hinc
561 1629 915 1688 academiam
947 1628 1137 1687 veluti
1174 1628 1497 1686 literariam
1542 1646 1676 1704 ape·

401 1718 522 1776 ruit
554 1718 618 1776 in
650 1719 774 1777 suis
807 1718 1072 1788 aedibuS,
1107 1716 1265 1776 unde
1297 1723 1503 1776 enatae
1536 1720 1680 1775 sunt

402 1807 604 1865 Noctes
637 1809 952 1880 vaticanae,
987 1825 1134 1881 quas
1170 1805 1377 1864 Saxius
1413 1806 1678 1880 publicae

401 1896 561 1954 dedit
592 1896 711 1953 luci
743 1895 1060 1953 Mediolani
1103 1905 1284 1958 1748.
1321 1895 1593 1954 Ceterum
1615 1894 1679 1952 in

395 2004 460 2043 re
491 1985 701 2043 morali
721 1987 781 2042 et
802 1983 1116 2059 disciplina
1134 1983 1458 2042 christiana
1477 1982 1680 2041 doctor

396 2079 484 2132 est
496 2074 761 2132 omuibus
776 2072 1239 2148 probatissimus.
1256 2072 1338 2129 Ex
1353 2073 1481 2147 ejus
1493 2072 1676 2146 scrip-

397 2163 475 2221 tis
505 2163 737 2239 integra
756 2162 875 2220 fere
890 2161 1187 2238 theologia
1204 2161 1515 2236 pastoralis
1533 2160 1678 2217 hau-

400 2251 502 2309 rIri
534 2253 745 2326 potest.
779 2250 931 2308 Hinc
964 2250 1155 2309 clerus
1186 2249 1519 2327 gallicanus
1553 2248 1679 2306 suis

400 2340 670 2415 expensis
704 2340 830 2414 ejus
865 2341 1266 2398 instructiones
1298 2355 1416 2412 pro
1461 2339 1678 2412 confes-

402 2431 581 2487 sariis
612 2448 784 2503 saepe
815 2428 1080 2503 alioquin
1101 2427 1287 2485 editas
1316 2427 1547 2485 recudit
1578 2427 1679 2485 ad-

391 2519 547 2592 jecto
581 2516 813 2576 decreto
846 2519 916 2575 de
950 2518 1020 2575 iis
1051 2517 1317 2594 legendis
1349 2516 1677 2575 servandis-

400 2626 546 2682 que;
581 2607 840 2682 itemque
878 2608 1277 2664 instructiones
1325 2605 1398 2663 ad
1449 2606 1676 2665 concio·

401 2696 663 2754 nandum
736 2695 1240 2769 confessionisque
1300 2698 1360 2752 et
1415 2694 1679 2753 euchari-

398 2785 542 2843 stiae
592 2787 955 2843 sacramenta
1005 2782 1398 2841 ministranda
1446 2781 1678 2858 prodie-

399 2877 544 2932 runt
567 2876 873 2950 Augustae
902 2883 974 2934 17
988 2882 1100 2942 58;
1130 2881 1293 2933 1762
1317 2892 1330 2940 ;
1366 2870 1683 2946 Oeniponti

406 2975 429 3025 1
447 2971 523 3026 84
534 2972 568 3023 6
589 2985 601 3031 ;
621 2970 930 3037 pastorum
946 2962 1361 3026 instructiones,
1379 2962 1681 3037 Augustae

401 3051 467 3109 V.
511 3061 712 3121 17623
744 3049 1087 3108 Monasterii
1127 3059 1291 3112 1846
1327 3053 1436 3107 etc.

503 3168 638 3219 156.
674 3158 757 3216 De
791 3175 952 3215 sacra
983 3158 1223 3231 lituryia
1244 3150 1682 3235 memerunt¹):

403 3246 684 3305 Melchior
733 3246 1053 3319 Hittorp
1113 3244 1474 3304 coloniensis
1523 3262 1584 3302 n.
1638 3261 1686 3305 c.

401 3400 490 3451 tor
515 3400 573 3450 et
596 3399 874 3466 professor
900 3395 1138 3450 Lovanii
1158 3396 1546 3464 librorumque
1565 3414 1687 3449 cen·

401 3485 490 3522 sor
516 3478 563 3537 (†
592 3471 750 3539 1690)
796 3470 1114 3523 Testimonia
1158 3484 1191 3521 a
1227 3466 1566 3534 quibusdam
1607 3484 1686 3521 re-

399 3539 739 3593 centioribus
789 3539 1040 3605 collecta,
1091 3538 1301 3607 quibus
1349 3538 1604 3592 doctrina
1643 3556 1685 3592 s.

402 3610 590 3664 Caroli
639 3610 702 3664 B.
753 3610 821 3664 de
871 3610 1226 3664 remittendis
1276 3612 1335 3665 et
1376 3610 1688 3664 retinendis

400 3680 1685 3820 ffssssfflssffftgiffiiaii⁸n¹2⁰ssiuss¹ssffi⁰2it¹ss

401 3825 529 3877 dem
557 3824 812 3893 epistolis
837 3825 907 3879 cf.
936 3823 1036 3883 Ed,
1064 3822 1350 3891 Wymann
1371 3824 1465 3877 der
1478 3824 1533 3877 h.
1604 3824 1687 3877 arl

402 3894 527 3950 Bor.
556 3896 674 3949 und
701 3895 791 3948 die
819 3894 1262 3949 schweizerische
1285 3894 1688 3964 Eidgenossen·

402 3966 604 4021 schaft.
630 3966 1166 4035 Korrespondenzen
1192 3982 1294 4019 aus
1319 3966 1426 4021 den
1454 3968 1504 4022 J.
1528 3970 1687 4023 1576·

403 4040 474 4093 84
498 4040 601 4092 etc.
630 4038 802 4091 Stanz
829 4041 986 4095 1903.

482 4114 520 4178 ¹)
570 4108 1082 4163 Praetermittimus
1109 4107 1141 4160 J
1146 4109 1389 4162 acobum
1437 4107 1482 4159 B
1500 4125 1538 4160 u
1556 4125 1580 4159 r
1596 4107 1615 4160 l
1632 4124 1686 4160 a·

406 4194 561 4233 eum
587 4183 1001 4251 (1524-1587),
1047 4178 1328 4232 Sorbouae
1372 4179 1587 4232 socium
1632 4182 1689 4232 et

402 4250 708 4315 doctorem,
723 4252 883 4319 cujus
905 4254 992 4303 est
1005 4252 1090 4304 La
1105 4252 1274 4303 Messe
1287 4252 1349 4303 de
1363 4253 1588 4319 s.Denys
1606 4293 1619 4306 .
1639 4292 1652 4306 .
1674 4297 1687 4309 .

404 4324 534 4374 tout
561 4323 678 4391 pris
704 4324 763 4375 et
786 4322 990 4376 tourne
1017 4338 1088 4375 en
1104 4318 1348 4391 francois
1365 4321 1443 4374 du
1459 4325 1509 4377 3.
1525 4321 1686 4390 chap.

402 4391 471 4447 de
496 4392 555 4446 la
579 4392 901 4447 Hierarchie
928 4391 1061 4448 eccl.
1107 4392 1174 4445 de
1219 4407 1279 4445 ce
1305 4391 1488 4462 grand
1515 4394 1572 4445 et
1597 4393 1688 4445 ad-

404 4463 636 4519 mirable
698 4464 1053 4533 Areopagite,
1123 4461 1353 4517 Parisiis
1399 4467 1554 4520 1557.
1606 4462 1688 4518 Cf.

1731 763 1933 802 corum
1965 742 2324 802 tuendorum
2370 742 2577 799 contra
2626 740 3011 797 novaturien-

1730 833 1886 891 tium
1918 831 2345 891 haereticorum
2378 830 2649 899 latratus,
2671 828 3013 904 impellente

1730 922 1769 979 J
1773 921 1951 981 acobo
1972 920 2229 978 Pamelio
2251 938 2381 978 cum
2403 917 2535 976 aliis
2556 916 2791 995 collegit
2812 918 3010 976 catho-

1731 1010 1874 1068 licos
1923 1009 2355 1069 vetustissimos
2406 1006 2737 1081 scriptores,
2788 1007 2893 1081 qui
2940 1005 3012 1065 de

1732 1098 1943 1157 officiis
1960 1096 2373 1156 ecclesiasticis
2390 1095 2774 1170 scripserunt,
2796 1094 3012 1153 edidit·

1735 1207 1850 1262 que
1884 1187 1990 1246 hoc
2020 1186 2241 1245 titulo:
2278 1186 2365 1244 De
2396 1185 2700 1243 catholicae
2730 1184 3015 1242 Ecclesiae

1733 1278 1947 1334 divinis
1975 1277 2160 1349 officis
2192 1294 2260 1332 ac
2292 1275 2630 1336 ministeriis
2660 1272 2809 1331 varii
2841 1276 3013 1331 vetu-

1736 1368 1963 1424 storum
1997 1364 2118 1424 fere
2151 1363 2418 1422 omnium
2450 1362 2738 1421 Ecclesiae
2775 1364 3015 1437 patrum

1735 1472 1800 1513 ac
1854 1454 2211 1528 scriptorum
2257 1447 2475 1531 libril),
2524 1451 2795 1509 Coloniae
2849 1459 3012 1512 1568

1734 1543 1796 1600 in
1811 1543 1868 1614 f,
1902 1561 2052 1617 quae
2084 1541 2266 1600 editio
2297 1539 2707 1617 complectitur
2750 1538 3016 1597 ordinem

1734 1650 2129 1691 romanum
2164 1630 2493 1708 vulgatum,
2542 1629 2833 1686 Isidori
2866 1629 3015 1703 hisp.

1735 1722 1805 1780 de
1838 1720 1970 1780 eccl.
2004 1719 2214 1779 officiis
2246 1719 2310 1777 11.
2346 1729 2379 1780 2
2408 1739 2421 1786 ;
2454 1717 2656 1777 Albini
2676 1717 2867 1776 Flacci
2899 1718 2948 1775 A
2967 1716 3015 1773 1-

1735 1828 1765 1867 c
1780 1830 1821 1868 u
1837 1809 1857 1866 i
1873 1829 1914 1868 n
1929 1809 1949 1867 i
1981 1809 2053 1868 de
2069 1808 2276 1868 officiis
2292 1807 2406 1866 div.
2428 1804 2557 1888 (qui
2580 1806 2615 1863 1.
2634 1806 2822 1880 ipsius
2842 1807 3016 1881 puta-

1735 1894 1966 1977 batur);
2012 1897 2390 1956 Amalarii
2432 1895 2715 1953 metensis
2769 1894 2841 1952 de
2900 1893 3017 1951 div.

1733 1986 1943 2045 officiis
1975 1986 2033 2044 11.
2074 1998 2128 2055 ⁴,
2163 1990 2223 2043 et
2254 1984 2326 2043 de
2358 1983 2563 2044 ordine
2590 1982 3018 2058 antiphonarii;

1735 2075 1875 2132 Rab.
1909 2076 1966 2132 M
1982 2095 2015 2132 a
2029 2094 2070 2133 u
2086 2074 2149 2132 ri
2177 2073 2249 2131 de
2270 2073 2652 2132 institutione
2673 2072 3018 2130 clericorum

1735 2164 1795 2221 ll.
1835 2173 1907 2233 33
1941 2162 2177 2223 Walafr.
2213 2161 2625 2220 Strabonis
2659 2159 2731 2217 de
2764 2159 3018 2218 exordiis

1736 2255 1796 2310 et
1829 2251 2207 2310 incrementis
2228 2268 2427 2309 rerum
2455 2249 3019 2314 ecclesiasticarum3

1735 2342 1782 2400 B
1800 2359 1935 2400 ern
1954 2358 1987 2398 o
2003 2339 2081 2399 ni
2098 2358 2125 2398 s
2158 2341 2312 2416 Aug.
2345 2338 2416 2396 de
2449 2337 2801 2412 quibusdam
2845 2335 3020 2394 rebus

1735 2429 1808 2489 ad
1855 2430 2095 2488 missam
2142 2426 2615 2503 pertinentibus;
2664 2425 2756 2483 Mi
2778 2425 3021 2483 crolo-

1735 2539 1833 2596 gu
1850 2536 1877 2577 s
1910 2518 1981 2576 de
2014 2517 2150 2576 eccl.
2185 2515 2720 2584 observationibus;
2755 2515 2784 2572 1
2799 2534 2834 2572 v
2851 2532 2884 2571 o
2901 2513 3019 2570 nis

1737 2628 1891 2667 carn.
1926 2626 2097 2668 serm.
2124 2616 2197 2669 21
2226 2606 2298 2664 de
2318 2606 2454 2665 eccl.
2478 2603 2863 2665 sacramentis
2882 2606 3020 2670 etc.;

1737 2696 1920 2755 Hild
1937 2696 2022 2754 eb
2042 2696 2194 2754 erti
2236 2695 2306 2752 de
2338 2693 2621 2770 mysterio
2653 2693 2865 2751 missae
2897 2711 3020 2751 car·

1738 2805 1891 2856 men3
1913 2785 2008 2843 Ra
2022 2785 2061 2843 d
2075 2805 2119 2844 u
2135 2784 2287 2859 Iphi
2305 2783 2374 2842 de
2394 2783 2542 2842 Rivo
2562 2782 2635 2840 de
2648 2781 3025 2841 observantia

1738 2892 2066 2943 canonum;
2100 2873 2315 2931 Missae
2348 2872 2772 2946 expositionem
2804 2889 2871 2929 ex
2898 2870 3021 2928 cod.

1737 2963 2176 3038 transcriptam.
2208 2962 2434 3021 Novam
2469 2961 2558 3018 ed.
2581 2959 2814 3019 curavit
2846 2959 3021 3018 Geor-

1738 3052 1876 3128 gius
1908 3051 2323 3110 Ferrarius
2356 3049 2572 3108 Romae
2602 3058 2754 3111 1591
2790 3051 3024 3107 auctam

1738 3140 1905 3199 Petri
1943 3138 2294 3198 Damiani
2326 3143 2399 3196 tr.
2432 3137 2505 3197 de
2520 3138 2806 3196 Dominus
2832 3137 3024 3196 vobis-

1741 3248 1905 3298 cum3
1941 3229 2156 3287 Petri
2187 3229 2341 3286 clun.
2376 3245 2570 3302 expos,
2605 3226 2850 3294 missae;
2887 3225 3021 3303 Ho-

1739 3338 1779 3376 n
1796 3336 1830 3376 o
1846 3338 1876 3375 r
1891 3317 1946 3377 ii
1973 3314 2513 3393 augustodunensis
2538 3333 2773 3391 gemma
2792 3314 3022 3372 animae

1742 3403 1837 3488 (ex
1882 3411 2067 3482 parte,
2116 3403 2237 3464 scil.
2279 3408 2513 3462 tantum
2562 3421 2752 3477 usque
2785 3402 2855 3459 ad
2894 3403 2931 3459 1.
2974 3413 3023 3462 1.

1743 3514 1787 3555 c.
1827 3490 1967 3574 72);
2000 3494 2327 3569 Ruperti
2366 3491 2667 3549 tuitiensis
2699 3490 2770 3547 cle
2796 3490 2914 3548 div.
2936 3489 3022 3547 of·

1742 3583 1889 3641 ficiis
1923 3583 1983 3640 ll.
2016 3592 2107 3644 13.
2129 3581 2213 3639 Ea
2232 3598 2468 3655 quoque
2488 3580 2571 3638 ita
2592 3583 2764 3638 aucta
2792 3582 3027 3653 recepta

1742 3672 1855 3730 fuit
1891 3672 1955 3730 in
1986 3670 2372 3728 bibliothecam
2406 3667 2543 3742 PR,
2579 3667 2814 3725 Parisiis
2841 3678 3023 3731 1610.

1748 3795 1826 3804 -
1862 3760 2077 3819 Notior
2108 3762 2199 3817 est
2231 3759 2490 3816 Joannes
2514 3757 2849 3832 Stephanus
2882 3758 2931 3814 D
2956 3775 3025 3814 u-

1743 3849 1971 3920 ranti,
2005 3847 2344 3918 advocatus,
2377 3845 2729 3922 parlamenti
2774 3845 3024 3903 tolosani

1741 3956 1995 4015 praeseS,
2008 3936 2072 3996 in
2082 3937 2356 3995 tumultu
2377 3935 2724 3994 interfectus
2746 3946 2769 3997 1
2792 3946 2841 3996 1.
2860 3934 3025 3991 Febr.

1752 4037 1937 4095 1589,
1978 4027 2071 4083 hic
2116 4025 2356 4101 quidem
2402 4023 2819 4092 nominandae,
2868 4022 3026 4097 quod

1743 4135 1881 4174 suae
1932 4114 2287 4174 eruditionis
2335 4114 2559 4189 pariter
2604 4131 2670 4170 ac
2717 4111 3026 4190 religionis

1743 4205 2136 4264 certissimum
2170 4202 2402 4261 dederit
2444 4201 2856 4260 testimonium
2903 4200 3025 4257 edi·

1743 4294 1822 4352 tis
1852 4293 2050 4351 tribus
2083 4292 2254 4349 libris
2286 4291 2354 4349 de
2391 4292 2677 4350 Ecclesiae
2721 4290 3027 4346 catholicae

1743 4384 1970 4457 ritibus,
2021 4380 2182 4457 quod
2233 4380 2470 4456 quidem
2524 4396 2672 4454 opus
2720 4375 3028 4435 firmandis

1743 4471 2200 4530 orthodoxorum
2219 4469 2492 4545 partibus
2505 4466 2888 4526 utilissimum
2902 4466 3027 4523 Six-

403 4532 566 4589 Feret
615 4535 682 4599 II,
729 4538 957 4592 55—58.
1009 4566 1075 4574 ——
1124 4535 1400 4589 Joannem
1452 4533 1688 4587 Mariam
1743 4564 1805 4617 to
1839 4560 1905 4618 V.
1938 4560 2081 4618 adeo
2098 4562 2403 4632 acceptum
2420 4557 2554 4627 fuit,
2576 4560 2724 4615 utet
2743 4554 2892 4613 illud
2912 4555 3027 4613 Ro-

403 4604 669 4659 Albini
695 4605 1086 4660 ferrariensem
1112 4608 1160 4677 (†
1182 4610 1358 4672 1592),
1387 4606 1488 4674 qui
1508 4604 1692 4659 edidit

405 4673 691 4732 Ferrariae
744 4680 884 4735 1580
927 4678 1344 4732 Dichiarazicne
1387 4680 1512 4733 delle
1540 4681 1689 4733 Cere-

405 4752 611 4803 moniae
635 4750 770 4803 della
796 4769 839 4803 s.
868 4750 1056 4803 Messa.

1826 4750 1860 4817 ¹)
1889 4746 1971 4803 ct.
2004 4744 2520 4800 Thalhofer-Ebner
2562 4744 2613 4797 1²
2639 4752 2665 4811 5
2692 4749 2722 4800 7
2749 4758 2880 4814 pag.
2910 4746 3037 4811 104,

2619 4834 2708 4887 12·
