3625 5193
542 232 623 285 23
994 216 1361 272 1564—1580.
1392 214 1701 286 Theologia
1724 212 1837 282 pol.
1864 212 1924 266 in
1952 212 2270 268 Germania.
2298 212 2522 278 Witzel,
2549 213 2730 284 Pflug,
3065 234 3145 286 24

537 400 770 475 Lipsiae
829 409 1015 470 1536,
1080 419 1229 476 opus
1275 421 1473 460 rarum
1525 398 1624 483 (m.
1682 396 1812 482 30),
1869 400 1999 459 nice
2030 400 2294 458 ediderat
2325 396 2461 479 (22)
2509 401 2758 460 collecta
2800 402 3150 478 prodierunt

538 490 842 549 eruditum
921 490 1241 566 magnique
1318 492 1617 560 momenti,
1696 508 1815 565 quo
1872 488 2142 548 Coloniae
2183 498 2523 552 1559—62
2558 510 2656 567 pp.
2694 500 2728 552 2
2763 491 2827 549 in
2867 502 2892 553 1
2920 511 2974 549 v.
2994 492 3059 550 in
3077 493 3149 562 f.;

536 578 781 638 Lutheri
814 583 1011 638 errata
1042 580 1249 654 aperit.
1283 579 1668 656 Quadruplici
1699 580 1816 639 sal-
1872 579 2267 653 Epistularum
2300 578 2478 649 11.1V‚
2513 580 2744 655 Lipsiae
2784 589 2944 643 1537
2962 630 2974 644 .
3003 582 3150 639 Con-

537 673 658 727 tem
707 668 897 726 forma
956 668 1329 727 concinnavit
1378 670 1816 729 institutionem
1872 668 2068 726 ciones
2113 668 2343 742 aliquot
2386 667 2546 743 apud
2591 669 2861 728 Brischar
2904 670 3149 729 Kanzel-

538 757 982 827 catecheticam;
1015 758 1306 834 triplicem
1343 758 1608 818 invenies
1658 757 1816 835 apud
1871 754 2082 816 redner
2112 756 2156 826 Ι,
2194 764 2515 820 38-123.

539 847 820 922 Moufang
868 847 1043 909 Kath.
1094 848 1510 906 Katechismen
1560 848 1662 907 des
1721 858 1816 911 16.

539 935 742 994 Jahrb.
764 955 822 1010 p.
849 944 1225 1006 107—1343
1269 946 1633 1007 135-—242;
1658 947 1816 999 467-
1970 944 2065 997 13.
2096 934 2431 1012 'theologus
2446 936 2671 1010 pariter
2686 936 2861 994 nimis
2895 936 3152 996 irenicus

544 1033 703 1095 5383
757 1024 949 1100 Typus
979 1025 1264 1084 Ecclesiae
1297 1028 1546 1103 prioris,
1582 1027 1816 1103 saepius
1871 1023 1991 1082 fuit
2037 1023 2240 1083 Julius
2271 1023 2343 1082 de
2406 1025 2635 1101 Pflug
2694 1025 2875 1084 nobili
2937 1045 3152 1102 genere

538 1113 763 1172 editum
799 1110 1007 1193 (editio
1039 1114 1249 1173 melior
1294 1116 1517 1190 prodiit
1547 1116 1818 1176 Coloniae
1873 1113 2091 1188 Eytrae
2123 1132 2304 1188 prope
2335 1113 2594 1188 Lipsiam
2638 1124 2801 1177 1499
2823 1116 3015 1185 nams,
3050 1115 3154 1190 qui

549 1198 762 1283 1559),
798 1203 1052 1261 amultis
1073 1202 1422 1274 lectitatum,
1457 1224 1575 1280 quo
1592 1209 1819 1282 septem
1874 1202 2122 1276 Lipsiae,
2157 1202 2262 1261 ubi
2290 1221 2441 1278 puer
2470 1222 2522 1264 a.
2562 1212 2629 1264 11
2685 1204 2748 1261 in
2779 1202 3154 1262 matriculam

538 1292 736 1367 priora
766 1290 1057 1351 Ecclesiae
1102 1292 1297 1353 secula
1340 1312 1578 1353 normae
1609 1295 1816 1364 instar,
1875 1290 1993 1349 fuit
2012 1291 2255 1361 relatuS‚
2289 1291 2520 1350 Patavii
2540 1298 2600 1350 et
2620 1293 2919 1351 Bononiae
2939 1293 3154 1351 studiis

541 1380 863 1439 secundum
897 1400 1074 1456 quam
1098 1382 1451 1441 dirimantur
1481 1386 1819 1443 controver-
1875 1398 2113 1456 operam
2145 1379 2337 1438 dedit:
2370 1381 2474 1439 sed
2505 1381 2568 1440 in
2599 1382 2895 1457 theologia
2912 1381 3028 1440 fuit
3048 1400 3154 1440 au-

541 1470 677 1538 siae,
700 1471 1009 1544 proponit3
1060 1471 1163 1528 Via
1183 1467 1418 1551 reynel),
1448 1473 1570 1532 sive
1591 1472 1663 1531 de
1682 1490 1821 1531 con·
1876 1468 2242 1528 todidactus:
2277 1469 2417 1528 hinc
2446 1471 2638 1528 caruit
2668 1470 2979 1529 soliditate.
3045 1472 3154 1529 Re·

540 1558 821 1618 troversis
852 1560 1155 1636 religionis
1172 1561 1470 1636 capitibus
1503 1562 1820 1620 concilian-
1878 1558 1996 1616 dux
2027 1558 2092 1616 in
2139 1558 2510 1616 Germaniam
2553 1560 2828 1634 pluribus
2860 1560 3156 1618 beneficiis

540 1648 631 1705 dis
689 1649 998 1718 sententia,
1051 1650 1138 1708 ed.
1200 1661 1363 1713 1600
1417 1651 1576 1709 inter
1626 1650 1821 1709 Wolfii
1877 1647 1994 1706 fuit
2024 1650 2235 1705 auctus
2268 1649 2330 1705 et
2378 1651 2623 1723 propter
2673 1648 2940 1724 insignes
2974 1649 3155 1707 animi

538 1736 819 1795 lectiones
852 1738 1263 1797 memorabiles
1294 1739 1370 1809 11,
1408 1748 1564 1809 3543
1614 1740 1820 1798 Helm·
1876 1737 2044 1795 dotes
2075 1739 2255 1810 atque
2301 1736 2694 1795 characterem
2741 1736 3030 1796 irenicum
3061 1738 3157 1796 vel

540 1825 715 1883 stadii
771 1836 957 1889 1650.
1004 1837 1200 1896 1657;
1264 1827 1671 1905 Hayioloqium
1715 1847 1823 1887 seu
1877 1826 1952 1884 ab
1982 1824 2760 1901 imperatoreadsopiendas
2778 1826 3156 1903 dereligione

540 1914 612 1972 de
645 1914 862 1972 sanctis
882 1916 1202 1975 Ecclesiae:
1236 1916 1517 1977 historiae
1549 1917 1823 1976 divorum
1877 1914 2303 1973 controversias
2334 1914 2657 1973 adbibitus
2703 1915 2939 1973 Electus
2971 1919 3062 1973 est
3092 1915 3152 1973 in

538 2003 1068 2071 celeberrimorum,
1092 2005 1432 2082 Moguntiae
1472 2017 1656 2073 1541;
1704 2006 1822 2065 Von
1877 2003 2221 2079 episcopum
2235 2003 3157 2079 naumburgensem,sednonnisi

538 2094 644 2150 der
674 2093 724 2149 h.
762 2092 1111 2170 Eucharisty
1156 2095 1297 2153 oder
1328 2096 1482 2154 Mess
1514 2096 1665 2154 nach
1697 2095 1819 2153 An·
1878 2099 2015 2168 post
2059 2092 2293 2166 aliquot
2341 2110 2524 2150 annos
2568 2093 2895 2151 obsistente
2925 2092 3157 2151 Joanne

540 2182 809 2258 weisung
857 2183 961 2241 der
993 2183 1212 2242 Schrist
1257 2185 1381 2243 und
1429 2186 1533 2243 der
1581 2186 1821 2244 eltisten
1883 2181 2178 2241 Eriderico
2212 2180 2495 2240 Saxoniae
2527 2182 2776 2241 electore
2808 2181 3003 2240 sedem
3051 2198 3155 2257 po-

541 2269 1183 2349 Scbriftverstendigen
1232 2273 1289 2334 h.
1339 2274 1532 2345 Lerer‚
1585 2274 1823 2350 Lipsiae
1877 2271 1998 2329 tuit
2029 2270 2190 2329 adire
2223 2289 2388 2329 suam
2423 2266 2668 2351 (1547).
2702 2270 2844 2329 Cum
2875 2288 3015 2328 vero
3049 2288 3155 2327 sua

548 2368 667 2421 153
680 2372 732 2421 4.
798 2361 977 2419 Form
1026 2362 1146 2420 und
1190 2365 1524 2440 anzeiyuny,
1572 2364 1679 2422 wie
1727 2364 1821 2421 die
1877 2360 2158 2418 dioecesis
2190 2378 2406 2436 magna
2437 2378 2506 2417 ex
2526 2361 2827 2436 partejam
2850 2358 3157 2417 defecisset

541 2448 777 2525 heylige
823 2450 1189 2509 Catholische
1237 2452 1416 2510 Kirch
1465 2452 1671 2510 Gottes
1717 2471 1824 2510 vor
1877 2448 1952 2506 ad
1984 2451 2334 2507 novatorum
2366 2467 2612 2518 errores,
2661 2448 3062 2507 crescentibus
3092 2449 3154 2507 in

539 2542 794 2607 tament,
831 2541 999 2599 mehr
1044 2540 1167 2599 und
1218 2541 1478 2618 weniger
1509 2540 1547 2599 J
1551 2559 1708 2611 aren,
1756 2541 1821 2599 in
1878 2536 2002 2595 dies
2021 2536 2288 2613 undique
2308 2536 2780 2608 difficultatibus,
2813 2537 3157 2614 praepedire

542 2628 689 2686 aller
709 2629 1123 2705 Christenheyt
1141 2630 1362 2706 regiert
1390 2630 1512 2689 und
1534 2630 1823 2706 geordnet
1877 2645 1998 2685 non
2031 2627 2230 2701 potuit
2260 2628 2345 2686 rei
2376 2628 2693 2687 catholicae
2734 2627 2977 2696 cladem,
3011 2627 3155 2686 adeo

540 2734 806 2792 gewesen
840 2718 923 2774 sei
960 2763 971 2774 .
1007 2763 1018 2774 .
1054 2763 1065 2774 .
1131 2718 1336 2793 Sampt
1383 2718 1487 2776 der
1536 2719 1713 2776 Missa
1764 2719 1819 2777 S.
1876 2719 1947 2774 ut
1978 2716 2108 2791 ipse
2128 2715 2310 2775 fuerit
2329 2718 2579 2776 ultimus
2600 2717 2764 2776 illius
2786 2717 2937 2776 sedis
2957 2718 3155 2776 catho-

540 2804 674 2867 Joh.
709 2805 1089 2864 chrisostomi
1140 2807 1417 2876 Deutsch,
1469 2807 1594 2865 und
1640 2807 1821 2866 altem
1878 2805 2028 2863 licus
2061 2805 2388 2881 episcopus,
2423 2807 2690 2866 Decessit
2708 2806 2937 2882 3.Sept.
2971 2815 3152 2869 1564.

539 2893 762 2951 brauch
794 2894 898 2952 der
916 2895 971 2952 h.
991 2896 1206 2966 Tauffe‚
1228 2895 1418 2954 Mainz
1445 2908 1470 2958 1
1485 2905 1725 2960 540-15
1740 2906 1817 2960 58
1878 2893 2074 2951 Nimio
2106 2895 2267 2969 pacis
2288 2914 2484 2954 amore
2508 2899 2568 2954 et
2582 2896 2971 2972 obsequentia
2988 2915 3157 2972 cryp-

539 3001 639 3057 pp.
677 2992 708 3044 5
762 2983 826 3040 in
881 2995 937 3053 4,
991 2984 1166 3042 etiam
1216 2985 1572 3060 inscriptum
1629 2987 1822 3062 Typus
1878 2983 2363 3042 tolutheranismi
2425 2985 2682 3043 incurrit
2743 2986 3154 3061 suspicionem.

540 3073 966 3147 ecclesiasticus,
1031 3072 1263 3147 aliaque
1310 3074 1544 3149 scripta,
1599 3074 1819 3150 quibus
1876 3070 1945 3130 In
1982 3073 2435 3146 justificationis
2472 3074 2744 3133 doctrina
2776 3074 2955 3132 nimis
2996 3091 3154 3131 aoce-

538 3160 845 3219 nitebatur
889 3161 1088 3220 fideles
1134 3162 1206 3220 de
1239 3181 1416 3221 sensu
1463 3182 1505 3221 s,
1541 3164 1820 3241 liturgiae
1878 3161 2014 3219 dere
2046 3161 2288 3221 videtur
2318 3162 2391 3220 ad
2423 3163 2892 3222 Lutheranorum
2926 3161 3153 3236 opinio-

541 3250 831 3307 instruere
843 3244 913 3331 2).
945 3252 1387 3311 Homiliaticum
1416 3270 1563 3325 opus
1606 3254 1819 3311 Postil-
1876 3268 1998 3322 nes,
2016 3251 2230 3310 missae
2258 3251 2604 3310 sacrificium
2635 3254 2976 3320 extenuare3
2996 3267 3151 3308 com-

539 3338 633 3396 len
666 3337 805 3396 oder
836 3339 1236 3417 Predigtbuch
1267 3341 1417 3399 iiber
1435 3341 1532 3399 die
1551 3342 1819 3417 Episteln
1875 3339 2217 3399 munionem
2265 3341 2377 3398 sub
2427 3343 2683 3414 utraque
2733 3338 2924 3415 specie
2970 3342 3031 3396 et
3061 3356 3152 3395 sa-

537 3427 663 3485 und
679 3428 1037 3505 Evangelien
1069 3448 1203 3488 vom
1221 3429 1456 3489 Advent
1473 3431 1564 3489 bis
1586 3431 1817 3502 ostem,
1875 3428 2213 3488 cerdotibus
2229 3429 2669 3488 matrimonium
2685 3427 2987 3503 supposita
3005 3446 3152 3502 pon-

538 3516 769 3592 Lipsiae
829 3527 989 3582 1537
1045 3537 1140 3594 pp.
1191 3528 1225 3580 2
1282 3519 1345 3577 in
1395 3519 1453 3577 F.
1507 3521 1607 3598 (m.
1647 3515 1818 3603 120).
1874 3517 2050 3576 tificis
2082 3519 2464 3593 permissione
2513 3515 2887 3576 concedenda
2935 3523 3152 3574 censet.

539 3605 721 3663 Plura
751 3626 902 3680 quae
936 3608 1126 3682 spatio
1152 3617 1231 3669 24
1267 3627 1557 3668 annorum
1589 3628 1818 3686 germa-
1875 3606 2137 3664 Plurima
2182 3607 2430 3682 reliquit
2460 3623 2634 3681 opera
2648 3601 2713 3687 ι),
2763 3608 2832 3663 ut
2866 3605 3154 3664 Institutio

540 3776 620 3829 Cf.
667 3776 837 3830 etiam
877 3777 935 3830 F.
979 3777 1224 3831 Traub
1278 3781 1550 3849 Warmmy
1590 3797 1686 3834 vor
1728 3783 1819 3833 dee

540 3850 772 3901 Luthers
803 3851 1086 3903 Teutschen
1111 3852 1275 3918 Bibel,
1303 3865 1363 3902 so
1390 3867 1462 3905 an
1486 3850 1819 3904 unzahlbar-
1954 3851 1989 3920 ¹)
2017 3847 2098 3902 Cf.
2124 3847 2362 3902 Brecher
2387 3847 2517 3916 allg.
2546 3847 2599 3900 d.
2627 3846 2810 3916 Biogr.
2839 3846 3008 3912 XXV,
3031 3850 3152 3914 6883

538 3918 726 3971 lichen
754 3919 925 3973 Orten
951 3919 1241 3974 offentlich
1281 3921 1575 3990 geffllscht‚
1601 3921 1816 3976 derhal-
1873 3917 2079 3973 Weber
2115 3918 2226 3973 KL.
2269 3917 2358 3983 IX,
2403 3922 2786 3989 1979—1982;
2828 3917 2999 3972 Ersch
3040 3915 3154 3971 und

544 3991 648 4042 ben
676 4007 786 4043 von
813 3991 1037 4044 keinem
1064 3991 1321 4045 Christen
1359 4009 1419 4045 so
1462 3995 1600 4047 umb
1638 3992 1820 4047 seiner
1875 3991 2086 4045 Gruber
2111 3992 2241 4044 sect.
2271 3990 2412 4071 ulf.
2442 3990 2587 4053 XXI,
2612 3994 2714 4047 251
2735 4008 2835 4062 ss.;
2864 3992 2928 4043 A.
2943 3990 3152 4069 Janseu

539 4059 731 4114 Seelen
749 4061 893 4130 Heyl
913 4062 1076 4116 nicht
1101 4062 1526 4134 mutwilh‘glich
1548 4065 1819 4135 betrogen
1873 4062 1923 4115 J.
1940 4061 2120 4133 Pflug.
2151 4061 2259 4115 Ein
2273 4061 2505 4131 Beitrag
2520 4061 2822 4116 zurGesch.
2846 4062 2941 4114 der
2955 4060 3152 4113 Kirche

538 4132 760 4187 werden
774 4134 905 4199 will,
922 4133 1144 4204 gelesen
1161 4134 1383 4188 werden
1413 4135 1529 4189 kan
1545 4135 1678 4189 oder
1697 4136 1818 4200 soll,
1876 4134 1994 4188 und
2019 4132 2228 4187 Politik
2254 4132 2543 4188 Deutschl.
2572 4133 2651 4186 im
2680 4137 2761 4190 16.
2784 4131 2980 4186 Jahrb.
3009 4131 3066 4183 in
3080 4131 3148 4183 N.

540 4204 871 4273 lngolstadii
899 4209 1038 4262 1578
1065 4205 1124 4259 in
1148 4209 1199 4261 4.
1873 4204 2140 4260 Mittheil.
2204 4222 2307 4259 aus
2370 4206 2497 4259 dem
2561 4204 2760 4260 Gebiet
2817 4203 3149 4272 hist.-ant1q.

618 4278 653 4346 ⁸)
682 4275 763 4329 Cf.
816 4276 1066 4339 Werner,
1117 4277 1311 4331 Gesch.
1364 4278 1461 4332 der
1510 4278 1657 4348 apol.
1712 4280 1815 4332 etc.
1875 4276 2098 4331 Forsch.
2128 4275 2292 4331 Halle
2317 4281 2454 4334 1864
2471 4277 2534 4342 X,
2561 4276 2605 4340 1,
2633 4279 2871 4331 1-—110:
2899 4279 2950 4336 2,
2976 4277 3152 4330 156-

537 4346 705 4404 Liter.
731 4355 781 4414 4,
809 4354 911 4406 261
940 4366 1007 4402 ss.
1036 4349 1269 4403 Adverti
1290 4351 1481 4403 tamen
1516 4350 1700 4414 debet,
1728 4368 1819 4419 ge·
1873 4352 2009 4412 228:
2036 4348 2314 4402 Kawerau
2341 4347 2594 4401 Realenc.
2623 4346 2742 4410 XV,
2767 4349 3043 4412 260-63;
3079 4344 3148 4398 Ν.

540 4417 819 4472 nuitatem
847 4420 1016 4491 hujus
1042 4421 1245 4489 operis,
1281 4420 1342 4473 iu
1388 4437 1499 4489 quo
1524 4421 1692 4491 plura
1717 4421 1819 4474 mi·
1875 4415 2080 4473 Paulus
2125 4436 2256 4473 eum
2300 4421 2374 4473 ab
2411 4416 2832 4486 exceptionibus
2870 4416 3150 4469 vindicare

538 4490 688 4542 nime
715 4489 1309 4616 ἓτοέαῑιᾶαῦὲᾟιειῶῗ,
1349 4508 1820 4619 ηοη1ἔὲεθέιιῑὲξα
1874 4491 2074 4616 giffitssr
2121 4489 2396 4615 {aghfflik
2444 4494 2631 4613 1834.E
2651 4488 2873 4613 111'31411113
2914 4506 2992 4611 ⁶81?
3013 4503 3150 4612 rgan

537 4576 701 4614 omne
760 4580 975 4616 u1um.
1062 4601 1076 4614 .
1137 4580 1367 4616 aess.c.
1429 4606 1442 4618 .
1582 4583 1594 4596 ·
1667 4580 1729 4616 as
1791 4582 1819 4615 r
1989 4582 2005 4615 1
2053 4604 2065 4627 ‚
2113 4599 2161 4615 ..
2300 4580 2337 4615 u
2424 4578 2502 4614 un
2635 4602 2646 4613 .
2740 4578 2758 4612 1
2909 4577 2929 4612 1
3077 4577 3148 4611 m.

538 4631 1240 4704 Reunionsbestrebungen
1264 4653 1321 4703 p.
1351 4581 1454 4690 120
1479 4652 1547 4687 ss.
1582 4609 1594 4635 ³
1875 4633 2106 4698 Qtlschr.
2137 4633 2316 4686 XVIII
2339 4580 2541 4712 {³1904),
2579 4635 2808 4697 57—83,
2836 4630 2934 4684 ubi
2961 4629 3151 4699 plures

613 4711 652 4775 ²⁴)
680 4703 1191 4759 'l‘halhofer-Ebner
1238 4705 1457 4760 Handb.
1487 4705 1585 4759 der
1610 4704 1665 4758 k.
1706 4704 1815 4758 Lit.
1874 4705 2141 4774 epistolas
2202 4704 2311 4758 luci
2361 4703 2623 4784 pubhcae
2685 4702 2840 4757 dedit
2904 4700 3151 4754 Danielis

538 4774 605 4838 1²,
632 4781 700 4833 99
729 4795 767 4830 s.
1872 4776 2076 4830 Mauch
2127 4775 2426 4840 Ulmenm,
2477 4775 2580 4844 qui
2628 4774 2790 4844 prius
2841 4775 3152 4827 advocatus
