3625 5193
384 260 503 313 1:³7

1365 240 1677 307 Hamilton‚
1704 241 2017 296 WinzetuS.

2870 260 2986 314 178

376 428 754 486 revelationis
787 427 1196 504 amplitudine,
1229 447 1517 503 quaenam
1542 429 1650 487 Ec·
1713 438 1746 491 3
1782 448 1854 497 v.‚
1889 428 2160 487 Coloniae
2217 437 2413 498 1592;
2447 447 2598 503 opus
2648 428 2885 503 saepius
2932 432 2993 486 et

377 517 544 576 clesia
595 518 677 575 sit
720 517 903 592 judex
954 518 1492 576 controversiarum
1542 521 1650 576 etc.
1707 516 1881 575 variis
1913 517 1975 575 in
2009 517 2150 580 locis
2170 517 2412 576 editum.
2443 518 2581 576 Tres
2603 519 2865 584 Thomae,
2888 536 2989 576 seu

381 606 609 681 Majoris
652 607 805 665 sorte
836 605 1014 681 pretii
1046 609 1169 664 est:
1220 605 1653 681 Principiorum
1708 605 1781 663 de
1815 624 1858 664 s.
1892 607 2145 665 Thomae
2177 607 2427 681 apostoli
2472 607 2649 665 rebus
2681 608 2881 683 gestiS‚
2917 606 2989 665 de

378 696 508 768 fidei
537 696 946 753 doctrinalium
977 696 1199 753 relectio
1230 696 1571 755 scholastica
1604 703 1655 754 et
1711 713 1753 753 s.
1838 696 2058 753 Thoma
2125 696 2375 772 archiep.
2441 697 2837 754 cantuariensi
2929 700 2990 754 et

378 785 828 857 compendiaria,
895 784 1252 859 Antverpiae
1307 794 1492 854 1596,
1559 785 1655 843 cui
1710 784 1967 843 Thomae
2013 784 2162 842 Mori
2207 785 2456 862 Angliae
2506 785 2800 859 quondam
2856 805 2989 843 can-

377 873 620 931 accessit
670 873 996 949 triplicatio
1047 873 1324 932 inchoata
1371 874 1653 932 adversus
1709 873 1933 930 cellarii
1982 874 2125 940 vita,
2173 875 2373 949 magni
2414 875 2593 948 pretii
2642 893 2747 949 pro
2780 875 2903 933 vita
2934 876 2987 932 b.

380 962 439 1018 G.
475 961 800 1020 Whitakeri
832 961 1412 1038 Anglo-Oalvinistae
1459 963 1652 1038 dupli·
1709 962 1812 1020 Th.
1838 962 2014 1031 Mori3
2052 963 2232 1021 Duaci
2266 971 2464 1031 15883
2500 963 2800 1025 Coloniae]
2834 973 2987 1028 5993

378 1051 663 1108 cat-ionem
697 1069 803 1125 pro
824 1051 1174 1109 auctoritate
1191 1051 1483 1110 Ecclesiae
1499 1070 1653 1111 com·
1719 1061 1917 1120 16123
1970 1054 2256 1110 orationes
2299 1052 2656 1110 academicae
2689 1052 2913 1109 XXXI
2928 1051 2985 1126 V,

379 1139 653 1213 pendium
690 1136 819 1220 (sed
835 1142 927 1197 sat
945 1139 1242 1213 prolixum
1257 1137 1473 1222 adhuc)
1494 1141 1654 1214 prio·
1710 1140 2069 1216 Antverpiae
2092 1149 2247 1202 1591
2276 1141 2724 1212 ;Quodlibeticae
2743 1141 2822 1210 X3
2845 1141 2989 1198 Pro·

378 1228 456 1285 ris
504 1229 696 1304 operis
744 1228 1017 1286 secundis
1067 1229 1223 1286 curis
1262 1229 1652 1299 elaboratum,
1706 1231 2094 1305 puqna-culum
2120 1230 2258 1302 fidei
2280 1231 2615 1302 primitivae
2640 1231 2985 1306 Anytorum,

377 1317 532 1391 quod
565 1317 803 1376 excellit
847 1318 1268 1392 quaestionum
1312 1319 1654 1377 notionum·

380 1423 490 1480 que
538 1405 921 1464 distinctione
966 1408 1027 1463 et
1073 1408 1514 1482 perspicuitate,
1562 1427 1655 1464 ar-

378 1498 796 1569 gumentorum
826 1492 1084 1570 pondere
1115 1498 1176 1553 et
1208 1497 1494 1555 concinna
1522 1498 1652 1554 bre·

379 1583 577 1640 vitate.
629 1583 934 1656 Speculum
959 1587 1277 1659 pravitatis
1320 1586 1654 1659 haereticae,

380 1671 617 1730 Parisiis
657 1682 842 1735 1580.
919 1673 1191 1731 Universa
1229 1674 1657 1748 justificationis

376 1760 634 1818 doctrina
680 1761 844 1819 hodie
874 1769 1236 1820 controversa
1268 1764 1321 1820 ll.
1355 1763 1495 1821 XII
1531 1766 1654 1821 tra·

376 1848 514 1917 dita,
567 1849 809 1907 Parisiis
869 1858 1052 1913 1582.
1117 1850 1202 1908 De
1261 1853 1657 1928 maynitudine

375 1937 661 1996 Ecclesiae
720 1957 999 1997 romanae
1060 1940 1121 1997 ll.
1172 1949 1227 2009 2,
1292 1941 1655 2016 Antverpiae

383 2036 546 2087 1599
569 2027 633 2084 in
659 2039 727 2094 43
760 2028 978 2103 Brugis
1019 2038 1217 2098 19813
1251 2030 1407 2104 apud
1442 2031 1653 2088 Rocca-

377 2114 530 2173 berti
565 2115 683 2186 XX,
725 2126 971 2186 1-36;
1033 2118 1414 2176 Auctoritatis
1458 2117 1650 2177 Eccle-

375 2206 641 2262 siasticae
671 2205 826 2262 circa
849 2223 893 2263 ε.
917 2205 1255 2280 Scripturas
1276 2207 1652 2283 approbatio-

374 2311 508 2350 nem
541 2293 802 2351 defensio
833 2294 894 2351 ll.
929 2295 1014 2353 111
1062 2298 1265 2353 contra
1297 2295 1653 2371 disputatio·

372 2399 509 2439 nem
525 2383 598 2440 de
632 2382 941 2456 Scriptura
973 2402 1018 2444 s,
1040 2384 1103 2442 G.
1125 2383 1468 2455 Whitakeri,
1502 2386 1653 2443 Ant—

372 2471 609 2545 verpiae
681 2481 864 2533 1592.
918 2472 1012 2530 Ad
1072 2471 1411 2531 refutandas
1473 2474 1652 2532 corri-

371 2559 718 2636 gendasque
751 2579 1058 2635 perversas
1092 2562 1316 2621 Calvini
1367 2565 1428 2621 et
1471 2562 1652 2639 hujus

373 2649 802 2724 discipulorum
845 2650 1384 2726 interpretatione&
1433 2652 1654 2727 quibus

372 2738 443 2795 N.
489 2738 550 2797 Τ.
596 2739 887 2797 librorum
928 2758 1167 2798 sensum
1217 2741 1650 2815 pervertebant,

370 2826 589 2885 edidit:
643 2828 929 2887 Antidota
961 2830 1276 2905 evanyelica
1320 2836 1522 2888 eontra
1551 2831 1651 2888 ho—

369 2935 503 2973 rum
535 2923 854 2991 temporum
886 2918 1160 2993 haereses,
1214 2918 1279 2975 in
1311 2918 1530 2993 quibus
1561 2919 1653 2976 illi

370 3008 630 3080 quatuor
660 3006 1106 3083 evangeliorum
1128 3010 1331 3065 textus
1352 3007 1651 3082 explican-

370 3104 490 3161 tur,
527 3094 748 3169 quibus
778 3094 1057 3154 haeretici
1087 3095 1258 3155 hodie
1290 3096 1364 3154 ad
1385 3115 1492 3154 sua
1506 3096 1649 3172 dog-

370 3187 528 3240 mata
561 3184 992 3259 propugnanda
1010 3188 1288 3253 utuntur,
1311 3186 1404 3243 vel
1422 3185 1493 3242 ad
1513 3185 1649 3243 hae-

371 3271 695 3330 reticorum
757 3271 1034 3349 dogmata
1094 3272 1497 3350 impugnanda
1554 3293 1650 3333 ca—

367 3359 579 3418 tholici
620 3361 711 3418 uti
749 3365 1019 3437 possunt,
1067 3363 1430 3438 Antverpiac
1481 3372 1646 3427 1595

368 3467 464 3523 pp.
516 3457 551 3509 2
601 3450 664 3506 in
718 3461 741 3511 1
784 3469 839 3513 v.
872 3451 935 3508 in
984 3460 1052 3521 83
1099 3452 1378 3510 Antidota
1423 3460 1648 3526 aposto-

368 3538 503 3610 lica,
569 3538 691 3596 scil.
753 3538 817 3597 in
878 3541 1062 3598 Actus
1123 3544 1326 3615 apost„
1377 3542 1440 3598 in
1490 3543 1649 3615 epist.

373 3628 454 3684 ad
502 3627 797 3686 Romanos
854 3647 922 3687 ac
971 3629 1136 3687 binas
1196 3632 1275 3687 ad
1325 3630 1651 3689 Corinthios

369 3719 577 3775 contra
627 3716 817 3775 nostri
881 3719 1167 3792 temporis
1235 3719 1564 3779 haereticos
1581 3715 1647 3799 ¹),

369 3807 413 3861 t.
484 3813 541 3874 3,
611 3807 971 3880 Antverpiae
1043 3816 1201 3870 1595
1221 3812 1265 3866 t.
1337 3820 1387 3870 1.
1450 3812 1511 3867 et
1578 3817 1647 3875 2;

367 3891 610 3951 Lovanii
650 3904 815 3957 1598
851 3899 893 3952 t.
932 3905 986 3957 3.
1020 3895 1180 3964 Quae
1211 3896 1482 3955 antidota
1512 3915 1649 3955 vere

369 3982 577 4040 eximia
609 3986 771 4052 sunt,
805 3986 985 4059 atque
1015 3985 1079 4042 in
1110 3985 1181 4042 iis
1213 3985 1396 4044 solide
1446 3985 1646 4044 admo-

368 4069 510 4128 dum
543 4071 647 4129 illa
677 4072 1023 4132 testimonia
1069 4073 1349 4149 expendit
1380 4074 1647 4151 exponit·

367 4177 499 4233 que,
534 4179 686 4235 quae
718 4160 781 4219 in
812 4162 1114 4239 theologia
1151 4162 1485 4239 dogmatica
1524 4183 1647 4222 ma·

361 4249 506 4322 joris
537 4255 683 4307 sunt
714 4252 1014 4308 momenti.
1027 4250 1505 4324 Promptuarium
1527 4271 1647 4310 mo-

367 4338 488 4394 rale
531 4355 712 4413 super
756 4340 1061 4415 evangelia
1103 4344 1229 4398 tam
1274 4341 1649 4400 dominicalia

367 4444 544 4499 quam
577 4426 651 4485 de
683 4427 850 4486 festis
883 4431 944 4486 et
972 4428 1473 4505 quadragesimae,
1498 4432 1647 4488 Ant-

367 4516 600 4590 verpiae
638 4525 839 4588 15913
888 4526 1085 4587 1592;
1140 4528 1305 4580 1593
1354 4538 1450 4595 pp.
1504 4529 1535 4582 5
1584 4519 1647 4577 in

439 4789 480 4861 ¹)
507 4789 593 4846 Cf.
617 4788 858 4845 Werner
883 4790 921 4846 l.
948 4805 994 4846 c.
1020 4796 1073 4856 4,
1100 4796 1203 4849 305
1230 4810 1299 4848 ss.

1709 1319 1786 1376 ib.
1833 1329 2012 1381 1565.

1804 1505 1903 1558 82.
1952 1497 2104 1554 Secti
2146 1499 2315 1555 erant
2358 1496 2811 1554 Archimbaldus
2860 1496 2988 1553 Ha-

1710 1585 1991 1644 milton
2043 1586 2117 1644 ad
2167 1604 2366 1643 veram
2428 1603 2743 1644 conversus
2794 1586 2988 1654 fidem,

1711 1675 1815 1748 qui
1848 1674 2026 1732 editis
2060 1674 2230 1732 libris
2276 1674 2411 1732 dein
2458 1675 2830 1732 Calvinianos
2878 1674 2990 1731 im-

1711 1762 2022 1840 pugnavit,
2086 1767 2148 1821 et
2208 1763 2503 1821 Ninianus
2566 1764 2631 1820 W
2654 1764 2673 1820 i
2696 1782 2735 1820 n
2753 1782 2782 1820 z
2801 1782 2833 1821 e
2853 1765 2879 1820 t
2900 1782 2940 1820 u
2963 1781 2989 1820 s

1713 1848 2039 1932 (Wingate)
2089 1851 2153 1910 Ο.
2187 1851 2243 1911 S.
2275 1852 2490 1910 Bened.
2525 1855 2701 1910 natus
2733 1871 2780 1909 a.
2821 1860 2986 1914 1518

1711 1942 1774 1999 in
1825 1941 2036 2010 Scotia,
2089 1941 2282 2017 patria
2326 1940 2613 1998 Renfrous
2647 1937 2986 2022 (Renfrew),

1710 2029 1971 2107 primum
2022 2034 2150 2088 erat
2210 2030 2524 2106 presbyter
2583 2030 2867 2088 secularis
2927 2028 2988 2086 in

1709 2119 1962 2177 dioecesi
2012 2118 2423 2195 glasgoviensi‚
2471 2121 2650 2192 atque
2691 2119 2766 2176 ob
2816 2136 2987 2192 prae·

1711 2208 1899 2266 claras
1928 2207 2112 2266 animi
2145 2206 2311 2265 dotes
2347 2207 2603 2282 publicis
2634 2207 2791 2282 apud
2822 2207 2987 2264 Lith-

1710 2315 1882 2372 goam
1945 2291 2362 2378 (Linlithgow)
2414 2296 2645 2365 scholis,
2709 2295 2847 2352 dein
2893 2315 2986 2353 ec-

1712 2386 1923 2444 clesiae
1984 2384 2329 2461 collegiatae
2391 2383 2609 2442 ibidem
2686 2385 2987 2458 praeposi-

1709 2478 1841 2544 tus;
1883 2493 2002 2549 quo
2034 2477 2232 2531 tamen
2266 2492 2510 2531 munere
2541 2475 2783 2548 propter
2815 2472 2984 2530 fidem

1709 2563 1979 2640 privatus
2028 2562 2160 2620 fuit.
2223 2561 2441 2621 Mariae
2493 2562 2700 2621 Stuart
2748 2561 2987 2637 reginae

1710 2653 1828 2710 fuit
1861 2673 1894 2711 a
1926 2651 2410 2711 confessionibus.
2473 2648 2880 2710 Invalescente
2924 2651 2986 2708 in

1710 2742 2143 2803 Seotiahaeresi
2173 2741 2500 2800 calviniana
2514 2740 2733 2799 Joanni
2759 2740 2987 2799 Knoxio

1708 2833 1770 2889 et
1799 2831 2053 2889 Thomae
2075 2830 2460 2906 SpotswodiO,
2482 2830 2708 2888 Calvini
2725 2829 2986 2905 discipu-

1708 2920 1803 2989 lis,
1825 2922 2068 2978 strenue
2090 2937 2153 2977 se
2173 2918 2454 2994 opposuit
2468 2937 2689 2993 eosque
2720 2918 2988 2994 disputa-

1707 3007 1971 3067 tionibus
2006 3027 2121 3082 qua
2153 3006 2409 3083 publicis
2442 3026 2560 3082 qua
2578 3009 2830 3082 privatis
2853 3027 2987 3067 con·

1707 3097 1872 3168 vicit,
1907 3097 2203 3172 editisque
2233 3095 2404 3154 libris
2420 3096 2816 3172 impugnavit.
2850 3098 2988 3154 Edi-

1706 3186 1799 3243 dit
1830 3186 1952 3248 scil.
1988 3186 2200 3245 Certan
2244 3186 2537 3243 Tractates
2566 3185 2657 3244 for
2690 3185 2986 3244 Reforma-

1706 3275 1879 3334 tioun
1908 3275 2275 3350 ofDoctryne
2305 3273 2420 3332 and
2437 3273 2689 3332 Maneris
2706 3277 2797 3332 set
2821 3273 2987 3332 furth

1707 3367 1769 3421 at
1800 3364 1901 3422 the
1934 3365 2158 3440 desyre,
2194 3363 2309 3421 and
2354 3363 2418 3420 in
2462 3382 2633 3421 name
2666 3364 2731 3420 of
2769 3363 2870 3421 the
2902 3365 2986 3420 af·

1707 3453 1884 3510 flictit
1915 3452 2242 3531 Catholikis
2275 3452 2341 3511 of
2366 3450 2659 3509 inferiour
2689 3452 2910 3509 ordour
2930 3452 2995 3509 of

1707 3541 1934 3619 Clergie
1955 3540 2071 3600 and
2087 3540 2409 3617 Layt-men
2422 3540 2484 3597 in
2497 3538 2792 3607 Scotland,
2805 3540 2984 3598 Edin-

1704 3630 1882 3706 burgi
1924 3639 2109 3699 1562,
2143 3648 2291 3705 opus
2319 3628 2705 3699 rarissimum,
2738 3629 2988 3703 ideoque

1706 3737 1983 3777 recusum
2010 3727 2208 3789 1835;
2240 3726 2423 3781 1888.
2457 3717 2755 3776 Knoxium
2773 3736 2986 3793 provo-

1706 3809 1880 3879 cavit,
1914 3810 1987 3866 ut
2006 3827 2174 3867 suam
2194 3807 2604 3883 comprobaret
2628 3806 2984 3877 missionem,

1705 3897 1879 3972 eique
1896 3896 2177 3972 opposuit
2192 3906 2225 3960 8
2237 3906 2271 3958 3
2289 3895 2719 3972 propositiones
2735 3892 2791 3977 (1
2810 3904 2841 3956 5
2854 3891 2983 3976 62),

1704 3986 1914 4062 lingua
1973 3986 2303 4055 vernacula,
2369 3984 2589 4059 quibus
2656 3984 2984 4044 doctrinam

1704 4074 2199 4150 disciplinamque
2219 4073 2567 4133 catholicam
2589 4092 2657 4131 ex
2680 4074 2988 4148 Scriptura

1705 4166 1766 4221 et
1785 4163 2106 4222 traditione
2125 4162 2348 4221 invicte
2365 4165 2592 4232 tuetur,
2625 4163 2984 4238 Antverpiae

1713 4263 1737 4314 1
1755 4261 1787 4313 5
1798 4261 1897 4314 63.
1924 4252 2077 4311 Hinc
2091 4253 2244 4310 iram
2258 4250 2531 4311 factionis
2547 4251 2905 4310 calvinianae
2922 4252 2985 4309 in

1704 4358 1766 4399 se
1781 4341 2099 4400 concitavit
2127 4361 2193 4399 ac
2224 4340 2464 4399 nonnisi
2488 4340 2631 4415 fuga
2645 4358 2846 4399 eorum
2862 4360 2983 4398 ma-

1703 4447 1819 4488 nus
1852 4429 2060 4489 evasit.
2125 4429 2317 4498 Quare
2348 4428 2617 4487 exsulare
2650 4432 2888 4486 coactus
2922 4429 2983 4486 in

1705 4518 1981 4594 Belgium
2015 4519 2283 4595 confugit
2315 4514 2372 4599 (1
2392 4512 2542 4598 562)
2584 4520 2766 4592 atque
2799 4518 2982 4575 Duaci

1705 4607 1906 4666 studio
1940 4626 1984 4666 s.
2017 4608 2346 4684 theologiae
2380 4625 2440 4665 se
2472 4605 2652 4664 dedit.
2686 4608 2737 4663 A
2764 4607 2980 4681 Grego-

1704 4696 1795 4755 rio
1829 4696 1983 4754 XIII.
2017 4719 2065 4754 a.
2090 4705 2254 4759 1577
2292 4696 2480 4755 Scotis
2510 4694 2980 4753 ratisbonnensi-

1704 4785 1819 4842 bus
1850 4785 2033 4844 abbas
2065 4785 2395 4860 praefectus
2429 4788 2537 4852 est,
2575 4782 2708 4840 hinc
2739 4782 2979 4857 religio·
