<?xml version="1.0" encoding="UTF-8"?>
<!DOCTYPE html PUBLIC "-//W3C//DTD XHTML 1.0 Transitional//EN"
    "http://www.w3.org/TR/xhtml1/DTD/xhtml1-transitional.dtd">
<html xmlns="http://www.w3.org/1999/xhtml" xml:lang="en" lang="en">
 <head>
  <title>
</title>
<meta http-equiv="Content-Type" content="text/html;charset=utf-8" />
  <meta name='ocr-system' content='tesseract 3.04.00' />
  <meta name='ocr-capabilities' content='ocr_page ocr_carea ocr_par ocr_line ocrx_word'/>
</head>
<body>
  <div class='ocr_page' id='page_1' title='image "./nomenclatorlite11hurtgoog_0620.png"; bbox 0 0 3625 5193; ppageno 0'>
   <div class='ocr_carea' id='block_1_1' title="bbox 610 271 775 326">
    <p class='ocr_par' dir='ltr' id='par_1_1' title="bbox 610 271 775 326">
     <span class='ocr_line' id='line_1_1' title="bbox 610 271 775 326; baseline 0.006 -1"><span class='ocrx_word' id='word_1_1' title='bbox 610 271 775 326; x_wconf 79' lang='lat'>1223</span> 
     </span>
    </p>
   </div>
   <div class='ocr_carea' id='block_1_2' title="bbox 597 431 1884 1429">
    <p class='ocr_par' dir='ltr' id='par_1_2' title="bbox 597 431 1884 1070">
     <span class='ocr_line' id='line_1_2' title="bbox 710 431 1884 504; baseline 0.003 -19"><span class='ocrx_word' id='word_1_2' title='bbox 710 431 841 501; x_wconf 80' lang='lat' dir='ltr'>Pag.</span> <span class='ocrx_word' id='word_1_3' title='bbox 858 437 976 489; x_wconf 76' lang='lat'><strong>747.</strong></span> <span class='ocrx_word' id='word_1_4' title='bbox 1001 433 1294 487; x_wconf 77' lang='lat' dir='ltr'>Germanis</span> <span class='ocrx_word' id='word_1_5' title='bbox 1310 433 1454 486; x_wconf 82' lang='lat' dir='ltr'>adde</span> <span class='ocrx_word' id='word_1_6' title='bbox 1472 432 1884 504; x_wconf 77' lang='lat' dir='ltr'>Wolfgangum</span> 
     </span>
     <span class='ocr_line' id='line_1_3' title="bbox 600 503 1882 573; baseline 0.002 -17"><span class='ocrx_word' id='word_1_7' title='bbox 600 504 643 556; x_wconf 90' lang='grc' dir='ltr'><strong>Τ</strong></span> <span class='ocrx_word' id='word_1_8' title='bbox 659 521 695 557; x_wconf 84' lang='lat' dir='ltr'>a</span> <span class='ocrx_word' id='word_1_9' title='bbox 710 503 785 557; x_wconf 86' lang='lat' dir='ltr'>lh</span> <span class='ocrx_word' id='word_1_10' title='bbox 799 521 833 557; x_wconf 81' lang='lat' dir='ltr'>a.</span> <span class='ocrx_word' id='word_1_11' title='bbox 850 523 905 557; x_wconf 88' lang='lat' dir='ltr'>m</span> <span class='ocrx_word' id='word_1_12' title='bbox 922 521 951 557; x_wconf 91' lang='lat' dir='ltr'>e</span> <span class='ocrx_word' id='word_1_13' title='bbox 968 522 994 555; x_wconf 91' lang='lat' dir='ltr'>r</span> <span class='ocrx_word' id='word_1_14' title='bbox 1013 504 1349 558; x_wconf 82' lang='lat' dir='ltr'>canonicum</span> <span class='ocrx_word' id='word_1_15' title='bbox 1375 508 1882 573; x_wconf 77' lang='lat' dir='ltr'>praemonstraten·</span> 
     </span>
     <span class='ocr_line' id='line_1_4' title="bbox 599 575 1883 647; baseline 0.002 -19"><span class='ocrx_word' id='word_1_16' title='bbox 599 591 731 640; x_wconf 83' lang='lat' dir='ltr'>sem,</span> <span class='ocrx_word' id='word_1_17' title='bbox 754 576 996 645; x_wconf 85' lang='lat' dir='ltr'>priorem</span> <span class='ocrx_word' id='word_1_18' title='bbox 1014 575 1065 629; x_wconf 90' lang='lat' dir='ltr'>N</span> <span class='ocrx_word' id='word_1_19' title='bbox 1069 575 1383 630; x_wconf 75' lang='lat' dir='ltr'>ovaecellae</span> <span class='ocrx_word' id='word_1_20' title='bbox 1399 575 1675 647; x_wconf 73' lang='lat' dir='ltr'>(Neustift</span> <span class='ocrx_word' id='word_1_21' title='bbox 1700 576 1758 630; x_wconf 88' lang='lat' dir='ltr'>in</span> <span class='ocrx_word' id='word_1_22' title='bbox 1783 576 1883 631; x_wconf 84' lang='lat' dir='ltr'>Ba-</span> 
     </span>
     <span class='ocr_line' id='line_1_5' title="bbox 601 647 1882 718; baseline 0.002 -18"><span class='ocrx_word' id='word_1_23' title='bbox 601 647 794 718; x_wconf 79' lang='lat' dir='ltr'>varia)‚</span> <span class='ocrx_word' id='word_1_24' title='bbox 822 647 985 716; x_wconf 80' lang='lat' dir='ltr'>eujus</span> <span class='ocrx_word' id='word_1_25' title='bbox 1006 649 1092 701; x_wconf 80' lang='lat' dir='ltr'>est</span> <span class='ocrx_word' id='word_1_26' title='bbox 1110 664 1254 716; x_wconf 80' lang='lat' dir='ltr'>opus</span> <span class='ocrx_word' id='word_1_27' title='bbox 1274 664 1461 700; x_wconf 77' lang='lat' dir='ltr'><strong>rarum</strong></span> <span class='ocrx_word' id='word_1_28' title='bbox 1484 668 1496 700; x_wconf 89' lang='lat'>:</span> <span class='ocrx_word' id='word_1_29' title='bbox 1530 650 1882 703; x_wconf 66' lang='lat' dir='ltr'>Thur-{bulum</span> 
     </span>
     <span class='ocr_line' id='line_1_6' title="bbox 597 718 1883 859; baseline 0.001 -16"><span class='ocrx_word' id='word_1_30' title='bbox 597 718 1719 858; x_wconf 53' lang='lat' dir='ltr'>&amp;¹1:525‘23322113u3ffi?m3⁰55³32123</span> <span class='ocrx_word' id='word_1_31' title='bbox 1746 737 1883 859; x_wconf 62' lang='lat'>{32³</span> 
     </span>
     <span class='ocr_line' id='line_1_7' title="bbox 598 854 1883 916; baseline 0.001 -2"><span class='ocrx_word' id='word_1_32' title='bbox 598 854 738 914; x_wconf 71' lang='lat' dir='ltr'>tiaie</span> <span class='ocrx_word' id='word_1_33' title='bbox 762 860 1091 914; x_wconf 81' lang='lat' dir='ltr'>immolatur</span> <span class='ocrx_word' id='word_1_34' title='bbox 1117 860 1305 914; x_wconf 78' lang='lat' dir='ltr'>hostia</span> <span class='ocrx_word' id='word_1_35' title='bbox 1330 860 1384 914; x_wconf 89' lang='lat' dir='ltr'>h.</span> <span class='ocrx_word' id='word_1_36' title='bbox 1413 876 1458 914; x_wconf 87' lang='lat' dir='ltr'>e.</span> <span class='ocrx_word' id='word_1_37' title='bbox 1487 864 1556 915; x_wconf 82' lang='lat' dir='ltr'>tr.</span> <span class='ocrx_word' id='word_1_38' title='bbox 1582 861 1883 916; x_wconf 74' lang='lat' dir='ltr'>absolutis-</span> 
     </span>
     <span class='ocr_line' id='line_1_8' title="bbox 598 931 1881 986; baseline 0.002 -2"><span class='ocrx_word' id='word_1_39' title='bbox 598 933 773 985; x_wconf 77' lang='lat' dir='ltr'>simus</span> <span class='ocrx_word' id='word_1_40' title='bbox 812 932 879 986; x_wconf 88' lang='lat' dir='ltr'>de</span> <span class='ocrx_word' id='word_1_41' title='bbox 920 948 1068 985; x_wconf 82' lang='lat' dir='ltr'>novo</span> <span class='ocrx_word' id='word_1_42' title='bbox 1108 941 1165 986; x_wconf 81' lang='lat' dir='ltr'>et</span> <span class='ocrx_word' id='word_1_43' title='bbox 1202 932 1365 986; x_wconf 87' lang='lat' dir='ltr'>unico</span> <span class='ocrx_word' id='word_1_44' title='bbox 1406 932 1475 985; x_wconf 90' lang='lat' dir='ltr'>N.</span> <span class='ocrx_word' id='word_1_45' title='bbox 1511 931 1571 986; x_wconf 88' lang='grc' dir='ltr'>Τ.</span> <span class='ocrx_word' id='word_1_46' title='bbox 1614 932 1881 986; x_wconf 77' lang='lat' dir='ltr'>sacrificio</span> 
     </span>
     <span class='ocr_line' id='line_1_9' title="bbox 601 1002 1426 1070; baseline 0.005 -16"><span class='ocrx_word' id='word_1_47' title='bbox 601 1002 816 1070; x_wconf 77' lang='lat' dir='ltr'>missae,</span> <span class='ocrx_word' id='word_1_48' title='bbox 845 1003 1097 1057; x_wconf 78' lang='lat' dir='ltr'>Viennae</span> <span class='ocrx_word' id='word_1_49' title='bbox 1126 1007 1265 1060; x_wconf 82' lang='lat'>1636</span> <span class='ocrx_word' id='word_1_50' title='bbox 1290 1004 1350 1057; x_wconf 87' lang='lat' dir='ltr'>in</span> <span class='ocrx_word' id='word_1_51' title='bbox 1375 1006 1426 1060; x_wconf 90' lang='grc'>8.</span> 
     </span>
    </p>

    <p class='ocr_par' dir='ltr' id='par_1_3' title="bbox 598 1073 1883 1429">
     <span class='ocr_line' id='line_1_10' title="bbox 705 1073 1883 1143; baseline 0.002 -17"><span class='ocrx_word' id='word_1_52' title='bbox 705 1073 840 1143; x_wconf 84' lang='lat' dir='ltr'>Pag.</span> <span class='ocrx_word' id='word_1_53' title='bbox 867 1078 989 1130; x_wconf 85' lang='lat'>796.</span> <span class='ocrx_word' id='word_1_54' title='bbox 1030 1073 1110 1128; x_wconf 90' lang='lat' dir='ltr'>De</span> <span class='ocrx_word' id='word_1_55' title='bbox 1150 1074 1311 1129; x_wconf 86' lang='lat' dir='ltr'>Petro</span> <span class='ocrx_word' id='word_1_56' title='bbox 1351 1074 1567 1128; x_wconf 76' lang='lat' dir='ltr'>Besso</span> <span class='ocrx_word' id='word_1_57' title='bbox 1608 1076 1678 1130; x_wconf 84' lang='lat' dir='ltr'>cf.</span> <span class='ocrx_word' id='word_1_58' title='bbox 1716 1075 1883 1129; x_wconf 83' lang='lat' dir='ltr'>Feret</span> 
     </span>
     <span class='ocr_line' id='line_1_11' title="bbox 599 1145 1880 1216; baseline 0.002 -18"><span class='ocrx_word' id='word_1_59' title='bbox 599 1161 690 1213; x_wconf 74' lang='lat' dir='ltr'>op,</span> <span class='ocrx_word' id='word_1_60' title='bbox 729 1146 823 1200; x_wconf 88' lang='lat' dir='ltr'>cit.</span> <span class='ocrx_word' id='word_1_61' title='bbox 867 1145 957 1210; x_wconf 94' lang='lat' dir='ltr'>lV,</span> <span class='ocrx_word' id='word_1_62' title='bbox 998 1151 1298 1211; x_wconf 87' lang='lat'>161—170,</span> <span class='ocrx_word' id='word_1_63' title='bbox 1343 1147 1438 1199; x_wconf 87' lang='lat' dir='ltr'>ubi</span> <span class='ocrx_word' id='word_1_64' title='bbox 1475 1145 1591 1199; x_wconf 77' lang='lat' dir='ltr'>alia</span> <span class='ocrx_word' id='word_1_65' title='bbox 1629 1146 1880 1216; x_wconf 83' lang='lat' dir='ltr'>ejusdem</span> 
     </span>
     <span class='ocr_line' id='line_1_12' title="bbox 599 1219 1880 1285; baseline 0.003 -17"><span class='ocrx_word' id='word_1_66' title='bbox 599 1221 850 1270; x_wconf 77' lang='lat' dir='ltr'>recenset</span> <span class='ocrx_word' id='word_1_67' title='bbox 889 1233 1085 1285; x_wconf 83' lang='lat' dir='ltr'>opera,</span> <span class='ocrx_word' id='word_1_68' title='bbox 1130 1219 1193 1270; x_wconf 85' lang='lat' dir='ltr'>ut</span> <span class='ocrx_word' id='word_1_69' title='bbox 1232 1219 1583 1272; x_wconf 78' lang='lat' dir='ltr'>L’Heracliee</span> <span class='ocrx_word' id='word_1_70' title='bbox 1620 1221 1880 1273; x_wconf 75' lang='lat' dir='ltr'>chrestien</span> 
     </span>
     <span class='ocr_line' id='line_1_13' title="bbox 598 1287 1878 1358; baseline 0.002 -18"><span class='ocrx_word' id='word_1_71' title='bbox 598 1288 742 1341; x_wconf 79' lang='lat' dir='ltr'>c&#39;est</span> <span class='ocrx_word' id='word_1_72' title='bbox 765 1290 799 1341; x_wconf 72' lang='grc' dir='ltr'>ὸ,</span> <span class='ocrx_word' id='word_1_73' title='bbox 823 1287 943 1342; x_wconf 86' lang='lat' dir='ltr'>dire</span> <span class='ocrx_word' id='word_1_74' title='bbox 982 1288 1062 1342; x_wconf 86' lang='lat' dir='ltr'>les</span> <span class='ocrx_word' id='word_1_75' title='bbox 1101 1292 1312 1358; x_wconf 73' lang='lat' dir='ltr'>regi-ets</span> <span class='ocrx_word' id='word_1_76' title='bbox 1339 1291 1395 1342; x_wconf 84' lang='lat' dir='ltr'>et</span> <span class='ocrx_word' id='word_1_77' title='bbox 1434 1289 1515 1342; x_wconf 77' lang='lat' dir='ltr'>les</span> <span class='ocrx_word' id='word_1_78' title='bbox 1560 1287 1764 1343; x_wconf 75' lang='lat' dir='ltr'>lat-mes</span> <span class='ocrx_word' id='word_1_79' title='bbox 1800 1289 1878 1343; x_wconf 84' lang='lat' dir='ltr'>du</span> 
     </span>
     <span class='ocr_line' id='line_1_14' title="bbox 599 1360 1878 1429; baseline 0.002 -17"><span class='ocrx_word' id='word_1_80' title='bbox 599 1360 870 1427; x_wconf 75' lang='lat' dir='ltr'>pescheur</span> <span class='ocrx_word' id='word_1_81' title='bbox 907 1361 1181 1429; x_wconf 87' lang='lat' dir='ltr'>penitent,</span> <span class='ocrx_word' id='word_1_82' title='bbox 1226 1360 1385 1413; x_wconf 79' lang='lat' dir='ltr'>Paris</span> <span class='ocrx_word' id='word_1_83' title='bbox 1414 1365 1550 1416; x_wconf 82' lang='grc'><strong>1612</strong></span> <span class='ocrx_word' id='word_1_84' title='bbox 1577 1361 1637 1412; x_wconf 90' lang='lat' dir='ltr'>in</span> <span class='ocrx_word' id='word_1_85' title='bbox 1665 1365 1761 1420; x_wconf 78' lang='lat'>12:</span> <span class='ocrx_word' id='word_1_86' title='bbox 1802 1361 1878 1414; x_wconf 82' lang='lat' dir='ltr'>la-</span> 
     </span>
    </p>
   </div>
   <div class='ocr_carea' id='block_1_3' title="bbox 1550 256 2288 327">
    <p class='ocr_par' dir='ltr' id='par_1_4' title="bbox 1550 256 2288 327">
     <span class='ocr_line' id='line_1_15' title="bbox 1550 256 2288 327; baseline 0.003 -19"><span class='ocrx_word' id='word_1_87' title='bbox 1550 256 1826 310; x_wconf 82' lang='lat' dir='ltr'>Addenda</span> <span class='ocrx_word' id='word_1_88' title='bbox 1850 261 1908 312; x_wconf 84' lang='lat' dir='ltr'>et</span> <span class='ocrx_word' id='word_1_89' title='bbox 1937 257 2288 327; x_wconf 81' lang='lat' dir='ltr'>corrigenda.</span> 
     </span>
    </p>
   </div>
   <div class='ocr_carea' id='block_1_4' title="bbox 1910 450 1914 971">
    <p class='ocr_par' dir='ltr' id='par_1_5' title="bbox 1910 450 1914 971">
     <span class='ocr_line' id='line_1_16' title="bbox 1910 450 1914 971; baseline 0 0"><span class='ocrx_word' id='word_1_90' title='bbox 1910 450 1914 971; x_wconf 95' lang='lat' dir='ltr'> </span> 
     </span>
    </p>
   </div>
   <div class='ocr_carea' id='block_1_5' title="bbox 3061 272 3240 324">
    <p class='ocr_par' dir='ltr' id='par_1_6' title="bbox 3061 272 3240 324">
     <span class='ocr_line' id='line_1_17' title="bbox 3061 272 3240 324; baseline -0.006 0"><span class='ocrx_word' id='word_1_91' title='bbox 3061 272 3240 324; x_wconf 67' lang='grc'><strong>1224-</strong></span> 
     </span>
    </p>
   </div>
   <div class='ocr_carea' id='block_1_6' title="bbox 1937 434 3242 1343">
    <p class='ocr_par' dir='ltr' id='par_1_7' title="bbox 1937 434 3242 1343">
     <span class='ocr_line' id='line_1_18' title="bbox 1940 434 3234 504; baseline -0.004 -16"><span class='ocrx_word' id='word_1_92' title='bbox 1940 434 2058 489; x_wconf 82' lang='lat' dir='ltr'>tine</span> <span class='ocrx_word' id='word_1_93' title='bbox 2076 434 2342 489; x_wconf 79' lang='lat' dir='ltr'>Coloniae</span> <span class='ocrx_word' id='word_1_94' title='bbox 2363 437 2532 504; x_wconf 78' lang='lat'>16153</span> <span class='ocrx_word' id='word_1_95' title='bbox 2561 437 2636 487; x_wconf 82' lang='lat' dir='ltr'>Le</span> <span class='ocrx_word' id='word_1_96' title='bbox 2652 435 2952 486; x_wconf 81' lang='lat' dir='ltr'>Democrite</span> <span class='ocrx_word' id='word_1_97' title='bbox 2970 435 3234 485; x_wconf 73' lang='lat' dir='ltr'>chrestien</span> 
     </span>
     <span class='ocr_line' id='line_1_19' title="bbox 1939 501 3235 571; baseline -0.004 -13"><span class='ocrx_word' id='word_1_98' title='bbox 1939 508 2086 559; x_wconf 74' lang='lat' dir='ltr'>o’est</span> <span class='ocrx_word' id='word_1_99' title='bbox 2112 509 2144 559; x_wconf 72' lang='grc' dir='ltr'>ἐι</span> <span class='ocrx_word' id='word_1_100' title='bbox 2181 505 2299 559; x_wconf 84' lang='lat' dir='ltr'>dire</span> <span class='ocrx_word' id='word_1_101' title='bbox 2338 514 2391 558; x_wconf 84' lang='lat' dir='ltr'>le</span> <span class='ocrx_word' id='word_1_102' title='bbox 2431 521 2549 559; x_wconf 78' lang='lat' dir='ltr'>mes</span> <span class='ocrx_word' id='word_1_103' title='bbox 2592 503 2667 558; x_wconf 77' lang='lat' dir='ltr'>ris</span> <span class='ocrx_word' id='word_1_104' title='bbox 2705 507 2762 558; x_wconf 86' lang='lat' dir='ltr'>et</span> <span class='ocrx_word' id='word_1_105' title='bbox 2800 503 3090 571; x_wconf 82' lang='lat' dir='ltr'>moquerie</span> <span class='ocrx_word' id='word_1_106' title='bbox 3133 501 3235 554; x_wconf 71' lang='lat' dir='ltr'>des</span> 
     </span>
     <span class='ocr_line' id='line_1_20' title="bbox 1940 573 3242 646; baseline -0.004 -16"><span class='ocrx_word' id='word_1_107' title='bbox 1940 577 2161 630; x_wconf 75' lang='lat' dir='ltr'>vanites</span> <span class='ocrx_word' id='word_1_108' title='bbox 2187 577 2265 631; x_wconf 87' lang='lat' dir='ltr'>du</span> <span class='ocrx_word' id='word_1_109' title='bbox 2302 575 2522 640; x_wconf 83' lang='lat' dir='ltr'>monde,</span> <span class='ocrx_word' id='word_1_110' title='bbox 2609 574 2794 629; x_wconf 79' lang='lat' dir='ltr'>arisiis</span> <span class='ocrx_word' id='word_1_111' title='bbox 2820 578 2989 646; x_wconf 78' lang='lat'>1615;</span> <span class='ocrx_word' id='word_1_112' title='bbox 3032 573 3242 644; x_wconf 71' lang='lat' dir='ltr'>latine,</span> 
     </span>
     <span class='ocr_line' id='line_1_21' title="bbox 1941 644 3235 726; baseline -0.003 -25"><span class='ocrx_word' id='word_1_113' title='bbox 1941 648 2205 702; x_wconf 74' lang='lat' dir='ltr'>Coloniae</span> <span class='ocrx_word' id='word_1_114' title='bbox 2248 652 2404 713; x_wconf 87' lang='grc'><strong>1616,</strong></span> <span class='ocrx_word' id='word_1_115' title='bbox 2446 647 2733 700; x_wconf 75' lang='lat' dir='ltr'>occasione</span> <span class='ocrx_word' id='word_1_116' title='bbox 2773 649 3005 726; x_wconf 73' lang='lat' dir='ltr'>accepta</span> <span class='ocrx_word' id='word_1_117' title='bbox 3031 661 3064 697; x_wconf 81' lang='lat' dir='ltr'><strong>a</strong></span> <span class='ocrx_word' id='word_1_118' title='bbox 3091 644 3235 698; x_wconf 89' lang='lat' dir='ltr'>duo-</span> 
     </span>
     <span class='ocr_line' id='line_1_22' title="bbox 1939 715 3236 788; baseline -0.005 -15"><span class='ocrx_word' id='word_1_119' title='bbox 1939 719 2040 772; x_wconf 81' lang='lat' dir='ltr'>bus</span> <span class='ocrx_word' id='word_1_120' title='bbox 2066 718 2423 788; x_wconf 81' lang='lat' dir='ltr'>philosophis</span> <span class='ocrx_word' id='word_1_121' title='bbox 2438 718 2710 787; x_wconf 74' lang='lat' dir='ltr'>antiquie,</span> <span class='ocrx_word' id='word_1_122' title='bbox 2738 715 2807 771; x_wconf 87' lang='lat' dir='ltr'>de</span> <span class='ocrx_word' id='word_1_123' title='bbox 2829 717 3037 785; x_wconf 82' lang='lat' dir='ltr'>quibus</span> <span class='ocrx_word' id='word_1_124' title='bbox 3057 715 3236 768; x_wconf 85' lang='lat' dir='ltr'>refer·</span> 
     </span>
     <span class='ocr_line' id='line_1_23' title="bbox 1939 787 3237 859; baseline -0.004 -15"><span class='ocrx_word' id='word_1_125' title='bbox 1939 795 2052 855; x_wconf 87' lang='lat' dir='ltr'>tur,</span> <span class='ocrx_word' id='word_1_126' title='bbox 2077 790 2239 844; x_wconf 90' lang='lat' dir='ltr'>illum</span> <span class='ocrx_word' id='word_1_127' title='bbox 2267 807 2488 859; x_wconf 78' lang='lat' dir='ltr'>semper</span> <span class='ocrx_word' id='word_1_128' title='bbox 2514 790 2779 859; x_wconf 75' lang='lat' dir='ltr'>plorasse,</span> <span class='ocrx_word' id='word_1_129' title='bbox 2826 787 2978 841; x_wconf 84' lang='lat' dir='ltr'>hunc</span> <span class='ocrx_word' id='word_1_130' title='bbox 3004 802 3237 856; x_wconf 74' lang='lat' dir='ltr'>semper</span> 
     </span>
     <span class='ocr_line' id='line_1_24' title="bbox 1938 859 3229 929; baseline -0.003 -15"><span class='ocrx_word' id='word_1_131' title='bbox 1938 862 2139 916; x_wconf 73' lang='lat' dir='ltr'>risisse.</span> <span class='ocrx_word' id='word_1_132' title='bbox 2185 863 2547 916; x_wconf 79' lang='lat' dir='ltr'>Sacerdotium</span> <span class='ocrx_word' id='word_1_133' title='bbox 2587 863 2763 929; x_wconf 63' lang='lat' dir='ltr'>regale</span> <span class='ocrx_word' id='word_1_134' title='bbox 2801 859 2916 912; x_wconf 78' lang='lat' dir='ltr'>sive</span> <span class='ocrx_word' id='word_1_135' title='bbox 2943 859 3009 912; x_wconf 88' lang='lat' dir='ltr'>de</span> <span class='ocrx_word' id='word_1_136' title='bbox 3047 874 3229 911; x_wconf 78' lang='lat' dir='ltr'>sacer·</span> 
     </span>
     <span class='ocr_line' id='line_1_25' title="bbox 1939 930 3232 1001; baseline -0.004 -15"><span class='ocrx_word' id='word_1_137' title='bbox 1939 933 2089 988; x_wconf 77' lang='lat' dir='ltr'>dotis</span> <span class='ocrx_word' id='word_1_138' title='bbox 2109 933 2313 986; x_wconf 80' lang='lat' dir='ltr'>eximia</span> <span class='ocrx_word' id='word_1_139' title='bbox 2332 932 2630 1001; x_wconf 78' lang='lat' dir='ltr'>dignitate,</span> <span class='ocrx_word' id='word_1_140' title='bbox 2657 930 2883 985; x_wconf 79' lang='lat' dir='ltr'>dotibus</span> <span class='ocrx_word' id='word_1_141' title='bbox 2907 930 3019 998; x_wconf 87' lang='lat' dir='ltr'>ipsi</span> <span class='ocrx_word' id='word_1_142' title='bbox 3041 944 3232 982; x_wconf 84' lang='lat' dir='ltr'>neces·</span> 
     </span>
     <span class='ocr_line' id='line_1_26' title="bbox 1937 999 3234 1072; baseline -0.004 -15"><span class='ocrx_word' id='word_1_143' title='bbox 1937 1005 2103 1058; x_wconf 75' lang='lat' dir='ltr'>sax-iis</span> <span class='ocrx_word' id='word_1_144' title='bbox 2129 1021 2194 1058; x_wconf 85' lang='lat' dir='ltr'>ac</span> <span class='ocrx_word' id='word_1_145' title='bbox 2220 1004 2386 1058; x_wconf 78' lang='lat' dir='ltr'>rebus</span> <span class='ocrx_word' id='word_1_146' title='bbox 2412 1003 2593 1058; x_wconf 85' lang='lat' dir='ltr'>eidem</span> <span class='ocrx_word' id='word_1_147' title='bbox 2615 1002 2930 1072; x_wconf 81' lang='lat' dir='ltr'>prohibitis,</span> <span class='ocrx_word' id='word_1_148' title='bbox 2957 999 3234 1054; x_wconf 74' lang='lat' dir='ltr'>Coloniae</span> 
     </span>
     <span class='ocr_line' id='line_1_27' title="bbox 1941 1072 3228 1144; baseline -0.006 -13"><span class='ocrx_word' id='word_1_149' title='bbox 1941 1080 2094 1133; x_wconf 83' lang='lat'>1615.</span> <span class='ocrx_word' id='word_1_150' title='bbox 2137 1080 2252 1130; x_wconf 78' lang='lat' dir='ltr'>Bon</span> <span class='ocrx_word' id='word_1_151' title='bbox 2286 1079 2526 1144; x_wconf 48' lang='lat' dir='ltr'>Pastewy</span> <span class='ocrx_word' id='word_1_152' title='bbox 2567 1073 2721 1127; x_wconf 76' lang='lat' dir='ltr'>Paris</span> <span class='ocrx_word' id='word_1_153' title='bbox 2748 1077 2887 1130; x_wconf 85' lang='lat'><strong>1639</strong></span> <span class='ocrx_word' id='word_1_154' title='bbox 2926 1072 2986 1125; x_wconf 90' lang='lat' dir='ltr'>in</span> <span class='ocrx_word' id='word_1_155' title='bbox 3012 1076 3061 1132; x_wconf 80' lang='lat'>8,</span> <span class='ocrx_word' id='word_1_156' title='bbox 3106 1086 3228 1139; x_wconf 90' lang='lat' dir='ltr'>quo</span> 
     </span>
     <span class='ocr_line' id='line_1_28' title="bbox 1937 1141 3225 1217; baseline -0.005 -17"><span class='ocrx_word' id='word_1_157' title='bbox 1937 1147 1998 1200; x_wconf 89' lang='lat' dir='ltr'>in</span> <span class='ocrx_word' id='word_1_158' title='bbox 2025 1163 2116 1217; x_wconf 90' lang='lat' dir='ltr'>op.</span> <span class='ocrx_word' id='word_1_159' title='bbox 2160 1146 2383 1201; x_wconf 77' lang='lat' dir='ltr'>disserit</span> <span class='ocrx_word' id='word_1_160' title='bbox 2421 1146 2488 1200; x_wconf 88' lang='lat' dir='ltr'>de</span> <span class='ocrx_word' id='word_1_161' title='bbox 2515 1145 2744 1199; x_wconf 73' lang='lat' dir='ltr'>dotibus</span> <span class='ocrx_word' id='word_1_162' title='bbox 2785 1143 2920 1199; x_wconf 85' lang='lat' dir='ltr'>boni</span> <span class='ocrx_word' id='word_1_163' title='bbox 2959 1141 3225 1213; x_wconf 76' lang='lat' dir='ltr'>pastoris.</span> 
     </span>
     <span class='ocr_line' id='line_1_29' title="bbox 1937 1213 3228 1286; baseline -0.005 -14"><span class='ocrx_word' id='word_1_164' title='bbox 1937 1218 2193 1286; x_wconf 87' lang='lat' dir='ltr'>Reliquit</span> <span class='ocrx_word' id='word_1_165' title='bbox 2228 1220 2287 1272; x_wconf 84' lang='lat' dir='ltr'>et</span> <span class='ocrx_word' id='word_1_166' title='bbox 2322 1222 2606 1272; x_wconf 55' lang='lat' dir='ltr'>concinnes.</span> <span class='ocrx_word' id='word_1_167' title='bbox 2655 1215 2811 1269; x_wconf 85' lang='lat' dir='ltr'>Obiit</span> <span class='ocrx_word' id='word_1_168' title='bbox 2849 1213 3150 1268; x_wconf 77' lang='lat' dir='ltr'>canonicus</span> <span class='ocrx_word' id='word_1_169' title='bbox 3178 1229 3228 1266; x_wconf 74' lang='grc' dir='ltr'>ε.</span> 
     </span>
     <span class='ocr_line' id='line_1_30' title="bbox 1937 1288 2736 1343; baseline -0.004 0"><span class='ocrx_word' id='word_1_170' title='bbox 1937 1289 2204 1343; x_wconf 84' lang='lat' dir='ltr'>Germani</span> <span class='ocrx_word' id='word_1_171' title='bbox 2231 1288 2736 1343; x_wconf 71' lang='lat' dir='ltr'>antissiodorensis·</span> 
     </span>
    </p>
   </div>
  </div>
 </body>
</html>
