3625 5193
458 267 581 321 335
1407 251 1716 318 Laymann‚
1745 252 2123 321 CastropalaO.
2951 269 3075 322 8736

452 440 605 494 teste
647 436 1010 505 Muzzarelli3
1063 436 1493 511 ,probabilista
1532 438 1736 496 mode·
1791 438 2077 513 pendium
2111 437 2436 496 seeundum
2478 436 2746 496 ordinem
2779 438 3079 512 alphabeti

452 529 635 595 ratus,
688 526 991 583 rationum
1036 526 1350 583 momentis
1401 526 1736 584 doctrinae·
1791 528 2127 602 composuit
2158 526 2455 584 Antonius
2488 525 2735 584 Goffar
2781 522 2903 607 (vel
2936 527 3075 587 Gof-

453 633 568 689 que
600 613 1028 689 perspicuitate
1057 614 1341 684 eminens,
1375 615 1533 673 inter
1552 616 1734 673 maxi·
1789 612 1932 697 sart)
1963 614 2322 682 Leodiensis,
2358 615 2653 690 professor
2675 615 3077 690 philosophiae

453 722 576 761 mos
625 703 960 779 theologiae
1011 703 1247 760 moralis
1296 703 1565 762 doctores
1611 704 1736 762 sine
1789 705 2184 782 lugdunensis
2234 699 2296 786 (†
2346 713 2443 766 23.
2479 706 2618 779 Apr.
2668 706 2760 763 vel
2803 712 2896 766 13.
2944 707 3075 768 Mai.

451 791 631 850 dubio
652 792 1026 850 referendus‘
1047 836 1059 852 .
1093 794 1164 849 ut
1185 793 1383 866 inquit
1399 793 1576 868 Gury.
1612 794 1734 851 Na·
1800 791 1991 876 1635)
2015 794 2197 851 Duaci
2226 803 2390 856 1633
2424 793 2486 851 in
2520 803 2628 862 123
2671 802 2865 862 164ος
2909 804 3062 856 1651

449 885 549 939 tus
581 881 634 938 is
666 884 756 938 est
788 880 851 938 in
884 898 1036 957 pago
1067 882 1204 938 Arzl
1236 901 1417 958 prope
1440 883 1733 958 Oenipon-
1789 887 1852 942 et
1882 884 2041 946 alibi.
2074 883 2190 941 Jus
2220 883 2575 951 canonicum,
2625 883 2746 941 sive
2778 900 3074 942 commen-

450 974 572 1029 tem
610 978 797 1038 1574,
833 969 1266 1045 philosophiam
1299 971 1500 1029 docuit
1532 990 1735 1029 sexen-
1787 973 1946 1031 taria
1977 972 2037 1029 in
2072 973 2131 1029 ll.
2177 972 2583 1038 decretalium,
2632 991 2781 1046 opus
2825 974 3073 1047 posthu-

450 1061 567 1130 ni0,
619 1077 787 1116 casus
834 1058 1225 1118 conscientiae
1271 1061 1441 1118 annis
1479 1070 1590 1129 163
1632 1062 1735 1135 jus
1789 1081 1969 1129 mum,
2023 1061 2291 1137 Dilingae
2346 1069 2687 1124 1666-73
2741 1063 2782 1122 t.
2822 1069 2890 1128 ’ἐς
2938 1066 2980 1119 t.
3019 1074 3074 1122 3.

450 1149 837 1217 canonicum,
903 1148 1074 1222 cujus
1137 1148 1255 1206 fuit
1316 1148 1732 1224 peritissimae,
1789 1150 2009 1225 prodiit
2054 1150 2130 1207 ib.
2173 1158 2372 1218 16983
2419 1155 2461 1207 t.
2500 1160 2553 1210 4.
2596 1153 2657 1207 et
2691 1159 2744 1212 5.
2792 1149 3076 1208 dicuntur

450 1237 758 1312 septennio
789 1235 1159 1313 Ingolstadii,
1201 1238 1508 1307 Monachii,
1542 1239 1732 1296 Dilin-
1789 1238 2060 1297 incendio
2094 1238 2357 1313 periisse.
2392 1240 2462 1296 In
2484 1257 2592 1296 sua
2622 1239 2921 1315 theologia
2951 1258 3075 1297 mo·

448 1345 572 1403 gae.
622 1324 690 1383 In
717 1326 857 1399 jure
902 1327 1178 1385 canonico
1225 1327 1379 1385 tanti
1420 1327 1617 1394 fiebat,
1665 1331 1735 1386 ut
1788 1329 1898 1385 rali
1932 1327 2281 1403 praesertim
2327 1328 2416 1385 ed.
2454 1338 2508 1389 3.
2557 1331 2786 1386 sectans
2818 1328 3071 1386 Tanneri

448 1415 576 1490 ejus
608 1414 830 1472 dictata
862 1414 1109 1473 aliarum
1135 1416 1568 1475 academiarum
1602 1417 1732 1474 doc·
1788 1417 2043 1494 vestigia
2074 1416 2345 1475 horrores
2387 1434 2696 1491 processus
2740 1421 2946 1475 contra
2978 1435 3073 1476 sa-

448 1507 605 1561 tores
637 1504 931 1561 seculares
973 1504 1155 1563 etiam
1187 1505 1377 1579 pretio
1417 1506 1530 1563 sibi
1563 1524 1731 1562 cura·
1787 1525 1894 1583 gas
1924 1509 2070 1564 tunc
2111 1507 2396 1580 temporis
2444 1505 2778 1564 irrationali
2825 1508 3075 1564 saevitia

448 1593 647 1650 verint
696 1592 966 1651 describi.
1035 1594 1465 1653 consulebatur
1511 1595 1733 1669 passim
1787 1595 2241 1672 gestimitigare
2262 1599 2323 1652 et
2342 1595 2630 1655 moderari
2651 1594 2900 1653 nititur:
2935 1595 3074 1653 hinc

449 1700 518 1738 ex
549 1682 794 1739 remotis
838 1681 980 1739 locis
1027 1701 1203 1758 super
1248 1682 1610 1741 difficillimis
1642 1703 1730 1741 re·
1788 1686 1825 1742 1.
1859 1684 2184 1760 inscriptus
2207 1700 2514 1757 processus
2532 1685 2832 1758 juridicus
2868 1689 3075 1742 contra

449 1771 561 1828 bus
592 1774 894 1844 tamquam
916 1772 1235 1829 oraculum.
1270 1773 1402 1830 Doli
1422 1773 1734 1830 videbatur
1787 1792 1955 1849 sagas
2020 1777 2078 1831 et
2137 1774 2421 1832 veneficos
2467 1773 2739 1831 Coloniae
2795 1781 2956 1834 1629
3011 1781 3071 1830 et

448 1859 689 1933 penitus
711 1877 930 1934 eripere,
967 1860 1200 1934 patiens
1223 1861 1512 1931 laborum,
1539 1862 1731 1920 animo

449 1951 614 2004 extra
657 1966 814 2022 spem
864 1952 1208 2024 metumque
1254 1950 1446 2024 posito
1488 1954 1731 2025 paratus

447 2036 727 2094 omnibus
746 2038 995 2113 obsequi
1028 2041 1088 2096 et
1111 2039 1204 2096 sui
1235 2039 1618 2114 descipientia
1639 2040 1730 2098 in-

447 2125 538 2182 fra
570 2142 770 2183 omnes
812 2144 873 2183 se
913 2126 1212 2201 abjiciens.
1264 2128 1355 2186 Ad
1400 2133 1730 2186 extremum

447 2214 822 2272 Constantiae
855 2220 1018 2289 peste
1041 2220 1344 2275 contactus
1378 2221 1485 2287 est,
1520 2236 1636 2292 qua
1659 2237 1731 2275 ne

447 2304 597 2360 forte
630 2304 814 2361 alium
846 2303 1127 2372 inficeret,
1182 2306 1244 2363 in
1277 2310 1611 2382 separatum
1646 2307 1728 2364 10-

445 2410 576 2449 cum
612 2393 920 2451 confestim
956 2412 1085 2451 sese
1117 2394 1348 2452 abdidit
1367 2395 1729 2453 dehortando

445 2481 610 2548 alios,
658 2500 731 2538 ne
766 2499 874 2539 sua
906 2500 1082 2541 causa
1116 2484 1378 2557 periculo
1426 2485 1728 2560 contagio-

445 2569 536 2628 nis
570 2588 632 2628 se
665 2574 1039 2646 exponerem,
1073 2591 1259 2646 eaque
1291 2573 1595 2631 confectus
1629 2574 1726 2632 de-

445 2659 623 2717 cessit
685 2661 1100 2736 sexagenarius
1172 2672 1266 2723 13.
1323 2663 1470 2721 Nov.
1542 2674 1659 2725 163
1675 2674 1725 2724 5.

445 2748 600 2806 Haec
646 2749 878 2823 potiora
922 2750 1050 2825 ejus
1095 2768 1274 2824 opera
1289 2749 1366 2831 ¹):
1427 2752 1728 2827 Theoloyia

443 2838 685 2895 moralis
717 2838 776 2895 in
803 2848 835 2899 5
873 2838 933 2895 ll.
967 2839 1205 2913 partita,
1239 2840 1529 2898 Monachii
1558 2851 1723 2901 1625

443 2926 504 2983 111
541 2935 611 2993 4;
655 2936 816 2988 1626
865 2923 1073 3006 (editio
1119 2928 1373 3007 auctior)
1406 2934 1447 2987 t..
1487 2939 1520 2989 6
1556 2929 1622 2987 in
1657 2940 1724 2997 4;

449 3024 614 3077 1630
649 3015 738 3073 ed.
772 3018 1028 3085 auctior3
1071 3017 1287 3092 adjecit
1320 3019 1453 3075 dein
1492 3020 1729 3076 moralis

442 3104 747 3180 theoloqiae
777 3108 1159 3177 repertorium
1192 3125 1295 3164 seu
1316 3107 1726 3181 compendiosa

441 3211 637 3250 rerum
692 3193 755 3250 in
805 3212 872 3251 ea
933 3196 1341 3253 contentarum
1398 3196 1725 3254 secundum

440 3280 709 3339 ordinem
745 3283 1185 3357 alphabeticum
1210 3284 1548 3359 descriptio.
1583 3286 1724 3343 Pro-

439 3369 550 3426 diit
569 3368 696 3450 ea2)
731 3371 1070 3445 saepissime
1091 3374 1524 3432 accessionibus
1546 3375 1724 3431 etiam

439 3464 629 3527 aucta,
664 3464 734 3518 ut
766 3477 853 3540 qq.
895 3463 1184 3519 canonicis
1229 3464 1298 3520 de
1319 3464 1724 3537 praelatorum

438 3548 940 3606 ecelesiasticorum
973 3548 1244 3617 electione,
1291 3553 1644 3610 institutione
1674 3559 1725 3608 et

431 3643 744 3713 potestate,
810 3637 883 3695 de
927 3638 1344 3712 jurisdictione
1394 3646 1456 3699 et
1500 3640 1723 3714 judicis

439 3725 725 3784 ordinarii
760 3730 1070 3802 potestate,
1118 3728 1190 3785 de
1223 3748 1418 3787 rerum
1452 3731 1721 3788 ecclesia-

439 3814 714 3872 sticarum
750 3816 1051 3889 prohibita
1100 3818 1457 3876 alienatione
1489 3837 1556 3875 ex
1591 3820 1628 3876 1.
1672 3830 1719 3878 1.

436 3902 820 3962 decretalium
855 3904 1177 3978 disputat-is
1220 3902 1514 3987 (Dilingae
1556 3919 1714 3971 1627

437 3991 499 4047 in
535 3998 635 4069 8.),
691 3994 876 4051 Duaci
935 4004 1096 4055 1653
1147 3995 1207 4052 in
1255 3995 1293 4053 f.
1345 3996 1516 4053 Illius
1564 4014 1720 4054 com-

515 4166 550 4231 ¹)
578 4162 659 4215 Cf.
687 4160 722 4214 S
740 4178 771 4214 o
789 4163 863 4215 tv
880 4178 909 4214 e
926 4160 945 4213 l
961 4162 982 4213 l
999 4179 1036 4213 u
1053 4179 1077 4215 s
1113 4181 1166 4232 p.
1196 4168 1330 4222 652:
1374 4162 1720 4219 Sommervo-

435 4231 525 4297 gel
558 4233 644 4298 IV,
674 4236 972 4295 1582-94,
1015 4235 1114 4301 qui
1141 4250 1206 4287 ea
1231 4234 1336 4287 sub
1364 4253 1417 4287 n.
1445 4239 1516 4290 34
1540 4253 1720 4291 recen·

435 4305 534 4365 set,
561 4303 731 4357 etiam
761 4321 842 4369 ea,
871 4321 1013 4371 quae
1042 4305 1266 4373 scripsit
1285 4304 1573 4361 occasione
1594 4325 1716 4361 con·

436 4375 739 4429 troversiae
766 4375 835 4430 de
880 4376 1245 4430 translatione
1271 4377 1544 4430 bonorum
1585 4395 1720 4446 quo·

433 4445 674 4499 tundam
696 4447 1166 4501 monasteriorum
1187 4448 1607 4504 exstinctorum.
1636 4450 1718 4510 Cf,

434 4516 499 4569 de
527 4516 616 4569 his
644 4518 774 4570 hist.
815 4534 980 4587 prov.
1005 4517 1339 4573 Germaniae
1379 4536 1563 4588 super.
1591 4521 1645 4579 S.
1670 4521 1718 4576 J.

433 4605 485 4655 p.
519 4588 580 4640 V.
611 4605 664 4640 11.
691 4593 795 4646 362
823 4606 909 4651 se„
938 4592 1042 4644 373
1070 4608 1156 4651 ss.‚
1184 4595 1304 4646 389.
1331 4594 1434 4646 431
1465 4607 1504 4642 s,

505 4665 547 4717 ²)
573 4659 818 4712 Multum
845 4659 988 4712 illud
1014 4660 1372 4715 commendat
1393 4660 1607 4715 clericis
1635 4680 1718 4731 sy·

433 4730 613 4804 nodus
631 4731 963 4854 egdunensis
983 4747 1032 4790 a.
1055 4736 1194 4789 1626
1229 4732 1537 4804 (Schannat
1552 4734 1717 4788 Cone.

433 4802 617 4854 Germ.
684 4844 695 4856 .
722 4805 794 4873 9).

1788 1862 2259 1938 Aschaffenburg
2312 1863 2424 1919 sub
2456 1863 2586 1937 ejus
2620 1862 2858 1919 nomine
2893 1857 2979 1942 (in
3021 1873 3070 1922 l.

1787 1952 1893 2020 ecl,
1928 1969 2047 2008 non
2080 1970 2218 2008 vero
2250 1950 2310 2008 in
2348 1959 2401 2010 2.
2426 1950 2692 2025 ejusdem
2725 1949 2799 2026 a.)
2841 1970 3068 2026 germa-

1786 2040 1915 2098 nice
1947 2039 2145 2098 editus
2178 2042 2238 2097 et
2269 2041 2525 2116 rigorem
2557 2039 2789 2114 spirans
2822 2058 2942 2097 non
2979 2044 3073 2098 est

1786 2147 1939 2203 opus
1990 2129 2318 2204 genuinum
2339 2125 2415 2208 ¹),
2472 2131 2540 2185 ut
2588 2129 2850 2186 ostendit
2906 2130 3071 2185 Duhr

1786 2218 2062 2275 Zeitschr.
2095 2217 2132 2278 f.
2153 2219 2206 2275 k.
2229 2217 2426 2278 Theol.
2448 2217 2637 2274 XXIII
2661 2213 2904 2298 (1899).
2945 2227 3066 2279 733

1786 2315 1957 2368 -43
2012 2311 2073 2363 et
2122 2306 2340 2364 iterum
2387 2303 2624 2384 (contra
2688 2303 2934 2382 Riezlerf)
2990 2306 3070 2366 ib.

1785 2395 1968 2453 XXIV
2004 2390 2249 2475 (1900),
2277 2404 2610 2462 585—923
2644 2394 2798 2451 XXV
2822 2390 3069 2473 (1901).

1795 2493 2126 2552 lec—683
2160 2483 2343 2541 XXlx
2377 2479 2625 2563 (1905),
2668 2493 2806 2545 190.

1877 2671 2023 2724 373.
2060 2663 2228 2720 Alter
2270 2665 2360 2719 est
2402 2662 2701 2737 Hispanus
2748 2661 3068 2720 Ferdinan-

1782 2750 1895 2807 dus
1928 2751 1999 2808 de
2024 2751 2296 2809 Castro
2332 2750 2715 2812 PalaoS.J.
2750 2751 3068 2825 patriaLe·

1782 2839 2082 2914 gionensis
2113 2861 2168 2898 n.
2213 2848 2394 2909 1581,
2440 2839 2544 2914 qui
2580 2860 2613 2897 a
2644 2840 2837 2914 prima
2868 2841 3068 2916 pueri-

1781 2928 1868 2985 tia
1917 2933 2041 2986 tam
2090 2928 2347 3005 insignia
2407 2929 2648 3003 pietatis
2711 2930 3068 3003 virtutisque

1782 3017 2104 3091 specimina
2165 3018 2367 3088 edidit,
2432 3024 2502 3074 ut
2565 3019 2785 3085 ,sancti,
2853 3020 3067 3094 angeli,

1783 3106 1950 3180 pueri
1985 3106 2427 3181 praedestinati‘
2476 3106 2671 3164 titulis
2723 3108 3066 3166 cohonesta-

1781 3198 1961 3252 retur.
2009 3195 2292 3253 Moralem
2332 3195 2691 3270 theologiam
2739 3196 2802 3252 in
2837 3216 3065 3271 compo-

1780 3284 2028 3342 stellano
2062 3284 2312 3359 collegio
2343 3284 2593 3341 tradidit
2625 3286 2793 3341 tanto
2823 3303 3064 3342 concur-

1779 3390 1866 3439 su,
1900 3375 2160 3446 quantus
2192 3391 2500 3445 nunquam
2533 3374 2706 3429 antea
2737 3372 2832 3429 vel
2862 3376 3067 3446 postea

1777 3460 1945 3519 visus
1979 3466 2087 3527 est,
2121 3466 2181 3517 et
2214 3464 2513 3534 tamquam
2547 3461 2783 3518 oracula
2815 3462 3064 3537 excipie-

1779 3549 2001 3607 bantur
2031 3567 2182 3622 quae
2213 3549 2566 3623 proferebat,
2602 3551 2912 3607 consultus
2946 3570 3064 3607 un-

1777 3637 1956 3712 dique
2006 3638 2070 3694 in
2109 3636 2340 3695 casibus
2386 3636 2751 3695 difficillimis
2802 3639 2980 3696 etiam
3032 3659 3065 3696 a

1778 3747 1821 3784 s.
1876 3726 2288 3800 inquisitionis
2347 3726 2732 3785 administris
2799 3727 3064 3785 Salman-

1775 3815 1927 3872 ticae
1978 3815 2387 3873 scholasticam
2436 3815 2794 3892 theologiam
2842 3817 3065 3891 pariter

1778 3925 1912 3962 cum
1945 3905 2115 3962 laude
2149 3904 2369 3962 docuit.
2417 3903 2819 3963 Placidissime
2853 3906 2915 3963 in
2950 3907 3061 3963 Do-

1777 3994 1937 4052 mino
1970 3993 2331 4052 obdormivit
2365 3994 2676 4052 sanctitate
2715 4013 2833 4052 non
2866 3996 3063 4053 minus

1775 4103 1953 4157 quam
1987 4082 2179 4140 literis
2213 4082 2569 4158 conspicuus
2615 4095 2666 4145 1.
2702 4084 2834 4147 Dec,
2877 4094 3059 4146 1633.

1776 4173 1827 4229 Α
1861 4173 2024 4247 Gury
2075 4172 2297 4229 dicitur
2351 4172 2808 4247 „probabilistffi
2858 4176 3062 4230 auctor

1852 4384 1891 4449 ¹)
1919 4378 2081 4432 Teste
2110 4378 2437 4431 Hartzheim
2476 4379 2611 4433 bibl.
2650 4379 2751 4432 col.
2800 4396 2928 4447 pag.
2960 4384 3060 4434 132

1773 4448 1917 4502 illud
1945 4466 2089 4518 opus
2124 4453 2212 4503 est
2234 4449 2470 4503 Joannis
2506 4449 2538 4502 J
2557 4467 2587 4504 o
2604 4467 2632 4501 r
2648 4450 2681 4502 d
2699 4467 2731 4502 a
2750 4467 2784 4501 n
2803 4467 2835 4502 a
2852 4466 2880 4503 e
2897 4449 2933 4512 i,
2974 4466 3058 4502 ca·

1773 4519 1959 4573 nonici
2010 4523 2068 4574 et
2114 4521 2357 4590 pastoris
2418 4520 2799 4575 bonnonensis
2817 4564 2828 4584 ‚
2895 4521 3059 4589 cujus

1774 4592 1947 4644 etiam
1973 4596 2059 4645 est
2085 4591 2407 4661 Disputatio
2447 4592 2635 4645 brevis
2660 4595 2715 4645 et
2742 4592 3055 4662 categorica

1771 4667 1835 4716 de
1856 4667 2027 4731 proba
2064 4667 2382 4731 stiymatim,
2423 4666 2616 4716 utrum
2645 4663 2758 4717 scil.
2800 4681 2865 4717 ea
2899 4663 3059 4716 licita

1773 4736 1851 4787 sit
1870 4751 1971 4787 nec
1989 4751 2076 4799 ne,
2111 4734 2171 4786 in
2194 4751 2305 4801 qua
2331 4735 2612 4787 sententia
2641 4736 2911 4804 negativa
2937 4751 3059 4802 pro·

1773 4808 2068 4874 pugnatur
2094 4808 2215 4870 etc„
2243 4804 2505 4858 Coloniae
2535 4808 2687 4862 1630.
