3625 5193
568 256 750 310 *1083

1232 241 1602 295 1641—1663.
1630 236 1976 308 Patrologia.
2002 239 2178 292 Lucas
2206 238 2551 303 Holstenius,

3037 256 3216 308 1084

579 424 683 483 Vir
713 429 841 483 erat
873 422 1195 500 singularis
1242 424 1542 482 doctrinae
1584 426 1644 481 et
1676 423 1864 481 admi·
1921 425 2078 484 vitae
2124 426 2436 502 religiosae
2455 426 2516 504 ¹),
2565 426 2783 484 Romae
2825 434 2982 487 1661
3038 424 3103 481 111
3139 435 3222 494 43

580 515 796 572 randae
840 511 1195 571 eruditionis
1243 512 1307 570 in
1340 513 1499 571 omni
1545 530 1760 588 genere
1793 512 1863 569 li·
1924 515 2161 573 Parisiis
2203 525 2369 576 1663
2403 516 2468 573 in
2503 524 2568 583 43
2604 516 2916 590 Augustae
2948 513 3013 572 V.
3046 523 3217 576 1759

577 606 910 672 teraturae‚
959 601 1061 660 sed
1096 603 1374 676 pauciora
1414 601 1637 670 edidit,
1687 593 1895 676 quam}

1922 610 1963 661 t.
2003 614 2036 666 6
2073 604 2296 678 optima
2341 605 2429 663 ed.
2467 601 2568 684 (m.
2605 603 2788 679 500);
2835 601 3080 662 collectio
3113 621 3220 660 ro-

578 692 943 768 cogitaverat
975 690 1070 748 vel
1102 690 1174 747 ab
1208 710 1274 749 eo
1308 691 1519 749 merito
1541 691 1864 765 exspectari
1926 713 2102 752 mana
2133 693 2421 767 bipartita
2452 694 2720 751 veterum
2766 692 2995 767 aliquot
3026 691 3222 751 histo-

578 784 852 856 poterant
865 776 930 859 1).

671 968 748 1019 46
762 968 815 1019 3.
850 959 933 1015 Ex
955 957 1248 1016 Holstenii
1272 957 1612 1037 operibus2)
1649 957 1722 1014 ad
1742 975 1868 1014 rem

577 1050 845 1107 nostram
879 1049 1052 1104 sunt:
1087 1046 1352 1122 Epistola
1371 1048 1439 1104 de
1459 1049 1674 1104 usitato
1695 1047 1867 1104 etiam

580 1137 887 1195 Abassinis
918 1138 1310 1193 communione
1340 1136 1442 1193 sub
1480 1138 1653 1193 unica
1684 1137 1870 1208 specie

577 1225 653 1283 ad
705 1224 1095 1283 Bertholdum
1148 1223 1468 1282 Nihusium
1521 1220 1611 1305 (in
1656 1225 1868 1282 Leonis

579 1314 784 1372 Allatii
816 1313 851 1376 l.
887 1312 1232 1389 Symmicta‚
1282 1313 1552 1372 Coloniae
1595 1323 1756 1375 1653
1806 1313 1870 1370 111

585 1399 698 1483 3.);
732 1403 903 1461 codex
948 1403 1280 1478 reyularum
1293 1447 1312 1477 ,
1366 1421 1514 1476 quas
1549 1420 1624 1460 ss.
1671 1405 1869 1477 patres

580 1492 882 1549 monachis
928 1494 989 1548 et
1017 1490 1357 1567 virginibus
1405 1491 1869 1549 sanctimoniali-

581 1582 693 1639 bus
728 1581 1044 1639 servandas
1092 1581 1539 1654 praescripsere,
1589 1579 1870 1637 collectus

580 1669 724 1727 olim
772 1689 806 1726 a
852 1688 894 1726 s.
929 1667 1252 1726 Benedicto
1302 1668 1607 1726 anianensi
1659 1668 1871 1727 abbate

585 1757 655 1838 (c.
690 1758 728 1815 f.
761 1758 1064 1816 Nomencl.
1109 1757 1194 1824 1⁸,
1236 1766 1355 1818 762
1383 1753 1453 1835 s.)
1488 1775 1621 1814 cum
1646 1776 1869 1832 appen-

582 1847 727 1914 dice,
775 1847 835 1903 in
870 1865 988 1920 qua
1032 1864 1105 1909 ss,
1146 1848 1383 1920 patrum
1431 1846 1871 1905 exhortationes

583 1936 656 1992 ad
690 1935 1003 1993 monachos
1038 1938 1097 1992 et
1123 1935 1379 2010 virgines
1401 1935 1471 1993 de
1493 1935 1872 1993 observantia

584 2160 651 2212 de
681 2175 745 2212 eo
773 2158 994 2212 scribit:
1027 2158 1146 2220 „Un
1157 2161 1457 2230 jugement
1477 2159 1669 2224 solide,
1693 2177 1768 2211 un
1792 2175 1873 2211 sa-

585 2231 708 2284 voir
735 2230 997 2300 profond,
1023 2248 1135 2284 une
1163 2231 1403 2298 critique
1429 2231 1755 2300 judicicuse,
1798 2248 1873 2281 un

567 2299 731 2368 'style
772 2319 882 2370 pur
909 2303 967 2356 et
1004 2305 1133 2366 net,
1173 2303 1326 2356 voila
1363 2302 1445 2355 les
1489 2301 1737 2369 qualites
1778 2302 1874 2355 des

586 2372 750 2426 ecrits
790 2374 858 2427 de
886 2389 947 2426 66
974 2377 1192 2437 cavant,
1236 2373 1336 2440 qui
1362 2373 1671 2426 reunissait
1706 2373 1874 2426 beau·

588 2461 734 2513 coup
762 2444 830 2497 de
868 2444 1139 2498 modestie
1166 2448 1199 2497 a
1230 2462 1304 2496 un
1348 2444 1545 2498 merite
1572 2457 1869 2498 reconnu.“

667 2520 703 2580 ¹)
732 2516 875 2568 Hinc
915 2516 985 2568 ad
1026 2532 1141 2568 rem
1170 2516 1371 2568 Balzac
1413 2515 1591 2569 literis
1630 2515 1703 2568 ad
1729 2516 1872 2568 Bou-

586 2586 756 2639 chard
801 2586 1081 2640 Holstenii
1124 2586 1463 2640 familiarem
1505 2586 1655 2640 datis
1697 2587 1871 2656 (apud

588 2657 755 2710 Raess
784 2657 821 2710 1.
850 2662 917 2728 6.)
946 2659 1349 2726 conqueritur:
1379 2659 1507 2719 „leh
1531 2658 1738 2711 zweifle
1759 2658 1874 2712 kei·

588 2747 836 2798 neswegs
876 2748 949 2782 an
978 2729 1322 2782 Holstenius'
1365 2730 1570 2798 grossen
1613 2728 1874 2801 (literari-

586 2801 780 2869 schen)
808 2800 1098 2862 Schiitzen,
1125 2800 1215 2851 ich
1245 2800 1560 2853 beschwere
1587 2801 1735 2853 mich
1763 2817 1875 2852 nur

586 2873 724 2923 iiber
765 2872 959 2924 seinen
1000 2873 1171 2939 guten
1212 2871 1511 2926 Haushalt.
1550 2871 1731 2925 Wozu
1774 2871 1873 2925 der

586 2941 884 2994 Ueberfluss
924 2943 1071 2994 ohne
1110 2941 1569 3011 Freigebigkeit?
1614 2942 1686 2995 Es
1726 2948 1873 2995 ware

585 3012 783 3077 besser‚
812 3029 870 3065 er
894 3014 1108 3067 besasse
1126 3013 1374 3083 weniger
1394 3013 1512 3067 und
1532 3015 1676 3083 gabe
1696 3014 1870 3067 mehr.

587 3080 849 3136 Obschon
891 3084 981 3136 ich
1008 3085 1163 3149 versili,
1209 3086 1312 3139 dass
1357 3102 1415 3139 er
1441 3085 1532 3137 fiir
1572 3085 1663 3139 die
1691 3084 1873 3138 Nach-

585 3154 717 3206 welt
768 3155 1026 3209 sammelt
1078 3157 1191 3209 und
1242 3158 1391 3211 seine
1438 3156 1870 3210 Nachkommen

584 3225 907 3280 bereichern
926 3227 1081 3293 wird‚
1105 3246 1162 3281 so
1185 3228 1301 3281 will
1329 3245 1385 3281 es
1408 3227 1515 3280 mir
1531 3228 1675 3281 doch
1700 3227 1871 3279 schei-

584 3315 712 3360 nen,
754 3298 834 3351 als
862 3298 1023 3353 sollte
1051 3318 1109 3353 er
1137 3317 1241 3352 uns
1269 3299 1429 3352 nicht
1454 3300 1724 3352 enterben
1752 3298 1873 3351 und

584 3368 746 3422 nicht
788 3370 898 3422 den
945 3372 1139 3423 besten
1184 3371 1346 3425 Theil
1396 3369 1575 3424 seines
1620 3369 1872 3423 Ruhmes

584 3440 737 3493 einer
778 3441 1051 3505 Zukunft,
1094 3441 1184 3495 die
1224 3459 1283 3495 er
1309 3441 1471 3495 nicht
1504 3441 1673 3495 sehen
1713 3439 1870 3503 wird,

584 3512 1028 3567 vorenthalten.··

674 3588 712 3647 ²)
740 3582 956 3637 Horum
1003 3585 1324 3653 catalogum
1372 3583 1442 3642 cf,
1489 3601 1577 3652 ap,
1625 3582 1870 3636 Niceron

584 3653 780 3719 XXXI,
808 3660 913 3713 236
934 3673 1002 3709 ss.
1048 3656 1309 3709 Ceterum
1336 3654 1588 3708 advertit
1614 3652 1873 3707 zaccaria

584 3724 641 3776 in
669 3725 933 3780 biblioth.
974 3727 1199 3780 ritualis
1225 3727 1262 3780 1.
1290 3732 1322 3781 2
1349 3743 1394 3779 6.
1422 3730 1486 3781 3:
1536 3725 1750 3789 „Quam
1776 3725 1870 3777 (10-

582 3794 828 3861 lendum,
846 3799 1125 3851 neminem
1142 3799 1416 3851 hactenus
1431 3796 1720 3850 inventum
1735 3812 1870 3859 esse,

585 3866 680 3931 qui
700 3868 1169 3933 praestantissimi
1186 3869 1361 3935 hujus
1386 3867 1757 3921 bibliothecae
1781 3884 1870 3920 va-

584 3935 805 3986 ticanae
833 3939 1081 3991 custodis
1122 3955 1293 4003 opera
1321 3938 1476 3991 edita
1512 3941 1685 4003 atque
1711 3953 1870 3989 anec-

587 4004 722 4056 dota
756 4006 1078 4075 collegerit!
1119 4008 1182 4061 Id
1211 4010 1498 4061 enimvero
1541 4024 1870 4060 monumen·

586 4076 710 4126 tum
738 4079 883 4129 esset
910 4095 1238 4141 marmoree,
1285 4078 1439 4145 quod
1466 4078 1519 4129 61
1548 4077 1710 4131 Card.
1738 4078 1870 4132 Bar·

586 4145 814 4199 berinus
854 4149 1061 4216 posuit,
1107 4150 1459 4216 perennius.“
1517 4149 1698 4203 Addit
1736 4166 1868 4203 vero

588 4216 822 4283 baillet,
868 4220 1136 4288 pleraque
1177 4236 1349 4288 opera
1388 4221 1509 4287 ejus
1550 4221 1868 4289 posthuma,

585 4305 731 4356 quae
758 4291 817 4342 in
845 4290 1029 4344 lucem
1057 4291 1408 4359 prodierunt,
1434 4290 1765 4360 imperfecta
1790 4292 1868 4345 vi-

585 4360 732 4423 deri,
778 4379 978 4432 parum
1018 4364 1312 4425 accurata,
1357 4380 1454 4415 seu
1496 4364 1647 4430 quod
1687 4367 1868 4416 morte

1923 783 2046 840 riae
2079 781 2510 841 ecclesiasticae
2530 785 3051 840 monumentorum
3078 800 3221 838 cum

1923 872 2078 930 notis
2108 872 2321 946 ipsine,
2370 872 2582 930 Romae
2624 879 2785 931 1662
2837 870 2901 927 in
2937 879 3010 936 8..
3065 888 3222 945 quae

1925 961 2343 1036 complectitur
2393 960 2649 1035 synodos
2699 969 2733 1021 9
2755 1003 2768 1027 ‚
2834 977 3218 1017 romanorum

1923 1050 2270 1126 pontificum
2319 1050 2605 1125 epistolas
2657 1057 2769 1118 52,
2823 1050 2885 1105 et
2929 1048 3218 1123 quaedam

1926 1139 2075 1204 aliaz
2117 1141 2322 1212 passio
2353 1157 2429 1197 ss.
2463 1137 2780 1211 Perpetuae
2811 1145 2860 1195 et
2894 1137 3220 1195 Felicitatis

1926 1231 1987 1286 et
2018 1229 2315 1301 Bonifacii
2349 1229 2620 1299 Romani,
2673 1246 2780 1285 1166
2812 1245 2933 1285 non
2977 1234 3107 1284 acta
3137 1244 3221 1283 ss.

1939 1317 2210 1392 Tarachi,
2244 1315 2418 1374 Probi
2450 1324 2499 1374 et
2531 1317 2858 1374 Andronici
2890 1333 3026 1373 cum
3060 1314 3221 1372 notis

1926 1411 1987 1463 et
2021 1407 2094 1463 ad
2116 1405 2358 1464 Baronii
2389 1405 2881 1481 martyrologium
2903 1422 3214 1462 romanum

1926 1494 2554 1562 animadversionibus
2589 1494 2667 1552 ib.
2709 1503 2873 1555 1663
2911 1493 2974 1550 111
3010 1503 3072 1559 8;
3106 1492 3216 1548 Pa-

1927 1584 2086 1641 risiis
2140 1594 2338 1651 1664;
2393 1581 2816 1641 Annototiones
2861 1582 2925 1639 in
2969 1599 3217 1657 geogra-

1928 1673 2127 1747 phiam
2162 1690 2385 1730 sacram
2421 1672 2677 1730 Caroli
2711 1691 2744 1727 a
2774 1690 2816 1729 s.
2851 1671 3056 1738 Paul0,
3095 1671 3216 1727 Ita-

1927 1762 2069 1819 liam
2088 1759 2397 1834 antiquam
2419 1760 2744 1819 Cluverii
2776 1762 2838 1817 et
2871 1760 3212 1817 thesaurum

1927 1851 2389 1928 geographicum
2437 1849 2760 1918 Ortelii,
2813 1849 3035 1922 quibus
3080 1848 3214 1923 plu-

1929 1941 2078 1998 rima
2099 1940 2309 1998 horum
2333 1943 2528 1997 errata
2550 1938 2826 2014 corrigit;
2849 1938 3074 1996 accedit
3091 1936 3213 1994 dis-

1930 2031 2175 2087 sertatio
2222 2028 2438 2102 duplex
2484 2030 2557 2084 de
2600 2034 2958 2085 sacramento
3005 2028 3210 2097 confir-

1929 2115 2374 2196 inotio›1is(scil.
2408 2116 2480 2174 de
2502 2116 2774 2174 ministro
2795 2121 2856 2172 et
2888 2111 3033 2194 ritu)
3057 2112 3212 2189 apud

1929 2225 2187 2276 graecOS,
2223 2207 2435 2264 Romae
2467 2215 2629 2267 1666
2665 2206 2725 2262 in
2749 2212 2802 2266 8.
2837 2202 3038 2284 (etiam
3059 2204 3216 2260 inter

1929 2296 2186 2354 Morini
2217 2314 2394 2370 opera
2414 2294 2751 2369 posthuma,
2775 2293 3023 2350 Parisiis
3052 2301 3211 2354 1703

1927 2385 1991 2443 111
2028 2379 2147 2466 4.);
2180 2383 2478 2442 Theodo
2497 2384 2555 2440 ri
2587 2382 2765 2459 episc.
2799 2381 3084 2457 ancyrani
3113 2399 3213 2437 ex·

1928 2476 2135 2548 positio
2165 2474 2400 2548 symboli
2431 2473 2656 2531 nicaeni
2700 2472 2980 2529 adversus
3013 2471 3213 2528 Nesto-

1928 2565 2107 2638 rium,
2153 2562 2414 2638 primum
2456 2561 2616 2621 edita
2661 2578 2865 2637 graece
2908 2562 2970 2617 et
3013 2558 3214 2627 latine,

1930 2654 2146 2711 Romae
2174 2662 2339 2715 1669
2373 2651 2438 2708 111
2468 2660 2534 2719 8;
2567 2651 2842 2708 savientia
2873 2651 2945 2706 de
2975 2650 3218 2706 editione

1930 2743 2151 2798 concilii
2200 2741 2527 2798 basileensis
2579 2735 2839 2818 (recepta
2885 2739 2949 2795 in
2993 2737 3217 2795 Labbei

1930 2831 2338 2888 collectionem
2354 2833 2398 2886 t.
2416 2826 2619 2908 XIII.);
2638 2828 3063 2887 dissertotimies
3078 2833 3218 2899 tres,

1929 2919 2079 2976 duae
2099 2920 2170 2976 de
2190 2918 2444 2993 epistola
2472 2916 2753 2993 synodica
2785 2918 2833 2973 A
2854 2916 2922 2973 le
2938 2934 2970 2972 x
2990 2934 3024 2972 a
3038 2934 3079 2973 11
3094 2914 3129 2972 d
3149 2916 3220 2971 ri

1928 3008 2104 3081 episc.
2153 3009 2315 3075 alex„
2362 3008 2542 3064 tertia
2586 3006 2658 3063 de
2704 3005 3048 3080 episcopatu
3084 3005 3120 3062 S
3135 3024 3218 3079 y·

1929 3096 2123 3154 nesii
2175 3092 2265 3177 (in
2312 3096 2490 3153 Henr.
2538 3093 2761 3152 Valesii
2810 3092 3072 3150 editione
3123 3094 3222 3149 hi—

1928 3186 2144 3244 storiae
2176 3184 2522 3243 Theodoreti
2567 3187 2628 3241 et
2658 3182 2919 3258 Evagrii,
2975 3180 3219 3238 Parisiis

1941 3271 2158 3355 1673);
2230 3275 2658 3332 dissertationes
2718 3272 3043 3350 epistolicae
3104 3276 3216 3328 etc.

1929 3364 2194 3422 Contulit
2225 3364 2405 3421 etiam
2439 3380 2674 3435 operam
2706 3360 2778 3417 ad
2813 3358 3134 3417 editionem
3168 3378 3218 3416 s,

1925 3452 2352 3511 Athanasii
2402 3450 2787 3526 parisiensem
2827 3456 3028 3519 16273
3079 3447 3219 3506 Eu·

1928 3541 2135 3599 sebii
2179 3552 2360 3603 1628.
2413 3539 2559 3614 Ejus
2605 3538 2888 3614 epistolae
2950 3547 3068 3599 114
3119 3534 3218 3615 (ex

1927 3630 2146 3705 quibus
2182 3640 2260 3691 48
2288 3623 2572 3708 ineditae)
2595 3627 2947 3704 prodierunt
2970 3625 3217 3683 Parisiis

1936 3729 2097 3782 1817
2149 3719 2209 3777 in
2247 3729 2301 3781 8.
2335 3718 2660 3791 Responsio
2706 3715 2781 3773 ad
2812 3734 2865 3789 q.
2919 3715 2991 3771 Se
3027 3715 3087 3771 ol
3118 3729 3217 3771 ro-

1927 3827 2100 3866 mano
2134 3808 2414 3879 Ponteftce
2437 3807 2550 3878 piat
2581 3823 2868 3881 convenya
2897 3804 2960 3861 di
2992 3803 3217 3860 abitare

1926 3917 1963 3955 a
2007 3914 2052 3955 s,
2104 3897 2294 3954 Pietro
2348 3898 2452 3954 che
2500 3895 2565 3952 in
2616 3893 3008 3970 qualsivoglia
3056 3892 3212 3948 altro

1927 3987 2103 4061 luogo
2136 3985 2290 4044 della
2314 3986 2480 4051 citta,
2512 3983 2699 4041 edidit
2722 3983 2812 4043 Fr.
2833 3983 2901 4038 A.
2925 3981 3213 4049 Zaccaria,

1925 4076 2138 4133 Romae
2188 4084 2302 4137 177
2314 4084 2368 4134 6.

1947 4184 2039 4289 ἰ)
2067 4220 2149 4273 cf.
2179 4219 2246 4272 de
2287 4218 2393 4271 hac
2433 4216 2519 4271 ed.
2562 4215 2728 4268 Mich.
2770 4231 2804 4267 a
2831 4234 2869 4268 s.
2906 4212 3214 4275 J00.11‚4s

1925 4294 2080 4353 -58‚
2110 4290 2210 4358 qui
2237 4308 2304 4343 ea
2330 4290 2589 4342 accurate
2632 4286 2900 4340 describit
2931 4285 3214 4354 pluraque

1925 4361 2144 4415 erudite
2160 4363 2419 4414 annotat.
2452 4358 2705 4426 Reliquit
2721 4357 3052 4411 Holstenius
3071 4354 3212 4407 mul-

583 4438 928 4499 praeventus
950 4435 1211 4488 ultimam
1239 4435 1377 4503 ipsis
1394 4452 1626 4487 manum
1642 4451 1751 4486 11011
1774 4433 1867 4486 ad·
1923 4435 1986 4485 ta
2010 4432 2242 4495 inedita,
2272 4432 2422 4485 inter
2438 4447 2584 4499 quae
2611 4429 3000 4483 collectionem
3026 4425 3212 4495 copio-

586 4502 845 4568 bibam-it,
875 4524 971 4559 seu
1001 4506 1146 4574 quod
1177 4507 1345 4559 nimis
1372 4505 1726 4574 negligentes
1754 4505 1869 4557 fue-
1923 4521 2043 4557 sam
2072 4510 2569 4558 monumentorum
2591 4498 2958 4568 antiquitatis
2982 4496 3212 4564 inscrip-

582 4574 716 4641 rint,
733 4577 831 4644 qui
850 4578 1125 4631 editiones
1142 4578 1263 4646 ejus
1281 4576 1688 4632 accuraverint.
1708 4575 1867 4628 Prae·
1923 4578 2042 4628 tam
2083 4578 2227 4628 Vitae
2258 4578 2572 4641 pontificum
2612 4589 2766 4624 nunc
2804 4571 2866 4624 in
2910 4569 3040 4624 bibl.
3082 4567 3210 4619 Bar-

585 4648 670 4697 ter
697 4663 791 4712 ea,
837 4666 980 4716 quae
1020 4649 1399 4702 indicabimus
1439 4665 1639 4717 opera,
1687 4647 1870 4700 edidit
1923 4646 2124 4699 barina
2163 4644 2324 4698 codd.
2365 4644 2614 4708 XXXIII,
2642 4647 2873 4706 18—21‚
2913 4657 3085 4710 quam
3125 4655 3211 4690 ac-

584 4716 753 4768 etiam
770 4722 977 4789 scripta
992 4724 1243 4773 veterum
1260 4719 1727 4790 philosophorum
1745 4735 1866 4771 eru·
1922 4717 2173 4770 curatius
2238 4715 2506 4769 describit
2570 4712 3000 4768 Glasschroeder
3049 4707 3208 4763 Rom.

586 4785 720 4840 ditis
746 4790 1215 4845 annotationibus
1243 4790 1545 4844 illustrata.

1923 4788 2161 4852 Qtlsehr.
2191 4788 2283 4853 IV,
2315 4790 2612 4846 125—133.
