3625 5193
555 204 670 257 ,351
1010 188 1381 241 1621—1640.
1411 183 1809 254 Hagiographi.
1838 183 2237 253 Messingham,
2264 184 2535 251 Fleming,
2568 184 2760 253 Ward,
3054 204 3175 258 352

552 373 616 429 in
651 381 717 437 ὃς
769 370 1145 445 postmodum
1187 387 1363 444 opera
1396 372 1607 445 omnio,
1659 370 1836 427 Lute-

552 461 670 519 tiae
702 459 1064 518 Parisiorum
1106 469 1267 522 1633
1302 458 1364 516 111
1398 458 1466 528 f.;
1519 459 1839 517 Chronicon

554 550 1001 607 alexandrinum
1052 545 1259 626 (vulgo
1304 547 1606 628 paschale)
1654 546 1838 606 idem·
1865 537 1869 634 Ι
1895 549 2181 622 opuscula
2199 549 2546 608 columbani
2561 548 2914 610 Bobbiensis
2947 546 3044 630 (cf.
3061 550 3180 608 No-

552 657 668 713 que
714 636 1179 698 astronomicum
1211 639 1270 694 et
1314 636 1771 695 ecclesiasticum
1805 656 1841 693 a
1896 639 2104 695 mencl.
2128 637 2172 707 1,
2200 647 2320 701 585
2349 634 2469 718 ss).
2504 637 2668 696 Vitas
2691 642 3029 698 sanctorum
3050 659 3180 715 pas-

555 726 809 802 Sigoni0,
853 725 1140 784 Panvinio
1174 725 1424 800 aliisque
1457 725 1678 800 passim
1710 725 1839 783 lau·
1897 727 2005 785 sim
2024 732 2376 802 receperunt
2389 726 2792 786 Bollandistae
2806 731 2867 786 et
2881 728 3099 804 Colgan
3117 731 3181 809 ι).

552 817 759 874 datum
792 815 1128 891 partimque
1160 833 1367 890 graece
1399 814 1645 882 editum,
1680 832 1840 872 nunc
1897 850 1981 859 —
2016 816 2148 892 Ipse
2197 816 2369 892 Hugo
2405 816 2623 875 Ward
2670 816 2737 880 Ο.
2771 817 2825 875 S.
2873 818 2964 875 Fr.
3016 817 3181 876 Ulto-

553 908 855 980 integrum
916 920 1122 979 graece
1194 923 1327 962 cum
1389 903 1578 961 latina
1652 902 1839 960 inter·
1897 905 2099 963 nensis
2130 906 2323 980 patria
2343 905 2642 964 Hibernus
2660 905 2975 983 Waddingi
3011 906 3181 965 disci-

1896 371 2144 428 lectanea
2205 389 2415 429 sacra:
2487 391 2641 446 quae
2705 372 3183 447 complectuntur

1864 413 2132 534 lpraeter
2180 459 2294 518 alia
2326 462 2595 520 veterum
2641 461 2861 535 scripta
2907 462 3090 520 vitam
3121 465 3183 519 et

553 993 884 1069 pretatione
931 991 1273 1068 vulgatum,
1326 992 1405 1054 ib.
1460 1001 1618 1055 1615
1670 992 1733 1049 in
1767 1001 1837 1060 43
1897 994 2076 1069 pulus
2096 994 2343 1054 Lovanii
2375 994 2729 1070 theologiam
2749 999 2842 1053 est
2862 995 3181 1069 professus,

553 1081 826 1142 Coloniae
898 1089 1101 1150 16183
1152 1081 1308 1140 Petra·
1354 1082 1534 1139 Siculi
1594 1081 1841 1138 historia
1895 1083 1999 1142 sed
2042 1086 2207 1143 totus
2265 1087 2392 1142 erat
2455 1083 2850 1142 illustrandae
2902 1084 3183 1143 historiae

557 1171 1029 1229 Manichaeorum
1093 1188 1198 1227 seu
1242 1169 1719 1228 Paulicianorum
1770 1188 1869 1227 01(Ι
1898 1173 2126 1248 patriae
2176 1172 2450 1241 deditus,
2520 1176 2701 1248 atque
2750 1173 2906 1231 inter
2956 1173 3185 1232 sodales

553 1280 661 1318 ms,
694 1259 818 1317 cod.
850 1259 994 1317 bibl.
1028 1259 1198 1320 vatic.
1242 1277 1446 1336 graece
1479 1277 1612 1317 cum
1657 1258 1841 1315 latina
1900 1261 2098 1320 studia
2148 1261 2456 1330 historica,
2509 1262 2971 1339 hagiographica
3016 1281 3183 1337 prae-

555 1347 1234 1424 versione,1ngolstadii
1277 1357 1439 1411 1604
1471 1348 1535 1405 in
1571 1357 1640 1416 4;
1692 1347 1842 1404 Acta
1897 1351 2121 1420 sertim,
2186 1351 2511 1425 plurimum
2563 1351 2714 1410 fovit
2763 1356 2823 1408 et
2872 1351 3181 1426 promovit.

553 1456 764 1496 sam-os.
798 1444 846 1493 et
879 1439 1220 1496 oecumenici
1250 1434 1475 1495 concilii
1509 1434 1677 1494 VIII.
1709 1454 1839 1493 con·
1898 1442 2036 1516 Ipse
2076 1440 2343 1499 ostendit
2384 1438 2456 1497 ad
2490 1458 2602 1499 sec.
2636 1439 2700 1497 X.
2735 1458 2923 1515 usque
2957 1439 3184 1499 Scotiae

555 1528 864 1599 stantinop.
913 1525 1020 1586 IV.
1072 1544 1232 1583 nunc
1279 1526 1538 1601 primum
1588 1543 1656 1582 ex
1701 1529 2136 1602 mss.,nomine
2187 1528 2556 1604 designatam
2601 1527 2786 1587 fuisse
2817 1529 3182 1598 Hiberniam,

557 1615 680 1674 eod.
712 1633 918 1691 graece
950 1632 1085 1671 cum
1116 1614 1302 1673 latina
1349 1613 1843 1689 interpretatione
1868 1647 1873 1696 ‡
1899 1619 2036 1676 hinc
2082 1636 2322 1682 erronee
2357 1619 2775 1692 Dempsterum
2808 1621 2869 1676 et
2914 1618 3183 1677 Camera-

556 1705 715 1762 edita
765 1702 1041 1777 notisque
1092 1703 1314 1778 passim
1368 1703 1700 1771 illustrata,
1761 1701 1840 1759 ib.
1900 1708 2053 1765 rium
2106 1710 2199 1765 tot
2245 1708 2404 1765 viros
2455 1705 2721 1764 illustres
2774 1707 2930 1764 inter
2981 1707 3184 1765 Scotos

565 1803 728 1855 1604
763 1792 825 1850 in
849 1802 905 1860 4,
941 1796 1177 1866 recepta
1211 1792 1273 1850 in
1306 1792 1508 1851 concil.
1542 1791 1841 1849 collectio·
1901 1796 2281 1866 recensuisse,
2305 1795 2521 1870 quibus
2537 1795 3045 1854 meritoHibernia
3059 1796 3187 1872 glo-

556 1901 694 1940 nem
726 1881 943 1939 Labbei
982 1886 1042 1938 et
1073 1881 1369 1940 Cossartii.
1902 1886 2109 1944 riatur.
2146 1885 2297 1942 Dum
2317 1884 2572 1943 instaret
2596 1884 2945 1960 colligendis
2974 1902 3186 1942 monu-

1872 1974 2119 2034 .mentis
2145 1976 2333 2031 morte
2367 1973 2483 2031 suit
2515 1976 2872 2049 praeventus
2909 1993 2957 2031 a.
2999 1983 3183 2036 1635.

650 2088 792 2141 356.
826 2077 947 2135 Alfi
996 2071 1354 2156 hagiologi1)
1404 2079 1548 2133 sunt
1594 2075 1844 2132 Thomas
1872 2061 1873 2112 Ὺ
1904 2063 1985 2120 Ex
2019 2064 2147 2136 ejus
2195 2062 2428 2138 scriptis
2476 2062 2697 2138 prodiit
2747 2065 2982 2121 tantum
3016 2064 3183 2137 Acta,

558 2167 1091 2243 Messingham,
1147 2166 1319 2240 cujus
1353 2168 1542 2222 exstat
1570 2164 1842 2237 florileyi-
1871 2115 1875 2232 1
1900 2151 2273 2227 martyrium,
2323 2151 2571 2227 liturgia
2613 2152 2860 2226 antiqua
2904 2155 2963 2210 et
2995 2153 3190 2226 patria

564 2275 657 2314 um
689 2257 913 2315 insulae
943 2262 1276 2313 sanctorum
1308 2273 1414 2312 seu
1434 2254 1589 2312 vitae
1621 2257 1683 2310 et
1716 2259 1846 2310 acta
1872 2239 1876 2330 l
1900 2260 1946 2299 3·
1968 2241 2242 2299 Rumoldl'
2262 2238 2607 2317 (Rombaud‚
2644 2241 2748 2317 qui
2769 2241 2885 2298 sust
2900 2258 3007 2299 880·
3032 2240 3189 2304 VIII·
3269 2275 3277 2282 ·

562 2350 902 2404 sanctorum
943 2343 1278 2410 Hiberniae,
1327 2342 1546 2418 quibus
1588 2359 1845 2399 accesse—
1874 2333 1875 2348 ¹
1903 2330 2214 2405 episcopus
2262 2328 2661 2388 dublinienSlS
2703 2332 2765 2388 et
2809 2329 3190 2388 mechlinien-

560 2438 705 2493 runt
742 2453 863 2492 non
896 2432 1164 2507 vulgaria
1209 2433 1594 2490 monumenta
1625 2430 1683 2494 h.
1716 2449 1763 2490 e.
1799 2448 1845 2491 3.
1872 2455 1875 2466 .
1904 2419 2059 2477 sium
2093 2414 2443 2495 ΒΡΟΒῒΟΙαΞ),
2489 2418 2833 2477 Mechliniae
2876 2427 3077 2484 16343
3124 2438 3191 2476 ex

561 2523 794 2582 Patritii
821 2521 1254 2599 purgatorium,
1291 2539 1334 2577 3.
1358 2518 1675 2577 Malachiae
1712 2538 1843 2592 pro·
1904 2527 2133 2583 recogn.
2201 2507 2401 2564 Thom.
2469 2507 2651 2564 Sirini
2704 2507 2947 2565 Lovunii
3011 2517 3191 2569 1662-

561 2613 761 2688 phetia
789 2612 863 2670 de
897 2611 1144 2668 summis
1188 2609 1568 2684 pontificibus
1611 2608 1847 2683 aliaque
1903 2598 2047 2672 Ejus
2081 2615 2269 2665 mser„
2303 2595 2524 2670 quibus
2559 2598 2897 2656 universam
2932 2596 3051 2656 fere
3084 2598 3191 2656 Hi-

560 2701 869 2768 nonnulla,
919 2700 1156 2756 Parisiis
1199 2707 1360 2760 1624
1407 2697 1470 2754 in
1502 2696 1541 2755 f.
1581 2692 1683 2777 (m.
1718 2692 1845 2775 60).
1907 2687 2142 2745 herniae
2193 2686 2500 2744 historiam
2552 2687 2846 2755 illustrat,
2901 2686 3048 2745 bene
3099 2687 3190 2744 usi

564 2824 648 2832 -.-
671 2789 779 2848 Sed
820 2789 891 2845 de
927 2787 1244 2846 Hiberniae
1277 2787 1494 2844 sanet-,ig
1527 2786 1846 2862 plurimum
1874 2788 1877 2833 ἱ
1905 2780 2046 2833 sunt
2079 2776 2295 2852 Colgan
2328 2778 2388 2832 et
2420 2774 2483 2833 O'
2504 2775 2689 2850 Clery,
2750 2794 3004 2849 quorum
3041 2776 3194 2834 infra

564 2877 781 2936 soliciti
828 2881 1002 2935 erant
1033 2876 1103 2933 H.
1140 2875 1345 2933 Ward
1376 2879 1436 2934 et
1467 2875 1847 2949 Christopho-
1874 2836 1879 2933 l
1905 2867 2172 2923 recurret
2203 2864 2425 2922 mentio
2438 2862 2502 2941 2)·
2580 2859 2588 2866 ’

563 2986 664 3025 rus
707 2964 1002 3024 Flamin
1017 2985 1057 3042 g
1102 2965 1166 3023 O.
1202 2966 1253 3023 S.
1297 2965 1498 3023 Franc.
1547 2964 1847 3022 Hibernus

564 3075 620 3113 n.
662 3066 756 3117 17.
789 3056 928 3131 Apr.
970 3064 1154 3118 1599.
1202 3053 1312 3111 Hic
1354 3054 1416 3111 in
1461 3053 1707 3130 collegio
1741 3051 1881 3141 ffiss

563 3146 882 3204 bernorum
914 3143 1176 3202 duaceno
1208 3142 1426 3201 studiis
1478 3161 1712 3217 operam
1747 3140 1848 3197 de-

564 3234 682 3304 dit,
750 3233 887 3291 inde
950 3232 1192 3291 transiit
1242 3232 1567 3290 Lovanium
1621 3226 1848 3309 (1617)

563 3327 910 3398 vestemque
933 3342 977 3380 s.
999 3321 1293 3379 Francisci
1316 3319 1530 3378 induit.
1557 3320 1851 3377 Hortante

565 3414 628 3475 P.
663 3412 834 3470 Ward
865 3411 1049 3471 sodali
1068 3414 1264 3468 totum
1290 3428 1349 3468 se
1383 3409 1549 3467 dedit
1569 3408 1848 3484 colligen-
1878 3434 1882 3537 1

563 3503 654 3560 (113
705 3500 1109 3560 monumentis
1156 3499 1330 3557 editis
1383 3501 1443 3556 et
1487 3496 1728 3555 ineditis
1780 3495 1883 3591 ad¹

567 3592 913 3650 Hiberniam
948 3588 1370 3670 spectantibus.
1426 3587 1673 3662 Pragam
1708 3585 1849 3642 mis·
1880 3604 1883 3645 :

567 3700 666 3739 sus
698 3685 788 3737 est
820 3679 892 3736 ad
939 3677 1263 3753 regendum
1309 3675 1527 3734 ibidem
1561 3675 1852 3732 Hiberno·
1880 3678 1883 3715 ἵ

566 3788 697 3826 rum
746 3766 1092 3841 collegium:
1142 3783 1274 3821 mox
1321 3769 1521 3821 tamen
1568 3763 1853 3839 aufugere

565 3860 658 3913 est
706 3858 943 3912 coaetus
993 3851 1455 3910 adventantibus
1506 3853 1850 3920 SaxonibuS,

569 3943 667 4001 sed
702 3942 937 4017 fugiens
986 3940 1198 3998 incidit
1239 3941 1302 3998 in
1347 3959 1556 3999 manus
1602 3940 1850 3998 rustico-

566 4051 700 4090 rum
735 4030 1198 4098 calvinistarum,
1246 4030 1350 4105 qui
1383 4050 1517 4088 eum
1560 4027 1851 4087 rosarium

567 4119 916 4178 recitantem
977 4138 1111 4177 cum
1159 4118 1317 4178 Hoar
1358 4119 1599 4177 diacono
1645 4116 1853 4175 crude-

567 4209 706 4267 liter
737 4209 1181 4268 interfecerunt.
1229 4208 1373 4283 Ejus
1407 4226 1586 4283 opera
1618 4207 1854 4263 demum

568 4298 809 4357 Lovanii
837 4311 858 4361 1
877 4308 909 4360 6
922 4308 955 4359 6
969 4308 999 4360 7
1022 4296 1372 4373 prodierunt
1387 4295 1700 4371 inscripta:
1728 4294 1854 4381 Col-

663 4547 699 4597 ¹)
748 4538 1261 4594 praetermittimus
1312 4536 1628 4590 Antonium
1681 4526 1889 4588 Con-¹

570 4611 716 4663 tini
758 4627 948 4680 congr.
987 4609 1199 4664 Montis
1241 4608 1403 4672 oliv„
1443 4608 1606 4677 cujus
1646 4605 1889 4675 prodiit.

585 4683 696 4734 Vita
724 4685 783 4734 di
805 4700 847 4735 3.
881 4685 1068 4735 Teresa
1094 4683 1152 4734 di
1178 4683 1333 4743 Gesse,
1371 4677 1705 4731 Fondatrice
1734 4679 1860 4735 etc..

571 4752 782 4804 Romae
811 4756 964 4808 1638.

1999 3051 2141 3104 357.
2185 3041 2448 3100 «Ioannes
2492 3042 2907 3101 Vastorius
2949 3043 3191 3109 81100113,

1909 3131 2352 3205 protonotarius
2417 3131 2808 3206 apostolicus,
2874 3131 3190 3190 canonicus

1910 3220 2269 3278 warmiensis
2320 3223 2379 3276 et
2428 3220 2916 3279 bibliothecarius
2977 3219 3193 3295 regius,

1877 3292 1881 3399 ι
1908 3312 2112 3367 auctor
2144 3312 2237 3367 est
2268 3328 2360 3383 op.
2398 3306 2539 3367 Vitis
2570 3310 2867 3385 aqm‘lom'a
2902 3327 3008 3367 seu
3038 3308 3194 3366 vitae

1910 3401 2270 3466 sanctorum,
2306 3398 2411 3472 qui
2447 3398 2905 3456 Skandinaviam
2942 3415 3009 3457 ac
3028 3416 3195 3472 prae·

1909 3488 2107 3546 sertim
2142 3505 2329 3562 regna
2361 3488 2686 3545 Gothorum
2722 3488 3021 3546 Sueonum
3056 3486 3195 3543 olim

1910 3577 2086 3635 rebus
2162 3576 2345 3650 gestis
2427 3576 2841 3645 illustrarunt,
2926 3574 3199 3634 Coloniae

1912 3664 2272 3742 Agrippinae
2314 3674 2473 3727 1623
2511 3665 2573 3723 in
2598 3666 2651 3735 f.‚
2686 3684 2835 3740 opus
2868 3684 3067 3723 rarum
3095 3658 3198 3747 (m.

1915 3750 2041 3830 60),
2089 3772 2206 3827 quo
2240 3754 2624 3812 continentur
2662 3753 2843 3812 etiam
2878 3772 2954 3812 33.
2997 3753 3196 3829 ponti·

1911 3843 2085 3901 ficum
2118 3842 2399 3917 epistolae
2431 3843 2489 3900 in
2516 3843 2783 3902 Sueciam
2817 3843 3006 3910 datae,
3041 3841 3200 3917 quod

1912 3932 2119 3990 Ericus
2141 3932 2188 3989 B
2207 3932 2558 3990 enzelius
2592 3931 2972 3990 emendatum
3002 3936 3062 3987 et
3092 3947 3198 3987 no·

1911 4022 1990 4078 tis
2037 4021 2405 4078 illustratum
2453 4021 2669 4079 iterum
2722 4018 2910 4078 edidit
2951 4018 3200 4092 Upsalae

1920 4118 2105 4174 1708.
2159 4143 2234 4151 —
2287 4109 2578 4169 Henricus
2626 4109 2877 4167 Murer
2909 4107 2972 4169 O.
3006 4107 3202 4168 Carth.

1913 4199 1976 4256 in
1998 4198 2307 4256 carthusia
2338 4198 2673 4275 ittingensi‚
2706 4197 2979 4255 Badenae
3013 4197 3074 4255 in
3092 4197 3202 4254 Ar-

1913 4288 2089 4364 govia
2132 4307 2190 4346 n.
2242 4297 2295 4351 2.
2344 4288 2511 4346 Mart.
2568 4297 2732 4350 1588
2783 4281 2849 4368 (†
2885 4295 2987 4350 28.
3038 4285 3201 4343 Febr.

1925 4373 2135 4456 1638),
2190 4377 2440 4436 sollicite
2487 4376 2772 4435 historiae
2819 4375 3046 4451 patriae
3079 4392 3203 4432 mo-

2061 4602 2144 4658 Cf.
2170 4601 2509 4656 Bellesheim
2537 4601 2737 4654 Gesch.
2779 4599 2878 4652 der
2913 4598 2968 4652 k.
2994 4596 3205 4650 Kirche

1917 4610 2099 4730 inllrl.
2123 4694 2180 4743 p.
2207 4678 2327 4731 693.

1887 4786 1893 4797 .
1991 4750 2034 4817 ²)
2062 4746 2143 4800 Cf.
2173 4744 2508 4799 Bellesheim
2537 4745 2570 4798 l.
2599 4760 2641 4796 c.
2674 4742 2767 4806 111,
2794 4746 2918 4798 692.
