3625 5193
588 278 757 332 1159
1040 264 1410 320 1641—1663.
1442 260 1476 314 J
1482 277 1547 314 us
1572 260 1923 315 canonicum.
1952 258 2229 323 Uirouias,
2257 249 2504 322 Florens,
2531 255 2740 322 Darde,
3041 276 3221 329 1160

583 445 964 524 pontificatus
995 446 1124 522 ejus
1158 446 1439 505 coincidit
1470 465 1605 505 cum
1637 444 1862 505 tristis-
1918 444 2483 505 commendationem
2516 444 2602 503 ita
2633 444 2972 519 praefatur:
3022 443 3226 515 ,Quis

583 535 730 594 simo
760 535 920 594 bello
950 535 1203 612 triginta
1231 554 1541 607 annorum,
1574 554 1694 612 quo
1725 535 1862 594 uni-
1916 533 2168 611 reperiri
2214 534 2437 609 poterit
2485 533 2549 591 in
2585 532 3069 610 jurisprudentia
3119 551 3216 592 ec-

583 642 752 683 versa
783 624 1093 683 Germania
1130 624 1257 684 dire
1302 624 1662 687 vastabatur.
1715 624 1862 682 Car·
1917 623 2248 701 clesiastica
2297 623 2392 683 vel
2439 623 2707 682 tenuiter
2756 626 3026 681 versatus
3045 667 3058 692 ,
3110 623 3213 680 cui

580 714 743 771 mina
774 712 903 788 ejus
942 731 1112 789 saepe
1155 713 1512 789 prodierunt
1527 709 1603 795 ²):
1651 715 1862 773 consti·
1919 712 2292 789 exploratum
2324 730 2444 772 non
2477 712 2576 781 sit,
2622 711 2778 770 nihil
2809 711 2920 770 hoc
2951 713 3102 771 libro
3136 711 3220 770 ad

580 804 823 860 tationes
852 804 914 861 et
933 803 1200 876 epistolae
1220 820 1458 877 sparsae
1475 801 1865 878 reperiuntur
1911 803 2012 877 jus
2046 802 2388 860 canonicum
2433 820 2502 860 ex
2549 800 2676 860 suis
2721 800 2998 877 genuinis
3043 800 3214 876 prin·
3251 813 3265 822 ·

579 891 642 949 in
673 890 940 950 Bullario
979 890 1229 966 aliisque
1275 891 1743 951 collectionibus
1783 925 1854 934 —
1919 891 2089 967 cipiis
2104 889 2499 950 hauriendum
2514 889 3035 959 accommodatiuS,
3053 889 3213 948 nihil

579 979 888 1037 Urbanum
944 978 1176 1056 excepit
1224 980 1252 1037 1
1268 999 1307 1038 n
1323 999 1364 1039 n
1381 999 1414 1039 o
1431 998 1460 1038 c
1476 999 1508 1038 e
1523 999 1564 1038 n
1584 981 1699 1039 tiu
1716 999 1743 1039 s
1793 980 1862 1039 X.
1918 979 1991 1038 ad
2008 979 2327 1055 perfectam
2342 978 2734 1038 decretalium
2749 977 3220 1055 intelligentiam

579 1069 800 1127 electus
855 1077 949 1131 15.
985 1069 1144 1145 Sept.
1188 1078 1351 1132 1644
1401 1087 1588 1129 annos
1637 1069 1862 1129 habens
1919 1068 2328 1140 desideratiuS,
2362 1068 2515 1127 nihil
2546 1067 2619 1126 ad
2653 1066 2904 1127 solidam
2926 1068 3083 1143 juris
3115 1086 3213 1126 ec·

570 1158 699 1234 jam
752 1166 852 1220 72.
912 1158 1130 1216 Romae
1186 1160 1367 1218 natus
1412 1161 1506 1217 est
1548 1158 1863 1233 dictusque
1919 1157 2229 1217 clesiastici
2263 1159 2514 1234 ejusque
2551 1156 3038 1216 vicissitudinum
3069 1175 3208 1233 cog-

577 1248 751 1305 antea
799 1246 1058 1306 «Ioannes
1101 1247 1371 1322 Baptista
1419 1247 1665 1306 Pamfili.
1726 1248 1862 1323 Ipse
1917 1246 2204 1305 uitionem
2226 1246 2460 1322 plenius
2479 1249 2584 1304 aut
2597 1245 2841 1305 uberius
2860 1264 2987 1305 esse
3007 1248 3214 1321 posse?

578 1334 883 1394 damnavit
918 1343 1018 1397 31.
1051 1335 1185 1412 Maj.
1213 1345 1377 1399 1653
1413 1337 1665 1395 famosas
1686 1337 1862 1411 quin·
1917 1335 2172 1394 Exhibet
2203 1336 2503 1395 enimvero
2525 1334 3107 1409 praestantissimum
3133 1334 3207 1392 il-

577 1443 693 1499 que
724 1422 995 1483 Jansenii
1025 1425 1461 1501 propositiones
1494 1444 1562 1483 ex
1593 1425 1861 1501 ejusdem
1916 1424 2022 1482 lud
2053 1442 2202 1500 opus
2234 1424 2299 1483 in
2329 1423 2674 1499 compendio
2707 1423 2781 1481 ad
2800 1424 3071 1499 quemvis
3104 1423 3210 1481 de·

577 1531 750 1589 opere
769 1513 1148 1589 Augustinus
1168 1517 1498 1591 excerptas;
1532 1516 1594 1572 et
1612 1513 1859 1590 figmen·
1916 1512 2228 1572 cretalium
2258 1513 2510 1573 titulum
2530 1513 2986 1572 ecclesiasticam
3017 1511 3219 1571 omnis

575 1604 709 1660 tum
728 1601 1021 1660 Ecclesiae
1051 1602 1313 1679 bicipitis
1346 1621 1450 1662 seu
1480 1603 1860 1678 aequalitatis
1915 1603 2043 1661 aevi
2086 1601 2478 1678 disciplinam,
2531 1604 2593 1660 et
2637 1602 2781 1660 dum
2827 1601 2999 1660 nobis
3045 1602 3209 1670 illae,

576 1708 653 1751 ss.
685 1690 846 1748 Petri
878 1692 940 1749 et
969 1691 1173 1763 Pauli;
1214 1691 1341 1766 ipse
1371 1694 1739 1767 protestatus
1770 1695 1862 1751 est
1915 1708 2064 1767 quos
2113 1689 2304 1752 fidelis
2353 1692 2613 1767 populus
2674 1690 2886 1766 quovis
2936 1694 3208 1765 tempore

575 1782 781 1837 contra
801 1797 1005 1854 pacem
1023 1778 1240 1838 dictam
1261 1780 1720 1857 westphalicam,
1742 1800 1861 1857 qua
1914 1798 2053 1855 prae
2104 1797 2167 1838 se
2212 1780 2358 1838 tulit
2407 1798 2616 1850 mores,
2668 1780 2950 1851 ostendit,
2998 1779 3210 1854 limpi-

575 1866 810 1926 demum
855 1866 1091 1926 finitum
1136 1867 1255 1927 fuit
1298 1869 1521 1928 bellum
1560 1879 1638 1933 30
1673 1888 1857 1928 anno·
1915 1868 2183 1927 dissimos
2216 1869 2396 1928 simul
2429 1869 2743 1929 universae
2781 1867 3211 1943 jurispruden-

573 1975 738 2015 rum:
787 1957 1286 2031 complectebatur
1328 1958 1486 2017 enim
1528 1958 1729 2034 plures
1764 1978 1858 2017 ar·
1913 1957 2033 2017 tiae
2065 1958 2494 2016 ecclesiasticae
2538 1958 2730 2016 fontes
2762 1956 3017 2016 recludit
3048 1958 3159 2014 ete.
3176 1963 3206 1994 ‘

574 2045 790 2105 ticulos
813 2045 1057 2121 juribus
1087 2045 1379 2106 Ecclesiae
1415 2048 1589 2122 plane
1622 2051 1856 2106 contra·
1923 2080 1993 2089 —
2029 2046 2686 2106 FranciscusFlorens
2715 2041 3010 2127 (Florent)
3044 2045 3210 2121 apud

573 2133 693 2193 rios
713 2135 1129 2210 sanciebatque
1157 2136 1415 2211 injustas
1435 2136 1729 2196 bonorum
1761 2154 1857 2196 ec·
1913 2136 2205 2193 Arnaeum
2237 2135 2436 2206 Ducis,
2488 2136 2650 2211 quod
2678 2134 3064 2212 Burgundiae
3095 2153 3208 2210 op-

572 2222 1040 2283 clesiasticorum
1081 2224 1469 2300 spoliationes
1482 2220 1552 2306 ²).
1601 2224 1766 2284 Obiit
1800 2234 1857 2287 7.
1911 2222 2121 2300 pidum
2152 2227 2262 2294 est,
2296 2224 2407 2283 sub
2432 2224 2657 2283 exitum
2691 2241 2804 2283 sec.
2825 2223 2974 2283 XVI.
3005 2225 3208 2292 natus,

572 2310 612 2369 J
615 2330 706 2373 an.
748 2320 930 2375 1655.
981 2314 1187 2371 Bullac
1217 2314 1348 2388 ejus
1379 2314 1761 2388 reperiuntur
1793 2313 1858 2372 in
1913 2312 2353 2390 condiscipulus
2424 2316 2555 2372 erat
2617 2312 2778 2371 Petri
2852 2312 2925 2370 de
2988 2313 3204 2383 Mai-ca,

571 2399 836 2460 Bullario
866 2420 1084 2477 magno
1115 2400 1204 2460 ed.
1236 2405 1393 2460 taur.
1413 2402 1532 2473 XV,
1571 2410 1693 2467 329
1719 2421 1791 2467 ss,
1911 2401 2113 2460 Franc.
2145 2401 2450 2477 Bosqueti‚
2485 2400 2704 2461 Cironii
2733 2404 2842 2460 etc.
2890 2401 3211 2459 Absolutis

1904 2490 2420 2566 jurisprudentiae
2451 2490 2690 2561 studiis,
2737 2490 2803 2548 in
2834 2490 3058 2565 quibus
3090 2489 3206 2548 Jo-

665 2588 809 2642 507.
843 2577 1031 2648 Quam
1050 2579 1296 2654 plurimi
1313 2582 1472 2650 sunt,
1508 2580 1613 2655 qui
1632 2580 1856 2656 dejure
1913 2596 2127 2639 annem
2173 2599 2208 2638 a
2245 2578 2422 2640 Costa
2467 2574 2551 2662 (p.
2587 2574 2739 2661 866)
2787 2578 3039 2649 audivit,
3088 2577 3204 2637 ali-

572 2666 853 2725 canonico
887 2662 1315 2749 scripserint3),
1348 2686 1416 2727 ac
1445 2669 1507 2727 in
1529 2669 1735 2745 primis
1766 2669 1856 2727 illi
1912 2672 2061 2744 quot
2104 2668 2278 2728 annis
2323 2687 2531 2729 causas
2581 2668 2706 2746 egit
2752 2669 2818 2727 in
2865 2668 3203 2727 divionensi

570 2754 889 2824 indicandi,
941 2756 1045 2830 qui
1070 2756 1227 2832 juris
1258 2757 1525 2817 canonici
1554 2758 1748 2817 fontes
1781 2757 1855 2816 il·
1910 2757 2092 2830 curia,
2115 2756 2254 2816 inde
2273 2758 2348 2816 ad
2366 2757 2704 2817 cathedram
2724 2757 3206 2817 aurelianensem

571 2843 909 2902 lustrarint.
941 2844 1073 2904 Huc
1103 2863 1135 2903 e
1173 2845 1361 2905 Gallis
1392 2848 1661 2922 spectant
1678 2847 1855 2907 Inno·
1910 2849 2217 2923 promotus
2247 2866 2297 2904 a.
2325 2855 2488 2909 1632
2526 2865 2593 2905 ac
2623 2849 2760 2921 post
2791 2866 2840 2905 a.
2877 2855 2950 2909 12
2987 2845 3061 2903 ad
3094 2866 3210 2921 pa-

574 2931 804 2990 centius
865 2932 905 2990 C
923 2932 945 2989 i
963 2953 995 2991 r
1015 2952 1049 2992 o
1067 2951 1109 2992 n
1128 2935 1152 2992 i
1170 2955 1212 2993 u
1233 2953 1261 2994 s
1314 2934 1471 3011 juris
1533 2936 1855 3011 utriusque
1909 2935 2217 2994 risiensem
2261 2936 2520 2994 scholam
2550 2939 2829 2995 evocatus
2874 2937 2968 2994 est
3001 2930 3062 3016 (†
3099 2944 3205 2998 29.

572 3019 882 3096 professor,
929 3023 1242 3082 canonicus
1276 3027 1456 3100 atque
1487 3024 1763 3084 ecclesiae
1794 3028 1856 3084 et
1911 3023 2036 3083 Oct.
2064 3018 2278 3104 1650).
2311 3025 2546 3100 Doujat‚
2580 3024 2686 3099 qui
2717 3024 2780 3082 in
2812 3025 2941 3100 ejus
2964 3041 3207 3082 succes-

571 3108 901 3169 academiae
944 3112 1247 3171 tolosanae
1292 3113 1699 3184 cancellariae,
1747 3114 1853 3189 qui
1909 3112 1989 3171 sit
2038 3112 2408 3183 cathedram,
2472 3113 2858 3173 antecessoris
2909 3130 3088 3188 opera
3137 3113 3210 3170 in

570 3199 832 3276 quintam
863 3202 1163 3277 antiquam
1182 3202 1634 3276 compilationem
1663 3203 1853 3260 decre·
1909 3220 2098 3260 unum
2132 3202 2375 3278 collegit
2405 3201 2649 3261 Parisiis
2674 3210 2839 3265 1679
2874 3206 2917 3262 t.
2954 3210 3011 3270 2,
3046 3219 3206 3275 quo·

569 3289 773 3346 talium
805 3285 1057 3347 Honorii
1087 3288 1205 3347 III.
1253 3308 1321 3347 ex
1367 3309 1504 3349 mss.
1556 3290 1680 3349 cod.
1727 3290 1852 3367 pri·
1909 3309 2046 3348 rum
2094 3291 2258 3366 prior
2312 3294 2548 3366 praeter
2595 3290 2710 3348 alia
2770 3289 3208 3367 praefationem

569 3395 733 3434 mum
766 3377 953 3436 edidit
998 3396 1133 3436 cum
1163 3379 1353 3448 notis;
1405 3379 1637 3437 addidit
1666 3399 1852 3454 para·
1910 3379 2327 3456 complectitur
2358 3380 2428 3438 de
2448 3377 2726 3439 methodo
2759 3382 2821 3438 et
2840 3378 3206 3438 auctoritate

566 3461 757 3547 titla4)
789 3468 852 3523 in
884 3470 922 3524 5
954 3467 1011 3529 lc.
1042 3468 1409 3527 decretalium
1430 3468 1698 3544 Greyorii
1716 3467 1850 3545 IX,
1909 3465 2173 3526 Gratiani
2237 3471 2300 3527 et
2361 3469 2614 3527 aliarum
2688 3467 3202 3545 compilationum,

569 3557 630 3613 et
660 3553 1117 3615 observationum
1138 3559 1201 3615 in
1228 3557 1323 3629 jus
1341 3559 1681 3617 canonicum
1712 3557 1768 3621 ll.
1791 3560 1849 3634 5,
1907 3559 2201 3616 tractatus
2235 3567 2270 3618 9
2293 3556 2366 3614 ad
2398 3557 2648 3617 totidem
2671 3556 2898 3632 priores
2930 3556 2967 3614 1.
3010 3567 3060 3618 1.
3093 3554 3203 3613 de-

568 3642 811 3702 Tolosae
850 3654 1014 3708 1645
1050 3645 1115 3703 in
1145 3645 1203 3717 f.‚
1237 3665 1388 3721 quae
1407 3646 1852 3705 observationes
1909 3645 2223 3705 cretalium
2256 3645 2487 3717 titulos,
2534 3648 2608 3704 tr.
2640 3646 2715 3704 ad
2745 3647 2844 3714 tit.
2879 3645 2950 3703 de
2982 3644 3110 3703 vita
3139 3649 3208 3702 et

569 3731 867 3806 quondam
886 3734 1091 3809 magni
1120 3734 1358 3806 fiebant,
1392 3738 1452 3793 et
1472 3735 1691 3793 iterum
1715 3752 1851 3811 pro·
1910 3734 2216 3794 honestate
2249 3734 2615 3805 clericorum,
2668 3733 3095 3810 praefationem
3128 3732 3214 3791 de

566 3818 810 3878 dierunt
841 3839 982 3879 cura
1010 3821 1048 3879 J
1052 3840 1181 3880 oan.
1215 3823 1324 3881 Sal.
1357 3823 1852 3899 Brunnquell
1908 3822 2452 3898 dispensationibus
2472 3821 2906 3892 ecclesiasticis,
2942 3822 3094 3898 disp.
3127 3821 3206 3880 de

568 3906 753 3964 Jenae
809 3918 970 3968 1726
1018 3909 1082 3967 in
1129 3920 1185 3972 4.
1237 3911 1444 3970 Omnia
1487 3912 1629 3969 haec
1674 3912 1854 3970 simul
1907 3910 2139 3988 nuptiis
2188 3912 2705 3982 consobrinorum;
2768 3911 2956 3970 altero
3007 3910 3208 3969 conti·

568 3991 922 4067 prodierunt
941 4014 1081 4054 cura
1099 3998 1156 4060 J.
1178 4001 1247 4056 A.
1269 3999 1341 4056 de
1358 3998 1407 4055 R
1423 3999 1442 4055 i
1459 4016 1489 4056 e
1505 4018 1545 4074 g
1559 4019 1599 4075 g
1613 4017 1644 4056 e
1659 4019 1691 4057 r
1709 3999 1854 4058 Vin·
1907 4003 2129 4059 nentur
2174 4003 2470 4060 tractatus
2516 4001 2590 4059 ad
2636 4001 2833 4059 varias
2881 4017 3089 4059 causas
3136 4002 3212 4057 et

570 4079 835 4141 dobonae
864 4092 1023 4146 1761
1066 4085 1128 4142 in
1148 4085 1204 4154 f.‚
1240 4086 1345 4161 qui
1377 4085 1439 4143 in
1461 4086 1639 4162 huJ'us
1660 4089 1853 4164 operis
1908 4089 2118 4148 titulos
2149 4089 2399 4161 Decreti,
2445 4093 2621 4148 notae
2652 4094 2714 4148 et
2755 4088 3206 4148 observationes

1908 4178 1973 4236 in
2003 4178 2164 4239 Alex.
2188 4176 2608 4237 Chassanei
2632 4173 2715 4259 (p.
2742 4172 2893 4258 578)
2915 4176 3208 4253 paratitla.

648 4309 683 4376 ι)
711 4306 977 4362 caremus
1003 4306 1190 4362 adhuc
1229 4312 1487 4364 accurata
1517 4311 1639 4364 vita
1677 4312 1852 4381 hujus
1909 4266 2294 4325 decretalium
2309 4270 2418 4325 etc.
2437 4267 2669 4325 Iterum
2683 4265 3033 4342 prodierunt
3052 4282 3218 4323 cura.

565 4378 881 4447 pontificis,
926 4396 1096 4448 quare
1138 4381 1469 4434 consulendi
1502 4387 1639 4436 sunt
1678 4382 1745 4436 de
1786 4400 1852 4437 eo
1907 4355 2037 4431 18¹¹·
2069 4355 2197 4415 Chr·
2230 4354 2518 4414 Lorbes
2549 4376 2583 4414 ⁸
2614 4355 2933 4414 smerehen
2958 4353 3212 4413 ΝΟΜ·
3243 4385 3253 4392 “

566 4449 799 4503 historio
841 4450 1005 4520 raphi
1028 4449 1185 4505 illius
1212 4453 1498 4521 temporis.
1907 4443 2122 4520 bergae
2181 4451 2343 4506 1756
2397 4446 2441 4506 t.
2496 4452 2529 4504 2
2580 4444 2643 4503 in
2694 4453 2749 4505 4.
2805 4477 2885 4486 —
2937 4442 3215 4502 Joannes

643 4527 682 4585 ²)
712 4520 795 4575 Cf·
866 4522 1081 4576 ¹5⁸0th
1107 4521 1217 4580 ΚΕ.
1248 4523 1342 4590 Ἦ,
1372 4527 1635 4581 751-53·
1908 4532 2174 4591 Dartis
2207 4531 2454 4591 Corduci
2479 4537 2659 4591 natus
2692 4553 2742 4592 a.
2781 4541 2967 4603 1572,
3017 4550 3212 4590 cano-

565 4591 908 4718 deazksslcfizeq
942 4610 1185 4675 repone?
1213 4596 1384 4676 etnim
1422 4599 1576 4676 uffoer
1600 4612 1709 4678 903’
1752 4613 1850 4665 qm
1907 4640 2050 4679 num
2077 4621 2372 4697 interpres
2393 4622 2457 4679 in
2476 4621 2864 4680 universitate
2883 4620 3215 4697 parisiensi

856 4681 950 4732 gra
976 4665 1176 4719 morah
1215 4670 1559 4735 scripserint,
1604 4667 1849 4735 ideoque

566 4732 716 4785 infra
739 4751 795 4801 p.
824 4739 961 4792 1185
982 4753 1051 4788 ss.
1077 4738 1533 4792 recensebuntur.
1908 4705 1968 4790 (†
2005 4719 2104 4771 21.
2137 4712 2278 4785 Apr.
2319 4719 2439 4772 165
2457 4721 2484 4772 1
2536 4703 3001 4790 octogenarius),
3051 4709 3215 4766 scri-

642 4807 684 4870 ⁴)
711 4803 793 4854 Cf.
818 4804 1033 4873 DouJat
1058 4806 1123 4872 V,
1158 4811 1208 4863 9.
1574 4868 1578 4871 Α
1906 4797 2029 4872 psit
2073 4802 2508 4858 commentarios
2556 4802 2614 4857 ἰη
2665 4799 2946 4857 Gratiani
2995 4798 3220 4855 decre-
