3625 5193
612 270 775 323 1035
850 255 1226 309 1641—1663.
1253 251 1594 319 Interpretes
1622 267 1663 303 s.
1694 250 2034 319 Scripturae.
2064 248 2289 313 Marius,
2331 247 2643 314 Tollenaer,
2676 248 2993 309 Bonartius,
3076 269 3244 321 1035

602 437 816 513 gioniS,
848 436 1032 506 urbis,
1065 436 1283 511 oppidi,
1336 436 1612 508 fluminis,
1645 435 1884 505 montiS,
1942 435 2052 493 mis
2083 435 2389 504 excellenS,
2436 434 2655 509 quibus
2692 434 3032 512 linguarum
3065 455 3241 512 grae-

603 527 782 595 lacus‚
816 525 1053 595 deserti,
1074 524 1246 583 vallis
1265 528 1392 594 etc,
1428 526 1675 584 cuilibet
1700 526 1885 582 inter·

601 615 756 690 preti
789 633 864 672 ss.
898 615 1204 672 literarum
1250 615 1425 689 plane
1463 614 1883 683 necessarium,

600 720 708 762 nec
738 703 907 761 facile
938 703 1545 778 praetermittendum.
1581 704 1725 761 Cum
1745 720 1884 760 vero

599 791 894 850 Eusebius
926 795 1225 850 recenseat
1241 792 1481 849 nomina
1511 792 1754 849 urbium
1774 795 1883 850 etc.

601 880 805 939 ordine
836 880 1205 955 alphabetico
1246 880 1569 939 secundum
1616 880 1884 938 ordinem

599 970 889 1028 librorum
922 987 967 1027 8.
1001 969 1340 1045 Scripturas
1372 987 1627 1045 sequens
1660 969 1882 1027 versio-

597 1076 735 1115 nem
767 1058 1236 1116 alexandrinam:
1271 1058 1623 1117 Bonfrerius
1645 1057 1886 1116 nomina

598 1151 778 1221 prout
808 1147 872 1204 in
903 1147 1150 1223 vulgata
1180 1148 1472 1223 leguntur
1491 1148 1602 1206 sub
1636 1165 1755 1205 uno
1787 1165 1881 1204 or-

599 1235 736 1294 dine
767 1235 1136 1310 alphabetico
1168 1236 1448 1311 disponit,
1500 1254 1618 1311 quo
1650 1235 1881 1293 facilius

599 1325 973 1399 reperiantur
986 1321 1050 1403 l).
1099 1325 1268 1382 Libri
1299 1324 1515 1401 Requm
1556 1331 1607 1382 et
1647 1325 1880 1382 Parali-

587 1430 873 1485 pomenon
888 1416 1293 1472 commentario
1307 1414 1584 1471 illustrati
1600 1414 1880 1471 miseran·

598 1501 672 1558 do
704 1501 973 1559 incendio
994 1502 1416 1577 typographiae
1437 1502 1686 1560 Tornaci
1717 1511 1879 1563 1643

597 1590 659 1646 in
700 1590 737 1646 f.
785 1590 1109 1665 perierunt,
1157 1590 1298 1648 adeo
1346 1594 1415 1649 ut
1458 1591 1695 1648 nullum
1741 1590 1880 1648 reli-

598 1697 782 1753 quum
845 1679 924 1736 sit
985 1678 1164 1754 hujus
1225 1678 1502 1737 editionis
1565 1680 1880 1753 exemplar.

597 1767 1026 1825 commentaria
1056 1768 1120 1825 in
1153 1767 1440 1842 plurimos
1473 1768 1623 1826 alios
1656 1786 1699 1826 s,
1726 1768 1881 1825 Scri·

597 1862 807 1930 pturae
840 1856 896 1913 ll.
935 1858 1125 1913 morte
1170 1856 1603 1915 interveniente
1649 1875 1880 1915 manse-

597 1946 743 2002 runt
774 1944 1132 2018 imperfecta.
1179 1946 1261 2003 De
1292 1945 1691 2004 controversia
1729 1947 1883 2004 circa

596 2033 723 2108 ejus
769 2033 1125 2091 sententiam
1172 2033 1244 2092 de
1292 2053 1336 2092 s.
1370 2035 1718 2110 Scripturas
1765 2034 1881 2092 ori-

594 2121 731 2199 gine
763 2122 831 2181 cf.
865 2122 1166 2200 Kleutgen
1190 2124 1253 2181 in
1272 2123 1413 2182 diss.
1445 2124 1517 2182 de
1550 2123 1751 2181 divina
1781 2123 1879 2181 in-

595 2211 917 2286 spiratione
948 2210 1013 2268 in
1059 2212 1310 2289 append.
1350 2231 1441 2287 op.
1476 2211 1882 2270 Schneemann

596 2300 864 2359 Controv.
897 2300 971 2357 de
1002 2300 1118 2360 div.
1168 2321 1254 2378 gr.
1303 2301 1596 2376 liberique
1645 2300 1881 2359 arbitrii

594 2389 919 2459 concordia,
953 2388 1232 2466 Friburgi
1273 2400 1456 2453 1891.
1599 2406 1602 2407 ’

687 2576 831 2629 440.
863 2564 1427 2648 Commentarium2)
1459 2567 1523 2625 in
1543 2567 1882 2626 universam

595 2656 957 2730 Scripturam
1019 2656 1342 2714 meditatus
1404 2660 1496 2715 est
1541 2656 1878 2714 Leonardus

595 2744 917 2812 MariuS,
968 2744 1186 2819 prodiit
1229 2748 1430 2803 tamen
1472 2748 1713 2803 tantum
1744 2748 1786 2806 t.
1831 2757 1878 2807 1.

596 2832 992 2906 complectens
1054 2832 1491 2891 Pentateuchum
1509 2878 1521 2902 ,
1605 2834 1880 2892 Coloniae

604 2930 805 2989 1621,
858 2921 1083 2979 relictis
1135 2921 1248 2980 vol.
1303 2931 1382 2983 20
1436 2941 1570 2983 mss.
1622 2923 1769 2981 Erat
1816 2923 1878 2980 L.

595 3009 816 3067 Marius
849 3009 1166 3079 GoesanuS,
1203 3009 1507 3082 Zelandus,
1551 3012 1645 3069 vir
1675 3029 1878 3070 recon-

594 3096 721 3155 dita
752 3097 816 3155 in
860 3098 1078 3157 divinis
1126 3099 1388 3169 scientia,
1436 3100 1779 3176 eloquentia
1815 3117 1882 3158 ac

593 3187 853 3246 melioris
901 3188 1245 3247 literaturae
1278 3190 1617 3265 cognitione
1663 3189 1727 3246 in
1757 3189 1878 3263 pri·

671 3380 706 3446 ¹)
735 3377 815 3431 Cf.
846 3375 1188 3430 Clericum
1213 3376 1276 3428 in
1296 3376 1696 3443 Bibliotheque
1733 3376 1880 3428 choi-

592 3446 669 3500 sie
697 3464 746 3500 a.
775 3452 912 3505 1707
940 3450 981 3501 t.
1011 3453 1077 3505 13
1103 3465 1156 3516 p.
1186 3452 1236 3512 1,
1284 3447 1380 3501 ubi
1420 3448 1658 3501 summis
1699 3447 1880 3501 laudi·

589 3518 696 3572 bus
722 3518 1098 3584 Bonfrerium,
1127 3535 1296 3587 quein
1330 3537 1510 3573 unum
1536 3536 1566 3572 e
1593 3521 1880 3588 praestan·

589 3589 827 3644 tioribus
865 3591 1268 3660 interpretibus
1308 3590 1600 3645 catholicis
1634 3591 1694 3643 in
1722 3590 1786 3644 V.
1817 3590 1878 3647 Τ.

590 3659 743 3725 dicit,
772 3664 830 3716 ct
848 3664 971 3730 ejus
999 3679 1143 3730 opus
1174 3663 1408 3715 extollit.
1437 3661 1747 3729 Postquam
1774 3661 1879 3715 hoc

590 3747 730 3855 31⁰3.ss
757 3731 1880 3858 &3335ss352039;}13’.32⁸{5.}ffi}2ss

589 3874 734 3925 cette
761 3872 1117 3942 Geographie
1158 3889 1293 3927 avec
1319 3877 1446 3928 tant
1484 3875 1551 3928 de
1586 3875 1781 3944 peines
1822 3877 1881 3929 et

590 3941 658 3994 de
687 3942 855 4006 soins,
896 3944 1043 4011 qu'a
1069 3945 1198 3998 tout
1238 3947 1494 4013 prendre.
1543 3962 1615 4000 on
1643 3963 1712 3999 ne
1738 3949 1878 4015 peut

589 4011 710 4064 rien
728 4015 954 4066 trouver
974 4014 1043 4067 de
1064 4014 1334 4082 meilleur,
1353 4020 1411 4070 et
1431 4019 1528 4085 qu'
1544 4033 1618 4071 on
1645 4019 1702 4068 n’
1718 4018 1875 4085 aj0u·

589 4085 712 4135 tera
739 4085 918 4137 meme
965 4085 1272 4141 desormais
1314 4105 1422 4156 que
1469 4104 1580 4157 peu
1611 4088 1680 4141 de
1707 4089 1874 4142 chose

590 4156 624 4206 a
648 4169 749 4207 son
776 4156 1030 4210 travail.“
1077 4156 1179 4212 Per
1205 4175 1261 4212 se
1296 4158 1482 4227 liquet
1509 4159 1648 4211 haec
1687 4158 1874 4228 elogia

589 4225 783 4279 referri
805 4227 876 4281 ad
899 4229 1139 4298 tempus,
1164 4246 1273 4297 quo
1291 4229 1618 4282 Bonfrerius
1635 4229 1873 4298 scripsit.

587 4297 775 4378 Lapsu
812 4299 963 4352 enim
1000 4300 1269 4369 temporis
1296 4299 1504 4354 Critica
1543 4305 1605 4353 et
1631 4299 1873 4371 Geogra·

589 4368 726 4435 phia
750 4369 960 4424 biblica.
985 4372 1294 4440 plurimum
1322 4371 1576 4438 profecit.

660 4446 702 4509 ²)
734 4439 930 4494 Petrus
957 4442 1214 4496 Eulard
1242 4442 1297 4497 S.
1319 4442 1368 4496 J.
1405 4441 1654 4506 Flander‚
1680 4444 1871 4497 Arien-

588 4508 662 4561 sis
689 4521 761 4574 (n.
793 4516 876 4567 11.
898 4513 1057 4569 Febr.
1085 4518 1250 4584 1564;
1278 4523 1305 4576 †
1324 4518 1408 4569 24.
1434 4512 1554 4569 Oct.
1583 4518 1742 4585 1636)
1763 4514 1872 4568 ool·

1943 542 2045 583 cae
2065 528 2125 582 et
2145 524 2450 583 hebraicae
2484 542 2605 582 non
2626 525 2933 600 vulgarem
2959 525 3239 583 notitiam

1943 613 2175 688 adjecit.
2209 614 2279 671 In
2298 613 2692 671 universitate
2723 613 3048 672 coloniensi
3074 614 3245 673 theo·

1942 702 2132 779 logiae
2163 702 2367 760 doctor
2410 702 2798 761 renunciatus
2844 706 2939 760 est
2979 714 3076 764 17.
3110 702 3241 761 Oct.

1948 801 2136 860 1617,
2171 791 2234 848 in
2267 809 2384 865 qua
2416 790 2553 849 dein
2585 782 2953 867 theologiam
2971 795 3068 849 est
3100 811 3239 866 pro-

1942 881 2152 949 fessuS,
2186 899 2323 938 nam
2354 883 2529 938 antea
2559 882 2624 938 in
2650 880 2959 955 gymnasio
2996 881 3241 939 lauren-

1942 968 2103 1026 tiano
2136 970 2341 1027 literas
2373 968 2639 1026 tradidit.
2692 968 2959 1027 Praefuit
2991 989 3237 1044 quoque

1943 1057 2358 1115 florentissimo
2380 1057 2710 1116 hollandico
2732 1057 2981 1134 collegio
3002 1058 3242 1118 39..Ψύ-

1943 1146 2190 1205 librordi
2222 1150 2285 1204 et
2318 1145 2604 1204 Bonifacii
2652 1148 2712 1203 et
2745 1147 3066 1221 parochum
3115 1148 3240 1223 egit

1944 1234 2018 1292 ad
2068 1254 2112 1296 s.
2155 1235 2558 1293 Laurentium.
2623 1234 2827 1293 Redux
2873 1236 2937 1293 in
2983 1236 3238 1310 patriam

1938 1324 2133 1382 factus
2164 1330 2254 1383 est
2285 1323 2574 1398 parochus
2606 1324 2667 1381 in
2700 1324 2847 1382 urbe
2878 1324 3235 1383 amsteloda-

1938 1413 2147 1481 mensi‚
2197 1412 2584 1470 harlemensis
2629 1413 2903 1471 ecclesiae
2950 1413 3239 1471 archidia—

1940 1519 2140 1570 conus,
2192 1500 2583 1577 praepositus,
2636 1501 2913 1563 decanus,
2973 1502 3231 1561 vicarius

1939 1589 2175 1647 demum
2200 1589 2490 1667 generalis
2509 1588 2572 1670 (†
2597 1598 2689 1654 18.
2714 1590 2837 1649 Oct.
2865 1599 3029 1653 1652
3056 1612 3106 1652 a.
3134 1610 3233 1650 ae—

1940 1679 2083 1737 tatis
2118 1674 2241 1759 64).
2290 1678 2527 1737 Dictum
2570 1678 2859 1737 familiare
2907 1681 3039 1754 ejus
3072 1685 3231 1739 erat:

1940 1767 2217 1835 ,Fortiter
2238 1767 2339 1825 sed
2370 1768 2641 1836 suaviter
2660 1763 2742 1844 ¹).‘
2777 1768 3029 1844 Scripsit
3060 1788 3239 1843 prae-

1939 1860 2100 1914 terea
2132 1857 2308 1931 plura
2353 1857 2642 1930 opuscula
2686 1856 2759 1914 ad
2800 1858 3236 1916 controversias

1938 1944 2074 2003 fidei
2106 1946 2443 2019 spectantia
2491 1945 2704 2020 lingua
2747 1947 3081 2013 vernacula,
3132 1947 3237 2006 sed

1940 2034 2131 2092 alieno
2162 2034 2419 2103 nomine,
2472 2040 2532 2091 et
2578 2036 2950 2092 assertionem
2990 2035 3230 2092 catholi-

1937 2142 2063 2180 cam
2095 2123 2455 2180 hierarchiae
2474 2124 2900 2198 ecclesiasticae,
2939 2125 2999 2181 in
3033 2143 3152 2198 qua
3172 2125 3232 2184 b.

1938 2211 2100 2269 Petri
2132 2214 2193 2268 et
2223 2230 2497 2270 romanae
2530 2211 2687 2270 sedis
2708 2212 3003 2288 primatus
3027 2216 3236 2271 eontra

1941 2300 2233 2359 haeresim
2265 2303 2326 2357 et
2359 2300 2611 2358 schisma
2647 2302 2717 2358 M.
2753 2303 2820 2359 A.
2859 2302 2931 2360 de
2964 2302 3233 2360 Dominis

1941 2388 2297 2459 defenditur,
2334 2389 2609 2447 Coloniae
2640 2398 2802 2450 1619
2839 2390 2902 2448 in
2938 2400 3012 2457 8.,
3048 2390 3235 2448 etiam

1938 2477 2003 2534 in
2033 2479 2182 2536 Roc
2203 2477 2504 2535 caberti
2556 2477 2916 2537 bibliotheca
2948 2478 3067 2547 XV,
3113 2489 3233 2542 190

1939 2576 2108 2629 —26
2122 2576 2173 2628 5.
2211 2601 2290 2610 ——-
2328 2566 2630 2641 Speculum
2661 2562 2937 2626 vanitatis
2970 2568 3094 2626 sive
3116 2568 3232 2627 Ec-

1936 2657 2227 2714 clesiasten
2259 2656 2609 2714 elucidatum
2642 2657 2782 2715 stilo
2806 2657 3107 2716 elaborato
3134 2676 3231 2715 so-

1936 2746 2097 2803 lutae
2133 2745 2466 2821 ligataeque
2497 2745 2800 2816 orationis,
2852 2747 3229 2822 paraphrasi-

1936 2834 2050 2891 bus
2083 2838 2143 2892 et
2174 2834 2497 2892 moralibus
2529 2852 2595 2892 ac
2626 2834 2743 2909 piis
2777 2835 3233 2893 excursionibus

1938 2918 2160 3002 (Antw.
2185 2930 2345 2984 1635
2366 2945 2379 2992 3
2401 2922 2675 2998 Dilingae
2704 2931 2866 2986 1698
2895 2924 2958 2981 in
2982 2919 3065 3002 4.)
3087 2925 3231 2983 reli-

1936 3011 2071 3085 quit
2100 3011 2362 3069 Joannes
2410 3011 2828 3070 Tollenaer
2860 3014 2915 3070 S.
2948 3012 3023 3081 J„
3074 3014 3227 3071 Bru-

1936 3100 2151 3176 gensis,
2186 3100 2279 3158 vir
2310 3100 2617 3174 piissimus
2666 3101 2999 3176 salutisque
3032 3102 3227 3176 proxi-

1935 3207 2166 3246 morum
2187 3188 2634 3247 sitientissimus
2650 3186 2711 3270 (†
2730 3201 2753 3251 1
2775 3200 2825 3251 1.
2848 3192 2984 3265 Apr.
3015 3201 3031 3249 1
3053 3187 3226 3269 643).

1947 3311 2013 3319 —-
2054 3276 2128 3335 In
2148 3278 2625 3352 Ecclesiasticum‚
2650 3279 3029 3353 Antwerpiae
3055 3289 3222 3341 1644

1935 3367 1999 3423 in
2031 3366 2088 3435 f.‚
2123 3369 2182 3424 et
2213 3368 2275 3424 in
2306 3367 2600 3425 Estherem
2630 3369 3115 3426 commentarium
3147 3369 3221 3424 li·

1936 3455 2179 3513 teralem
2214 3458 2273 3513 et
2303 3456 2601 3523 moralem,
2647 3455 2920 3514 Coloniae
2963 3467 3124 3518 1647
3162 3457 3225 3514 in

1937 3543 1991 3612 f.,
2039 3543 2176 3601 stilo
2225 3562 2373 3618 puro
2419 3549 2480 3602 et
2524 3543 2757 3602 erudite
2808 3545 3053 3620 scripsit
3098 3545 3221 3604 Oli·

1936 3632 2136 3690 varius
2182 3632 2608 3690 Bonartius
2656 3628 2970 3713 (Bonaeit,
3038 3634 3224 3692 Grute-

1935 3717 2143 3800 kunst)
2193 3720 2250 3784 S.
2280 3720 2334 3778 J.
2382 3719 2640 3796 Iprensis
2688 3716 2769 3801 (n.
2814 3731 2999 3791 1570,
3047 3720 3083 3789 †
3121 3732 3227 3784 22.

1936 3809 2061 3868 Oct.
2106 3805 2316 3889 1654),
2369 3810 2641 3868 octennio
2692 3810 3033 3886 theologiae
3089 3831 3225 3886 pro·

2011 4022 2045 4081 ¹)
2076 4014 2157 4071 Cf.
2199 4016 2340 4075 Bibl.
2382 4016 2558 4069 colon.
2593 4036 2646 4086 p.
2675 4019 2796 4072 223.
2838 4015 3221 4069 Harlemensis

1932 4086 2193 4142 ecclesiae
2221 4087 2464 4141 decanus
2505 4087 2731 4140 nomine
2758 4086 2936 4141 totius
2977 4087 3218 4156 capituli

1932 4159 2010 4211 sic
2050 4158 2118 4212 de
2162 4158 2340 4212 Mario
2385 4158 2458 4211 ad
2502 4161 2929 4228 procuratorem
2982 4159 3039 4210 in
3080 4159 3223 4212 urbe

1930 4233 2192 4296 agentem
2234 4234 2319 4285 27.
2344 4230 2471 4282 Jun.
2508 4234 2643 4287 1631
2688 4228 2916 4282 scribit:
2963 4230 3058 4290 „ln
3099 4229 3227 4299 ejus

1931 4299 2216 4372 (Sibrandi
2243 4300 2431 4371 Sixtii)
2473 4300 2656 4354 locum
2696 4300 2954 4353 unanimi
2992 4318 3220 4355 consen·

1928 4389 1997 4425 su
2024 4414 2035 4425 .
2065 4412 2076 4424 .
2108 4412 2120 4423 .
2147 4371 2359 4425 electus
2401 4374 2487 4426 est
2525 4371 2765 4425 eximius
2793 4370 2857 4424 D.
2888 4371 2947 4426 L.
2987 4372 3220 4436 Marius,

1930 4443 2016 4496 vir
2042 4442 2302 4496 doctrina
2326 4447 2386 4496 et
2411 4443 2633 4512 scriptis
2661 4442 3059 4497 celeberrimus
3090 4444 3219 4495 Am·

1928 4512 2228 4567 stelodami
2244 4513 2468 4582 degens.
2494 4517 2542 4566 A
2557 4511 2923 4568 concionibus
2945 4513 3220 4568 miraculo

586 4577 727 4649 legit
753 4585 1046 4638 Bibh'orum
1086 4603 1154 4638 ss,
1183 4589 1589 4640 concordantias
1632 4585 1873 4639 morales
1928 4587 2028 4650 est,
2074 4586 2139 4637 ut
2165 4585 2332 4638 multi
2360 4601 2547 4653 neque
2572 4584 2997 4639 infimae·sortis
3023 4584 3094 4637 ad
3120 4582 3219 4637 Ec-

590 4653 647 4701 et
685 4651 994 4716 historicas,
1040 4654 1533 4709 concionatoribus
1572 4657 1632 4708 in
1673 4655 1872 4725 primis
1930 4656 2153 4709 clesiam
2170 4656 2529 4721 reducantur,
2559 4655 2834 4710 ministris
2849 4654 3215 4709 collationem

590 4721 762 4785 atque
817 4721 1093 4776 universis
1136 4741 1178 4776 s.
1226 4725 1550 4792 Scripturae
1603 4725 1873 4779 studiosis
1927 4743 2056 4779 cum
2073 4742 2137 4780 eo
2151 4726 2707 4790 declinantibus‚Deo
2724 4729 3060 4796 cooperante
3074 4729 3211 4780 etc.·‘

594 4787 938 4854 utilissimas,
967 4794 1325 4862 Antwerpiae
1353 4798 1506 4855 1625.

1932 4795 2187 4866 Foppens
2216 4797 2282 4863 11,
2309 4800 2446 4858 817;
2475 4797 2829 4852 Rotermund
2858 4796 2951 4862 IV,
2978 4801 3099 4853 741.
