3625 5193
405 276 571 328 1049
767 258 833 311 de
861 259 1023 322 Muis,
1052 259 1335 325 Auditi-et,
1365 260 1553 325 Gorse,
1581 260 1899 330 Maucorps,
1927 259 2339 329 Phelippeaux,
2371 257 2666 311 Lombard.
2862 278 3026 332 1050

399 444 706 501 scientiae:
752 444 981 502 nullius
1025 446 1156 503 vitii
1203 446 1492 516 conscius,
1542 446 1687 521 quia
1743 451 1938 505 terum
1972 452 2301 506 extremum
2334 448 2395 502 et
2419 446 2681 504 Masorae
2705 445 2874 519 justo
2908 465 3030 503 ma·

398 532 458 589 in
492 533 621 607 ejus
641 533 908 592 moribus
945 552 1146 592 omnes
1169 534 1423 593 virtutes
1461 536 1684 594 emine·
1735 538 1838 611 jus
1859 536 2241 611 privilegium
2260 534 2564 602 tribuisse,
2600 534 2837 592 calcatis
2860 552 3031 593 coeco

396 621 558 680 bant.
583 622 811 680 Prodiit
842 623 971 698 ejus
993 624 1451 682 commentarius
1485 624 1682 683 litera·
1713 626 1967 726 ¹impetu
1984 625 2159 683 Ariae
2176 622 3031 682 Montaniexactit-udinemlib·

396 709 469 768 lis
500 714 561 768 et
591 710 904 769 historicus
929 714 990 769 in
1024 730 1213 770 omnes
1233 711 1491 771 Psalmo-9
1521 721 1571 771 et
1601 732 1682 771 se·
1711 720 1715 815 ἡ
1741 714 2035 773 rariorum
2050 712 2427 789 judaicorum
2451 712 2610 769 ultra
2640 713 2880 770 modum
2900 713 3028 771 lau·

396 800 533 856 lecta
583 798 638 861 1¹.
678 799 738 857 T.
770 801 996 859 cantica
1041 819 1174 859 cum
1217 803 1488 861 versione
1529 819 1683 861 nova
1711 830 1715 921 Ι
1741 803 1940 862 dantis
1973 801 2258 878 vestigiis.
2280 834 2366 844 —
2392 801 2674 859 Hercules
2690 800 3028 859 Audifret

397 906 466 945 ex
498 887 766 956 hebream
817 889 1059 948 Parisiis
1103 900 1262 952 1630
1317 891 1380 948 in
1413 891 1448 948 f.
1501 891 1571 948 In
1615 910 1682 950 eo
1740 890 2323 968 Carpentoractensis
2347 889 2714 964 praepositus
2737 890 3029 966 generalis

394 978 587 1051 primo
620 977 867 1035 latinam
897 997 965 1036 ex
1008 978 1261 1038 hebraeo
1295 980 1616 1038 versionem
1651 999 1682 1038 e
1709 928 1714 1063 ι
1740 980 2212 1057 congregationis
2253 978 2555 1037 doctrinae
2576 978 2932 1037 christianae
2965 974 3028 1060 (†

394 1065 630 1141 regione
680 1067 965 1143 vulgatae
1026 1068 1362 1143 impressam
1412 1069 1679 1130 exhibet:
1749 1064 1939 1144 1659)
1972 1068 2225 1145 reliquit
2271 1068 2567 1140 Quaslions
2595 1070 2941 1140 spir-ituelles
2978 1076 3028 1126 et

394 1160 699 1230 praeterea
731 1156 1060 1215 versionem
1095 1175 1138 1214 s,
1174 1157 1551 1234 Hieronymi;
1589 1134 1679 1215 his
1708 1102 2025 1218 lcurieuses
2055 1177 2160 1216 sur
2191 1159 2269 1216 les
2302 1156 2626 1225 Pseaumes,
2675 1175 2824 1232 opus
2860 1162 3025 1232 post·

394 1243 634 1301 demum
665 1244 930 1302 succedit
979 1247 1465 1305 commentarium
1514 1248 1678 1305 criti·
1707 1249 2004 1323 lhumum,
2041 1266 2156 1306 non
2192 1246 2335 1304 satis
2369 1251 2729 1316 accurat-um,
2784 1246 3026 1304 Parisiis

394 1350 547 1401 cum,
580 1335 1021 1408 grammaticale
1042 1338 1102 1392 et
1129 1335 1378 1393 literale.
1413 1336 1678 1395 Hebraeo
1707 1382 1712 1419 ξ
1746 1345 1909 1399 1668
1948 1338 2009 1394 ἰιι
2052 1347 2146 1399 12.

394 1421 566 1479 unice
597 1421 877 1481 adhaeret
908 1426 968 1481 et
1000 1424 1280 1491 rabbinis„
1319 1426 1421 1499 qui
1454 1426 1677 1500 psalte-

392 1510 542 1568 rium
576 1511 978 1585 explicarunt,
1032 1532 1164 1570 raro
1199 1517 1395 1588 patres
1429 1519 1673 1573 ceteros·
1831 1524 1972 1576 447.
2006 1515 2221 1571 Petrus
2270 1513 2506 1571 Gorse
2540 1513 2592 1573 S.
2625 1512 2682 1573 J.
2726 1513 3024 1573 Albiensis

394 1617 508 1675 que
541 1604 1029 1659 commentatores
1062 1601 1420 1661 christianos
1453 1600 1710 1675 laudat,
1706 1600 1957 1699 (1590,
2006 1601 2041 1667 †
2077 1612 2176 1667 27.
2210 1604 2351 1676 Apr.
2407 1598 2599 1679 1661)
2646 1601 2701 1659 ΖΙ.
2738 1602 3022 1660 Ecclesia-

393 1689 886 1762 quemadmodum
934 1693 993 1747 et
1053 1691 1487 1767 prolegomenis
1528 1711 1677 1767 opus
1706 1656 1879 1760 stici,
1924 1690 2165 1750 Parisiis
2208 1701 2369 1751 1654
2419 1691 2483 1748 in
2523 1698 2638 1758 12.
2690 1690 3023 1750 Proverbia-

391 1795 665 1835 mancum
713 1784 820 1835 est.
879 1779 957 1836 Hi
1003 1779 1200 1837 eximii
1247 1781 1442 1855 operis
1489 1782 1676 1839 naevi.
1734 1800 1886 1857 rum,
1932 1781 2008 1838 ib.
2065 1790 2230 1842 1654
2282 1780 2343 1837 in
2394 1789 2477 1848 8.,
2544 1780 2895 1853 Sapientiae,
2945 1780 3020 1841 ib.

363 1866 487 1922 *Ita
534 1865 770 1928 Calmet
826 1866 1052 1925 Prodiit
1095 1869 1314 1926 iterum
1361 1886 1495 1926 cum
1543 1869 1708 1959 aliis¹
1744 1880 1905 1931 1655
1946 1870 2008 1926 in
2046 1878 2102 1933 8.
2141 1872 2199 1926 et
2226 1869 2607 1927 Ecclesiastae
2640 1868 2717 1930 ib.
2759 1878 2920 1931 1655
2958 1870 3021 1926 in

394 1954 658 2028 ejusdem
694 1955 988 2030 operibuS,
1024 1956 1100 2014 ib.
1133 1967 1296 2019 1650
1333 1977 1386 2015 v.
1417 1967 1484 2016 ·2·
1474 1958 1674 2032 .opti-
1705 1966 1789 2021 Ι8,
1811 1959 2023 2034 gallice
2045 1957 2326 2033 explicuit
2349 1958 2625 2031 locosque
2647 1958 3020 2015 obscuriores

392 2061 487 2099 ma
516 2046 578 2100 et
608 2062 738 2101 rara
768 2043 948 2102 editio
981 2050 1089 2109 est
1123 2064 1301 2119 quam
1335 2047 1567 2104 curavit
1600 2047 1673 2108 M.
1703 2030 2081 2129 §illustravit
2119 2079 2194 2090 —-
2234 2047 2446 2104 Petrus
2481 2047 2854 2121 Maucorps
2889 2046 2942 2104 S.
2964 2046 3025 2124 J.

390 2131 618 2205 Paqnot
650 2131 894 2190 Lovanii
939 2144 1098 2195 1770
1135 2154 1187 2196 v.
1225 2144 1257 2193 2
1298 2136 1357 2193 in
1386 2146 1458 2201 4.,
1500 2138 1675 2193 aucta
1705 2133 1794 2221 (†
1851 2132 2042 2215 1649)
2092 2134 2292 2210 lingua
2337 2134 2654 2192 vernacula
2698 2134 3017 2209 par-aphra

390 2219 631 2278 scholiis
665 2221 1053 2279 Bossueti.
1103 2223 1451 2297 Speciminis
1482 2225 1675 2300 gratia
1733 2224 1877 2281 stice
1917 2224 2198 2298 explicuit
2244 2222 2489 2296 Isaiam,
2549 2223 2789 2280 Parisiis
2850 2232 3015 2284 1644

383 2309 503 2383 jam
546 2318 706 2371 1625
745 2310 989 2368 Parisiis
1036 2311 1098 2367 in
1135 2322 1187 2371 8
1223 2312 1489 2370 ediderat
1524 2331 1671 2371 com·
1701 2304 1793 2401 {in
1836 2311 2560 2382 12,1645;Ieremiam,
2611 2310 2904 2373 ib.1644
2954 2311 3017 2368 in

389 2401 734 2457 mentarium
781 2402 843 2457 in
878 2402 963 2456 50
984 2403 1222 2473 priores
1266 2399 1528 2468 Psalmo-s
1543 2424 1567 2475 ,·
1613 2407 1673 2459 et
1742 2411 1847 2469 12;
1880 2402 2009 2470 Job,
2043 2402 2120 2460 ib.
2151 2411 2347 2467 16373
2390 2410 2552 2462 1645
2586 2399 2649 2457 in
2675 2408 2741 2467 8;
2778 2400 3013 2457 Barac-li

386 2487 464 2544 ib.
505 2496 669 2549 1620
711 2487 773 2545 in
812 2497 865 2550 8.
913 2491 972 2547 in
1007 2489 1302 2547 Psalmum
1341 2493 1436 2548 19.
1484 2490 1671 2548 trium
1730 2496 1790 2547 et
1809 2491 2105 2548 duodecim
2118 2490 2434 2564 prophetas
2456 2491 2722 2559 mium-es,
2746 2488 2820 2546 ib.
2850 2499 3010 2550 1645

388 2575 927 2636 eruditissimorum
1002 2578 1386 2637 rabbinorum
1457 2576 1671 2660 (David
1730 2580 1791 2637 in
1837 2588 1926 2641 12.
1960 2613 2046 2622 —
2094 2578 2341 2637 Eosdem
2388 2572 2826 2637 commentariis
2873 2577 3012 2635 illu-

389 2666 707 2734 Kimchi‚
743 2667 953 2724 Aben
974 2668 1152 2726 Ezra
1183 2673 1243 2726 et
1263 2669 1374 2726 Sal.
1397 2665 1669 2748 Jarchi)
1730 2670 1946 2727 stravit
1976 2669 2234 2727 Joannes
2270 2668 2798 2743 Phelippaeus
2841 2667 3014 2735 (Phe-

387 2759 823 2813 commentarios
838 2756 1107 2815 hebraice
1124 2758 1462 2815 cumlatina
1482 2759 1670 2816 inter·
1729 2755 2029 2836 lippe-aux)
2066 2758 2119 2816 S.
2141 2758 2196 2815 J.
2220 2756 2666 2832 Andegavensis
2701 2751 2763 2837 (†
2788 2766 2839 2818 2.
2863 2759 3015 2831 Aug.

385 2843 735 2920 pretatione.
781 2844 983 2903 Edidit
1018 2850 1079 2904 et
1109 2847 1173 2907 R.
1209 2846 1447 2905 Davidis
1478 2848 1669 2905 Kim-
1739 2845 1949 2926 1645).
1984 2851 2027 2904 ι.
2064 2857 2120 2914 4,
2158 2846 2398 2903 Parisiis
2440 2855 2621 2908 1633.
2662 2845 2892 2904 Prodiit
2920 2846 3012 2902 in·

386 2932 506 2989 chi
541 2934 1038 2993 Commentarium
1084 2937 1145 2992 in
1179 2936 1526 2993 Malachiam
1570 2935 1670 2993 he·
1730 2956 1910 3011 super
1930 2935 3016 3009 Oseusprimusinte2·p1·0phemscom-

385 3020 580 3078 braice
610 3025 671 3078 et
704 3021 905 3090 latine,
940 3024 1178 3082 Parisiis
1210 3035 1389 3086 1618.
1425 3025 1672 3099 Scripsit
1731 3026 2033 3082 mentm-iis
2064 3026 2411 3099 illustratus,
2461 3023 2699 3081 Parisiis
2741 3033 2903 3085 1636
2953 3023 3016 3079 in

388 3127 623 3183 quoque
683 3109 1021 3170 doctissime
1086 3109 1307 3195 (judice
1353 3109 1669 3194 Calmet)
1727 3114 1783 3182 f„
1817 3114 1881 3171 in
1900 3131 2019 3188 quo
2053 3117 2093 3171 t.
2116 3113 2371 3188 explicat
2392 3117 2627 3170 tantum
2650 3113 2846 3187 priora
2866 3131 3014 3186 qua·-

386 3200 554 3255 varia
599 3217 774 3257 sacra
805 3197 866 3257 in
912 3203 1192 3276 quaedam
1227 3200 1589 3259 Pentateuchi
1623 3209 1672 3259 et
1726 3205 1867 3261 tuor
1898 3220 1977 3261 cc.
2010 3202 2209 3277 Carpit
2240 3202 2302 3258 R.
2339 3202 2543 3258 Simon
2584 3220 2677 3275 op.
2713 3201 2812 3258 cit.
2846 3219 2890 3258 c.
2935 3210 3008 3262 13

385 3287 422 3344 l.
454 3287 632 3344 Josue
662 3289 783 3345 loca
814 3289 993 3348 variis
1026 3308 1057 3347 e
1089 3291 1357 3348 rabbinis
1378 3294 1667 3358 contexta,
1726 3292 2148 3366 prolixitatem,
2196 3294 2256 3349 et
2287 3290 2679 3366 digressiones
2711 3288 3012 3362 amplissi-

384 3394 536 3449 quae
569 3376 863 3434 habentur
897 3377 958 3435 in
979 3379 1206 3438 Criticis
1238 3380 1418 3438 sacris
1453 3376 1517 3458 (t.
1542 3378 1667 3444 VII,
1727 3399 1853 3438 mas
1887 3379 1958 3438 de
1990 3379 2359 3457 argumentis
2410 3378 2480 3435 ad
2514 3396 2636 3434 rem
2685 3394 2801 3434 non
2847 3395 3010 3452 spec·

388 3473 734 3527 391—538
765 3466 853 3526 ed.
874 3466 1246 3526 Francofurti
1280 3468 1351 3526 ad
1376 3469 1449 3526 M.
1481 3468 1672 3546 1695)
1728 3469 2029 3526 tant—ibus:
2064 3467 2311 3525 discutit
2331 3466 2489 3524 enim
2511 3469 2716 3522 auctor
2747 3465 2811 3522 in
2832 3484 2898 3523 eo
2919 3467 3011 3522 to—

384 3556 446 3610 et
476 3571 609 3611 cum
642 3554 777 3612 aliis
810 3556 1074 3628 ejusdem
1121 3557 1396 3634 operibus
1429 3557 1670 3615 Parisiis
1698 3531 1703 3632 Ι
1727 3561 1851 3615 tam
1901 3557 2020 3613 fere
2070 3556 2297 3632 gratiae
2345 3560 2407 3612 et
2456 3553 3013 3628 praedestinationis

392 3651 576 3703 1650.
613 3643 825 3701 Contra
856 3644 1199 3703 Morinum
1236 3642 1336 3727 (de
1366 3665 1483 3720 quo
1516 3646 1671 3704 infra
1730 3646 2031 3704 materiam
2078 3643 2399 3702 secundum
2446 3642 2732 3718 principia
2779 3660 2852 3701 ss.
2887 3645 3010 3700 Aux

387 3729 655 3811 agemus)
692 3733 907 3791 acriter
939 3738 1175 3792 tutatus
1209 3737 1299 3792 est
1329 3734 1668 3793 hebraicum
1727 3733 1955 3810 gustini
1990 3737 2050 3791 et
2080 3733 2349 3792 Thomae.
2382 3733 2453 3789 In
2481 3731 2844 3806 praefatione
2875 3749 3012 3788 vero

382 3823 613 3877 textum
647 3821 707 3878 in
761 3839 868 3878 sua
898 3822 1122 3898 triplici
1168 3825 1476 3881 asset-tione
1527 3825 1669 3880 veri·
1727 3823 1965 3881 disserit
1998 3822 2069 3879 de
2102 3821 2474 3880 versionibus
2521 3820 2744 3896 graecis
2779 3839 2822 3878 s.
2856 3819 3011 3878 Scri-

383 3910 519 3966 tatis
547 3909 847 3968 hebraicae
878 3911 1161 3970 adversus
1181 3911 1431 3970 Joannis
1454 3912 1668 3971 Morini
1726 3916 1938 3986 pturae
1999 3929 2321 3986 earumque
2384 3908 2868 3970 correctionibus,
2925 3941 3011 3949 —

383 3998 851 4062 exercitationes.
917 4000 1157 4058 Parisiis
1225 4011 1411 4063 1631.
1487 4011 1667 4063 1634.
1729 4002 2057 4058 Nehemiam
2107 4007 2156 4057 et
2185 3999 2442 4057 Esdram
2483 3998 2903 4057 commentario
2942 3998 3009 4054 li·

389 4095 556 4149 1639
591 4105 644 4145 v.
684 4097 718 4149 3
753 4089 816 4146 in
854 4099 928 4154 8.,
978 4089 1079 4147 sed
1122 4089 1447 4147 secundum
1482 4091 1543 4147 R.
1579 4091 1666 4148 Si·
1725 4090 1917 4154 terali,
1982 4088 2181 4148 morali
2233 4093 2293 4146 et
2342 4088 2655 4164 allegorico
2719 4087 3009 4162 exposuit,

381 4193 518 4232 mon
564 4176 743 4234 nimis
791 4178 1089 4236 deflexisse
1133 4178 1372 4236 videtur
1389 4176 1432 4259 ¹)
1467 4179 1538 4235 ad
1586 4179 1700 4236 al·
1699 4173 1700 4214 ἶ
1728 4179 1966 4237 Parisiis
2027 4187 2188 4241 1643
2244 4178 2303 4235 in
2356 4177 2413 4244 f.,
2465 4177 2745 4235 Nicolaus
2797 4176 3011 4233 Lom-

1726 4267 1912 4325 bard
1946 4267 1999 4329 S.
2024 4268 2078 4328 J.
2113 4268 2439 4342 Campanus
2472 4261 2534 4345 (†
2559 4275 2610 4327 5.
2635 4265 2767 4338 Maj.
2797 4263 3006 4336 1646).

458 4352 497 4419 ¹)
525 4348 584 4403 L.
600 4367 644 4402 c.
663 4365 708 4403 c.
733 4352 816 4404 13.
840 4347 1109 4402 Concedit
1127 4353 1334 4410 tamen,
1363 4348 1416 4402 S.
1437 4348 1504 4401 de
1521 4348 1700 4404 Muis.
1725 4389 1808 4399 .-.
1862 4357 2129 4430 Denique
2180 4356 2457 4413 Nicolaus
2507 4354 2797 4411 Abram
2851 4352 2904 4408 S.
2954 4351 3008 4410 J,

381 4418 549 4486 longe
565 4419 768 4472 melum
767 4422 957 4502 ‚atque
973 4418 1321 4472 ‘wentanus
1307 4438 1366 4472 ¹¹¹
1384 4419 1487 4472 ¹¹⁸⁰
1504 4437 1666 4488 quae
1723 4445 1869 4502 Loth
1879 4444 2142 4520 aringuS,
2176 4462 2280 4520 per
2320 4454 2339 4504 1
2363 4454 2392 4504 7
2418 4459 2605 4500 annos
2631 4441 2693 4497 in
2714 4439 3009 4498 academia

381 4489 563 4544 stione
583 4491 870 4571 scripsisse
892 4507 1063 4558 quam
1085 4491 1277 4559 plures
1302 4507 1331 4544 e
1354 4492 1698 4566 protestan-

384 4560 553 4616 tibus.
595 4561 786 4632 Negat
810 4561 862 4617 ei
902 4577 1029 4615 vero
1068 4561 1442 4616 sufficientem
1485 4561 1698 4615 erudi-¹

382 4633 615 4697 tionem,
659 4635 725 4686 ut
749 4651 816 4688 ea
843 4650 958 4701 qua.
1001 4650 1102 4700 par
1127 4635 1273 4687 esset
1306 4633 1664 4686 accuratione

379 4703 623 4758 scribere
646 4704 908 4774 potuerit.
943 4703 1077 4766 ..Les
1093 4704 1313 4758 Traites
1333 4704 1663 4770 cependant,

381 4774 559 4838 addit,
601 4792 711 4843 que
739 4778 810 4829 M.
847 4776 915 4829 (le
943 4774 1092 4828 Muis
1118 4793 1151 4827 a
1177 4776 1342 4828 ecrite
1381 4778 1572 4828 contre
1614 4775 1662 4828 le

1723 4631 1782 4686 P.
1811 4631 2015 4704 Morin‚
2042 4632 2294 4700 peuvent
2314 4632 2430 4683 etre
2457 4629 2512 4681 d'
2528 4644 2639 4682 une
2659 4625 2871 4706 grande
2902 4624 3010 4677 uti·

1721 4703 1823 4757 lite
1850 4720 1996 4771 pour
2000 4677 2296 4756 redresser
2321 4700 2606 4770 plusieurs
2626 4695 3011 4767 propositions

1723 4775 1803 4828 du
1832 4791 2011 4828 meme
2041 4772 2097 4827 P.
2126 4773 2305 4826 Morin
2332 4775 2466 4826 etcst‘
