3625 5193
356 257 468 308 521
967 234 1167 295 Dadre‚
1195 232 1489 297 Pantinus,
1516 233 1799 299 floritius‚
1829 235 2099 301 Brunelli‚
2125 235 2368 303 Papirio.
2852 254 2972 307 522

345 425 573 484 tudinis
606 424 840 483 fructus
873 424 946 482 ob
979 424 1178 483 oculos
1198 442 1422 499 ponens
1444 423 1631 480 liben-
1691 424 1855 482 culos
1889 425 2216 499 spectantia
2251 424 2429 482 latine
2452 418 2976 502 vertit.¹).——Hie-

351 520 441 572 ter
456 515 598 572 haec
616 513 951 571 inculcabat
966 512 1149 570 Plinii
1158 513 1418 588 junioris
1436 512 1630 569 verba:
1690 531 1973 588 ronymus
1993 515 2143 571 Bru
2162 532 2199 570 n
2216 532 2247 570 e
2267 513 2355 569 lli
2390 513 2443 569 S.
2463 512 2514 570 J.
2535 511 2828 580 Senensis,
2847 530 2973 568 cor-

359 604 716 677 ,Postquam
750 604 810 660 in
831 601 1193 660 Laurentino
1226 620 1354 659 meo
1375 604 1482 658 aut
1500 600 1635 676 lego
1690 620 1832 675 pore
1866 602 2104 677 quidem
2138 601 2415 677 pusillae,
2435 606 2497 659 at
2524 601 2746 659 virtute
2765 606 2824 657 et
2840 620 2974 658 eru-

349 691 571 767 aliquid
605 697 711 749 aut
744 691 954 759 scribo,
987 690 1076 749 nil
1106 690 1300 758 audi0,
1336 690 1492 766 quod
1527 708 1627 747 au·
1689 690 1911 749 ditione
1944 710 2214 767 magnus,
2249 690 2537 758 hebraice,
2572 710 2776 766 graece
2809 696 2869 749 et
2889 692 2974 750 la-‘

340 781 530 849 disse;
581 780 737 838 nihil
789 780 937 848 dic0,
990 780 1149 853 quod
1181 780 1396 837 dixisse
1427 778 1631 854 poeni·
1687 780 1812 837 tine
1847 780 2076 850 doctus,
2111 798 2312 838 omnes
2345 780 2448 837 has
2468 779 2703 854 linguas
2722 780 2784 838 in
2803 801 2972 856 gym-

348 873 484 930 teat.
547 869 738 927 Nemo
791 869 950 944 apud
998 888 1091 926 me
1141 887 1498 943 quemquam
1551 867 1626 924 si·
1688 868 1852 928 nasio
1883 885 2122 928 romano
2140 869 2195 926 S.
2213 868 2266 929 J.
2298 869 2517 926 multos
2548 888 2731 927 annos
2760 889 2975 945 magna

347 960 554 1017 nistris
618 957 990 1017 sermonibus
1054 958 1273 1033 carpit:
1337 957 1629 1014 neminem
1688 978 1822 1016 cum
1886 959 2056 1016 laude
2112 958 2328 1016 docuit.
2391 956 2462 1015 In
2511 958 2785 1016 notandis
2846 959 2971 1016 ani-

351 1048 470 1122 ipse
503 1047 889 1122 reprehendO,
923 1047 1294 1105 nisitantum
1310 1064 1422 1114 me,
1445 1064 1632 1120 quum
1689 1047 2247 1121 madvertendisque
2299 1047 2461 1104 vitiis
2511 1049 2570 1103 et
2601 1047 2971 1105 instituendo

352 1156 553 1211 parum
620 1135 919 1194 commode
982 1136 1191 1194 scribo.
1265 1135 1447 1193 Nulla
1509 1153 1628 1209 spe,
1689 1141 1816 1194 erat
1842 1136 2363 1211 prudentissimus,
2398 1134 2648 1209 ideoque
2680 1156 2712 1192 a
2743 1135 2969 1206 multis,

352 1226 510 1284 nullo
542 1226 759 1282 timore
792 1224 1097 1294 sollicitor,
1144 1224 1330 1281 nullis
1377 1224 1629 1281 rumori·
1686 1225 1814 1299 ipso
1865 1225 2043 1283 etiam
2074 1225 2282 1283 Fulvio
2333 1224 2562 1292 Ursino,
2617 1224 2970 1299 scriptorum

347 1314 454 1372 bus
485 1313 823 1387 inquietor:
871 1332 1098 1371 mecum
1133 1316 1370 1371 tantum
1402 1316 1463 1370 et
1497 1331 1629 1369 cum
1687 1332 1931 1371 suorum
1962 1315 2205 1389 agnitus
2236 1313 2656 1387 adhibitusque
2680 1318 2972 1372 corrector

346 1403 559 1461 libellis
624 1404 892 1476 loquor}
946 1436 1024 1445 -—-
1077 1402 1336 1460 Joannes
1387 1400 1630 1459 Dadre
1687 1406 1746 1459 et
1770 1400 2032 1478 judex2);
2066 1402 2283 1460 edidit:
2333 1403 2599 1477 Greyorii
2631 1404 2971 1460 nazianzeni

351 1486 699 1570 (Dadraeus)
753 1491 977 1557 GalluS,
1030 1490 1235 1549 doctor
1281 1489 1628 1565 parisiensis
1685 1494 1948 1549 carme'na
1997 1493 2209 1560 selecta,
2262 1492 2466 1566 Cyrilli
2497 1492 2641 1551 alex.
2685 1496 2794 1548 ete.
2853 1493 2968 1549 Ro-

350 1577 579 1660 (1576)
626 1579 867 1655 collegit
904 1579 1272 1655 Chronoloqie
1320 1580 1632 1655 histor-ique
1688 1599 1817 1637 mae
1844 1582 2089 1641 1590511
2111 1590 2172 1647 8;
2202 1580 2421 1656 Hymni
2438 1581 2664 1655 Syoeesii
2684 1581 2760 1637 ib.
2785 1590 2970 1643 1609.

349 1670 443 1727 des
476 1670 907 1743 archevesques
941 1667 1012 1725 de
1044 1669 1264 1737 Rouen,
1314 1687 1463 1742 quae
1498 1671 1632 1742 post
1688 1669 1938 1743 Aliquot
1957 1689 2000 1727 s.
2034 1670 2073 1726 C
2093 1670 2175 1727 hr
2182 1689 2220 1744 y
2241 1674 2452 1728 sosto
2473 1670 2569 1726 mi
2600 1671 2867 1727 homilias
2888 1672 2971 1728 la-

347 1759 471 1832 ejus
520 1761 772 1817 mortem
828 1752 1055 1837 (1617)
1122 1757 1361 1815 Parisiis
1411 1756 1633 1831 prodiit
1685 1757 1811 1815 tine
1863 1757 2134 1827 reddidit,
2187 1777 2339 1833 quae
2388 1758 2683 1816 habentur
2713 1762 2757 1815 t.
2797 1769 2848 1819 1.
2883 1760 2971 1816 ed.

356 1856 534 1917 1618,
584 1846 680 1904 cui
726 1851 925 1904 tamen
973 1846 1139 1904 deest
1185 1846 1481 1904 accuratio
1514 1845 1631 1902 cri-
1691 1847 2142 1921 antwerpiensis
2173 1857 2355 1916 1614,
2391 1852 2451 1905 et
2472 1855 2731 1905 catenam
2748 1846 2813 1904 in
2832 1846 2971 1906 Eze-

349 1936 481 1996 tica.
514 1936 661 1994 Cum
694 1935 784 1991 Fr.
838 1935 880 1991 F
897 1954 928 1993 e
945 1953 986 1991 u
1002 1954 1036 1992 a
1050 1954 1082 1991 r
1096 1935 1134 1991 d
1150 1954 1181 1992 e
1197 1955 1238 1993 n
1254 1939 1279 1993 t
1297 1935 1316 1991 i
1332 1953 1364 1992 o
1416 1939 1475 1992 et
1508 1933 1546 1991 J
1549 1951 1629 1990 ac.
1687 1935 1934 1993 chielem
1953 1936 2178 2011 proph„
2197 1955 2314 2009 qua
2331 1932 2484 2014 (me.)
2500 1936 2593 1994 usi
2610 1935 2969 1996 suntHiero·

344 2024 638 2083 Cuillio
673 2022 876 2090 edidit,
911 2026 981 2081 ut
1003 2025 1130 2099 jam
1164 2043 1343 2099 supra
1375 2022 1631 2080 diximus

347 2134 397 2188 p.
452 2124 600 2181 415,
692 2112 954 2169 Glossam
1038 2114 1165 2170 Nic.
1248 2112 1320 2169 de

347 2220 519 2275 opera
558 2201 887 2259 Eusebii
931 2202 1317 2259 Caesariensis
1349 2221 1501 2276 quae
1533 2220 1630 2258 ex-

1689 2043 1905 2099 nymus
1938 2025 2179 2082 Prado
2211 2028 2271 2081 et
2302 2024 2561 2082 Joannes
2595 2026 2657 2082 B.
2694 2025 2970 2083 Villal-

1403 2112 1504 2186 Ly
1523 2131 1630 2179 ra;
1687 2112 1981 2188 pandus
2015 2114 2087 2169 ad
2121 2132 2295 2170 suum
2328 2113 2391 2169 in
2422 2112 2780 2171 Ezechielem
2815 2132 2970 2171 com-

1690 2200 2125 2281 mentarium3).
2159 2200 2328 2259 Obiit
2364 2210 2464 2262 22.
2490 2202 2654 2258 Febr.
2687 2212 2969 2264 1613.—

347 2296 505 2348 stant
541 2289 742 2348 omnia
777 2289 939 2347 vitiis
974 2291 1230 2348 sublatis
1282 2289 1634 2348 correctiora
1688 2289 1726 2347 J
1730 2290 1906 2347 oanni
1957 2290 2001 2346 P
2023 2310 2057 2348 a
2073 2310 2111 2365 p
2127 2290 2148 2347 i
2163 2309 2193 2345 r
2209 2289 2228 2346 i
2244 2308 2277 2348 o
2312 2291 2367 2347 M
2386 2310 2420 2347 a
2440 2309 2466 2347 s
2484 2308 2511 2347 s
2528 2308 2561 2347 o
2578 2309 2634 2359 n,
2670 2290 2968 2365 quondam

347 2385 404 2436 et
433 2380 606 2438 novis
639 2378 1131 2437 annotationibus
1166 2379 1490 2447 illustrata,
1525 2380 1632 2435 Pa-

344 2468 499 2526 risiis
532 2478 687 2531 1531
714 2489 728 2537 3
752 2470 924 2525 vitam
945 2468 1158 2526 Christi
1178 2468 1246 2525 D.
1268 2488 1301 2525 a
1331 2468 1633 2526 Ludolso

347 2558 535 2616 Carth.
559 2559 913 2627 contextam,
938 2558 1039 2616 sed
1063 2558 1149 2617 ita
1166 2557 1531 2631 dispositam,
1567 2559 1636 2614 ut

353 2648 630 2705 historiae
694 2665 758 2704 ac
820 2647 1006 2705 totius
1070 2647 1208 2704 anni
1260 2646 1635 2705 concionibus

351 2737 483 2794 usui
533 2754 659 2794 esse
711 2735 918 2810 possit,
971 2736 1209 2793 Parisiis
1272 2743 1430 2797 1589
1484 2735 1545 2792 in
1596 2734 1633 2792 f.

350 2825 597 2882 Demum
632 2823 875 2898 collegit
906 2825 1088 2882 Locos
1119 2843 1440 2882 communes
1472 2823 1633 2881 simi-

349 2913 489 2971 lium
524 2913 585 2992 (i.
609 2931 657 2970 e.
688 2915 1177 2988 argumentorum
1210 2913 1496 2970 similium
1530 2930 1635 2969 seu

349 2997 639 3080 affinium)
675 3007 737 3058 et
769 3001 1145 3059 dissimilium
1193 3021 1263 3059 ex
1308 3001 1467 3059 omni
1499 3019 1631 3075 pro-

349 3091 660 3164 pemodum
696 3090 1057 3164 antiquit-ate
1104 3095 1225 3148 tam
1262 3108 1424 3147 sacra
1456 3108 1633 3163 quam

347 3181 603 3253 profana,
640 3178 885 3236 Parisiis
917 3189 1112 3249 15783
1156 3187 1317 3240 1582
1355 3179 1440 3252 ed.
1463 3179 1635 3234 aucta

346 3273 405 3325 et
422 3271 761 3336 retractata,
783 3267 1118 3343 Wtirzburg
1142 3280 1163 3330 1
1182 3278 1213 3329 5
1226 3277 1259 3330 8
1271 3277 1303 3328 2
1325 3290 1338 3336 ;
1374 3266 1634 3324 Venetiis

355 3367 551 3426 15s33
619 3356 891 3414 Coloniae
963 3366 1153 3425 1594;
1223 3365 1404 3419 1603.
1470 3355 1633 3429 Opus

348 3446 644 3519 prolixum
708 3445 1075 3519 alphabetiee
1126 3449 1217 3502 est
1279 3444 1633 3517 dispositum

342 3536 589 3610 agitque
641 3532 714 3590 de
769 3533 1095 3591 virtutibus
1139 3538 1198 3592 et
1246 3533 1411 3591 vitiis
1447 3533 1635 3606 deque

350 3623 527 3681 variis
562 3622 919 3680 veritatibus
937 3617 1003 3703 ¹).
1052 3656 1141 3666 —
1188 3623 1401 3679 Petrus
1452 3622 1630 3678 Pan-

348 3711 562 3769 tinus
608 3708 862 3768 Plauder
909 3710 1178 3768 Andreae
1211 3710 1438 3768 Schotti
1471 3709 1632 3766 fami-

345 3800 531 3873 liaris,
597 3797 987 3857 bruxellensis
1037 3799 1311 3857 eeclesiae
1363 3800 1632 3867 decanuS,

349 3888 493 3948 duos
533 3888 906 3946 homiliarum
943 3906 1017 3946 ss,
1048 3891 1288 3963 patrum
1325 3892 1497 3945 antea
1543 3887 1634 3944 in·

346 3977 643 4035 editarum
724 3976 905 4033 libros
969 3976 1302 4052 publicavit
1381 3977 1632 4034 Antver-

348 4067 477 4139 piae
531 4075 689 4127 1601
752 4067 812 4122 et
870 4075 1033 4126 1608
1087 4066 1322 4139 aliaque
1365 4069 1634 4122 veterum

349 4157 736 4213 monumenta
807 4149 866 4233 (†
922 4162 1021 4216 25.
1072 4154 1203 4211 Dec.
1260 4149 1472 4234 1611).
1555 4153 1633 4210 Cf.

346 4243 620 4320 Foppens
654 4263 709 4317 p.
749 4252 893 4303 997.

439 4420 988 4494 223.A·„1gustinus
1012 4420 1371 4477 Floritius
1394 4420 1449 4477 S.
1468 4419 1523 4479 J.
1545 4420 1632 4477 Si-

351 4512 519 4568 culus
542 4512 594 4586 (1
618 4517 872 4571 580—1
890 4505 1042 4590 613)
1076 4509 1249 4583 plura
1280 4509 1635 4582 scriptorum

351 4617 694 4674 graecorum
746 4602 1133 4654 monumenta
1175 4596 1248 4654 ad
1296 4601 1530 4654 sanctos
1564 4596 1634 4654 si-

354 4721 667 4728 ——O-V-m

430 4790 466 4856 1)
495 4785 579 4839 Cf.
608 4785 774 4837 Feret
802 4783 867 4845 II,
894 4787 1193 4840 207-211,

1690 2399 1720 2437 e
1753 2380 1874 2437 Soc.
1907 2378 1982 2448 J„
2017 2378 2418 2437 eruditissimo
2451 2380 2543 2436 sui
2577 2379 2856 2453 temporis
2871 2381 2967 2453 ju-

1689 2468 2050 2526 risconsulto
2095 2468 2253 2543 gallo
2301 2462 2381 2548 (n.
2434 2479 2487 2528 6.
2531 2468 2667 2541 maji
2711 2478 2870 2529 1544
2908 2469 2970 2524 in

1690 2558 1907 2634 oppido
1972 2558 2025 2615 S.
2090 2557 2590 2627 Germain-Laval,
2643 2554 2677 2622 †
2732 2567 2785 2618 9.
2836 2556 2969 2615 Jan.

1700 2642 1913 2728 1611),
1964 2647 2245 2705 debemus
2294 2651 2527 2721 praeter
2572 2646 2855 2721 plurimos
2887 2647 2969 2716 ll.,

1691 2737 1795 2811 qui
1845 2737 1960 2794 huc
2006 2755 2123 2794 non
2168 2731 2530 2816 spectant⁴):
2581 2736 2754 2794 Gesta
2799 2737 2970 2793 colla-

1690 2827 1863 2882 tionis
1895 2826 2349 2900 carihayiuensis
2392 2827 2543 2882 inter
2592 2825 2891 2882 catholicos
2923 2833 2972 2882 et

1690 2915 2034 2987 donatistae,
2068 2913 2311 2970 Parisiis
2355 2923 2515 2976 1589
2553 2914 2614 2971 in
2653 2923 2708 2990 8;
2745 2914 2970 2972 Servati

1689 3002 1881 3076 Lupi
1930 3004 2220 3074 epistolae,
2270 3001 2347 3063 ib.
2406 3011 2567 3064 1588
2602 3004 2665 3060 in
2701 3017 2773 3068 8.,
2823 3022 2973 3076 quae

1689 3094 1888 3148 tamen
1908 3091 2086 3148 editio
2108 3090 2336 3148 mendis
2359 3090 2655 3160 abundat;
2677 3092 2976 3166 Ayobardi

1690 3181 1939 3254 episcopi
2014 3181 2382 3254 luyduneusis
2456 3197 2650 3251 opera,
2732 3180 2974 3237 Parisiis

1702 3278 1862 3329 1605
1900 3268 1962 3325 in
1999 3278 2071 3336 8.,
2106 3287 2257 3342 quae
2289 3267 2569 3342 Lugduni
2602 3269 2849 3325 fortuito
2882 3287 2971 3325 re-

1691 3357 1847 3431 perit
1877 3356 2216 3431 eripuitque
2248 3355 2542 3423 interitui,
2589 3357 2680 3413 cui
2724 3357 2971 3430 jamjam

1690 3445 1986 3503 destinata
2047 3449 2245 3502 erant:
2311 3444 2412 3500 sed
2473 3444 2669 3500 minus
2721 3445 2976 3501 fideliter

1693 3534 1852 3591 edita
1883 3534 2068 3589 fuisse
2101 3536 2550 3606 conqueruntur
2569 3533 2806 3598 eruditi,
2837 3533 2974 3590 hinc

1694 3622 2150 3680 emendatiorem
2183 3620 2503 3678 editionem
2534 3621 2762 3678 curavit
2795 3621 2970 3679 Balu-

1768 3866 1808 3933 ι)
1833 3862 2127 3915 Habentur
2152 3863 2212 3915 in
2233 3879 2323 3931 op.
2346 3861 2567 3915 Octavii
2597 3863 2635 3914 C
2652 3864 2719 3931 aj
2740 3879 2768 3915 e
2786 3867 2854 3916 ta
2873 3883 2907 3916 11
2927 3863 2976 3918 i:

1699 3938 1850 3987 Vitae
1897 3944 2195 3989 sanctorum
2249 3937 2536 3987 siculorum
2600 3950 2662 3986 ex
2727 3935 2975 4002 antiquis

1690 4005 1904 4074 graecis
1931 4005 2236 4071 latinisque
2263 4005 2646 4058 monumentis
2662 4008 2766 4059 etc.
2784 4006 2976 4059 collec-

1692 4079 1801 4141 tae,
1829 4076 1895 4130 de
1924 4093 2037 4144 quo
2063 4077 2215 4129 infra
2241 4076 2447 4130 redibit
2473 4093 2668 4130 sermo,
2713 4077 2823 4130 Eas
2848 4077 2976 4131 dili-

1690 4151 1887 4217 genter
1912 4151 2160 4201 recenset
2184 4148 2600 4218 Sommervogel
2627 4148 2721 4210 ΙΙΙ,
2747 4153 2867 4205 810.

1767 4225 1804 4284 ²)
1835 4218 1919 4270 Ita
1945 4218 2107 4273 Joan.
2135 4218 2419 4272 Fabricius
2458 4218 2518 4271 in
2559 4218 2690 4271 hist.
2719 4219 2975 4273 biblioth.

1694 4290 1886 4344 fabric.
1917 4289 1955 4353 Ι,
1985 4294 2085 4346 131
2115 4307 2156 4344 s.
2185 4289 2268 4347 Cf.
2293 4290 2419 4346 Jau.
2447 4290 2569 4345 Nic.
2601 4290 2974 4357 Erythraeum

1768 4437 1808 4502 ⁸)
1836 4432 1996 4484 Aliae
2042 4435 2270 4500 patrum
2309 4449 2634 4500 graecorum
2678 4431 2975 4494 versiones,

1693 4520 1834 4569 quas
1863 4503 1912 4555 ei
1939 4502 2210 4555 adscribit
2237 4503 2463 4571 lttigius
2485 4503 2551 4555 de
2573 4501 2708 4556 bibl.
2735 4502 2977 4554 romanis

1693 4577 1918 4641 patrum
1947 4592 2002 4643 p.
2030 4577 2152 4638 655,
2200 4578 2336 4626 sunt
2363 4572 2671 4627 secundum
2699 4572 2911 4625 Bac-ker
2939 4574 2977 4637 Ι,

1691 4648 1812 4700 913.
1866 4644 2116 4713 ejusdem
2163 4644 2373 4697 sodalis
2421 4648 2496 4709 (et
2539 4643 2686 4698 forte
2731 4644 2978 4713 cognati)

1694 4714 1735 4767 P
1754 4732 1785 4768 o
1804 4734 1859 4768 m
1878 4732 1914 4783 p
1934 4732 1964 4768 o
1985 4715 2089 4767 nii
2115 4715 2388 4778 Brunelli,
2419 4716 2629 4769 Romae
2659 4720 2813 4771 1607.

1767 4790 1810 4857 ⁴)
1839 4787 1921 4842 Cf.
1950 4786 2188 4840 Niceron
2218 4785 2285 4850 V,
2314 4791 2416 4844 182
2445 4803 2512 4843 ss,
