3625 5193
415 294 537 368 soi

1455 271 1664 330 Fronto
1690 271 1966 332 Ducaeus.
2008 279 2013 282 “

2912 290 3043 346 802

419 461 581 522 omni
610 459 891 520 studendi
910 459 1291 519 contentione
1311 457 1555 518 virtutis
1574 458 1700 535 pie·
1758 462 1852 520 Fr.
1871 462 2142 522 Ducaeus
2171 479 2242 519 ex
2268 459 2324 518 S.
2344 460 2399 519 J.
2418 464 2672 529 nostras,
2705 459 2812 535 qui
2841 463 3050 521 tamen

415 552 680 626 tatisque
730 549 849 608 fuit
896 566 1137 618 memor,
1187 547 1482 607 cibatione
1530 548 1705 606 unica
1758 551 2004 627 paribus
2034 551 2281 608 fortasse
2300 548 2630 607 destitutus
2658 546 3045 608 facultatibus

417 658 523 717 per
550 639 712 697 diem
756 641 1091 701 contentus,
1139 637 1285 696 Post
1329 636 1704 711 eloquentiae
1759 643 1822 698 et
1863 635 2101 698 auxiliis
2146 639 2207 697 in
2258 636 2613 697 diuturnum
2657 640 2897 713 tempus
2920 635 3044 697 ei-

409 747 525 808 -per
554 728 893 787 octennium
914 730 976 785 et
1007 744 1082 788 ss.
1103 725 1412 786 literarum
1443 744 1551 802 per
1568 744 1702 802 sep·
1758 732 2018 787 tractum
2064 746 2214 803 opus
2257 727 2381 786 fato
2435 731 2900 802 praeoccupatus
2944 728 3045 785 ab·

415 817 690 876 tennium
740 815 1188 890 explicationem
1237 833 1553 892 aggressus
1611 817 1706 873 est
1760 817 1985 876 solvere
2003 835 2124 876 non
2144 815 2360 893 potuit.
2392 815 2615 875 Verum
2639 833 2915 891 magnam
2945 816 3050 875 ille

416 925 494 965 ss.
525 909 764 982 patrum
796 923 979 980 opera
1005 921 1326 973 recensere,
1372 903 1531 963 notis
1560 902 1704 962 illu·
1759 909 1823 964 et
1853 906 2094 964 arduam
2142 925 2269 964 rem
2314 907 2408 963 est
2437 922 2770 981 aggressus,
2817 909 2887 962 ut
2919 905 3045 963 scil.

411 999 626 1066 strare,
647 1012 854 1071 graece
873 994 1177 1067 latineque
1197 991 1494 1052 recudere.
1529 993 1701 1051 Prae·
1759 1013 1883 1053 non
1914 994 2086 1054 modo
2118 1012 2327 1071 graeca
2359 993 2758 1068 Chrysostomi
2800 994 3050 1068 perinde

418 1084 617 1143 misit:
669 1081 997 1142 Inventaire
1045 1080 1143 1140 des
1187 1083 1424 1156 saulus,
1475 1088 1705 1139 contra·
1762 1102 1830 1142 ac
1862 1083 2115 1142 Savilius
2136 1082 2339 1144 ederet
2354 1078 2418 1163 ¹),
2452 1082 2554 1141 sed
2584 1083 2764 1141 etiam
2788 1082 3049 1159 singulis

416 1174 676 1258 dictione,
710 1172 927 1246 saul-ses
958 1171 1295 1248 alleqations
1325 1171 1405 1228 du
1435 1171 1596 1229 sieur
1624 1171 1706 1228 du
1760 1172 2042 1249 operibus
2062 1173 2443 1248 homiliisque
2473 1171 2720 1229 latinam
2752 1172 3043 1246 interpre-

417 1261 647 1329 Flesse,
693 1262 1067 1335 remarquees
1098 1278 1174 1318 en
1217 1277 1327 1318 son
1355 1259 1501 1318 livre
1544 1258 1616 1317 de
1648 1258 1705 1316 la
1760 1262 2043 1322 tationem
2076 1265 2339 1336 aptaret:
2390 1279 2509 1335 qua
2538 1259 2603 1318 in
2632 1278 2697 1318 re
2742 1263 3046 1319 strenuam

419 1350 609 1409 sainte
640 1348 1009 1407 Eucharistie
1053 1367 1164 1424 par
1204 1348 1288 1407 les
1331 1349 1704 1424 theologiens
1761 1350 1862 1409 ille
1911 1359 2145 1427 operam
2194 1350 2468 1418 navavit,
2526 1349 3049 1425 interpretationes

409 1439 491 1497 de
536 1437 862 1505 Bordeaux,
915 1437 1271 1514 Burdigalae
1322 1446 1486 1500 1599
1535 1437 1601 1496 in
1648 1446 1704 1501 8.
1761 1441 1985 1515 quippe
2015 1438 2205 1498 editas
2238 1457 2269 1497 e
2302 1438 2542 1515 regione
2561 1456 2907 1515 graecorum
2938 1456 3045 1513 po·

421 1524 542 1608 (bis
560 1526 764 1586 eodem
784 1530 891 1605 a.);
924 1529 969 1584 t.
990 1526 1142 1584 alter
1165 1525 1392 1601 prodiit
1409 1525 1488 1583 ib.
1519 1535 1703 1594 1601,

419 1635 552 1675 cum
604 1614 964 1673 refutatione
1025 1632 1291 1673 errorum
1344 1614 1572 1673 Calvini
1633 1614 1706 1672 de

411 1704 856 1782 justificatione,
891 1703 993 1761 lib.
1015 1703 1266 1762 arbitrio
1287 1706 1349 1762 et
1368 1704 1541 1762 bonis
1562 1722 1705 1779 ope-

419 1793 606 1851 ribus.
637 1792 1028 1867 Responsioni
1049 1792 1230 1850 Plesii
1251 1792 1560 1868 opposuit:
1593 1788 1704 1850 Re-

421 1884 669 1958 fiaation
700 1880 772 1939 de
806 1881 864 1938 la
892 1881 1221 1957 pretendue
1245 1880 1613 1940 verification
1646 1883 1708 1938 et

416 1987 700 2045 response
746 1970 828 2027 du
873 1969 1045 2027 Sieur
1090 1969 1171 2027 du
1203 1969 1420 2028 Plessis
1453 1974 1581 2039 etc„
1631 1987 1705 2027 en

427 2059 680 2135 laquelle
699 2061 837 2117 sont
867 2059 1073 2116 traitez
1095 2059 1180 2117 les
1199 2060 1337 2134 plus
1356 2055 1705 2134 principau'x

421 2149 624 2223 points
642 2147 715 2206 de
746 2147 805 2204 la
832 2147 1085 2223 religion
1106 2149 1477 2207 controverso
1510 2147 1586 2205 de
1601 2166 1705 2206 no·

419 2241 513 2295 tre
543 2239 756 2310 temps,
789 2235 866 2293 ib.
906 2244 1070 2299 1602
1106 2236 1170 2294 in
1206 2246 1261 2299 8.
1308 2234 1707 2294 Bibliothecae

418 2328 660 2401 patrum
686 2324 1009 2400 Margarini
1041 2326 1113 2383 de
1144 2325 1203 2383 la
1233 2325 1461 2402 Bigne
1493 2324 1708 2399 adjecit

417 2414 750 2473 auctarium
789 2414 896 2472 hoc
938 2413 1153 2472 titulo:
1201 2414 1584 2474 Bibliothecae
1613 2432 1704 2472 ve-

421 2510 610 2562 terum
636 2509 879 2578 patrum
910 2520 1014 2560 seu
1048 2502 1407 2578 scriptorum
1430 2503 1704 2561 ecclesia-

421 2592 726 2661 sticorum,
773 2590 1015 2650 Parisiis
1055 2600 1221 2654 1624
1254 2595 1298 2652 t.
1334 2601 1367 2653 2
1405 2591 1706 2670 graecola-

419 2682 550 2760 fini.
568 2681 633 2740 in
663 2681 700 2738 s.
733 2680 938 2738 Edidit
969 2684 1301 2765 praeterea:
1342 2682 1399 2740 S.
1440 2682 1708 2758 (ἔναρον-ὴ·
1753 2727 1759 2735 .

421 2770 669 2846 Nysseni
686 2770 964 2842 opuscula
982 2771 1273 2829 nonnulla
1290 2789 1497 2847 graece
1529 2775 1591 2828 et
1619 2770 1704 2829 la-
1775 2816 1776 2819 ι

421 2860 579 2928 tine,
633 2858 987 2935 Ingolstadii
1046 2868 1243 2928 1595;
1305 2869 1468 2922 1599
1519 2859 1584 2917 in
1635 2867 1704 2927 8;

1761 1529 1902 1598 suit,
1938 1528 2041 1587 sed
2060 1527 2400 1586 emendatas
2420 1530 2482 1585 et
2512 1528 2586 1585 ad
2606 1526 2782 1585 fidem
2801 1545 3047 1604 graecae

1761 1617 2048 1676 orationis
2080 1617 2476 1675 concinnatae.
2511 1615 2574 1673 Si
2605 1635 2757 1690 quae
2787 1634 2926 1675 vero
2959 1615 3046 1673 of-

1761 1705 1955 1764 fendit
1997 1704 2262 1764 nondum
2309 1706 2493 1763 latine
2537 1705 2831 1763 translata
2872 1722 3051 1780 opera

1765 1790 1963 1874 (erant
1995 1799 2194 1853 autem
2228 1793 2567 1869 hujusmodi
2617 1794 2766 1853 bene
2810 1789 3044 1872 multa),

1761 1883 1907 1941 haec
1938 1883 2039 1941 ille
2059 1883 2131 1941 de
2163 1900 2373 1960 graeco
2395 1882 2695 1942 convertit
2724 1886 2787 1941 et
2805 1881 3048 1958 quidem

1762 1974 1885 2030 tam
1907 1975 2175 2030 accurate
2194 1975 2254 2030 et
2272 1972 2592 2047 eleganter,
2618 1977 2689 2029 ut
2709 1971 2868 2031 inter
2889 1971 3048 2047 opti·

1762 2079 1890 2121 mos
1920 2062 2279 2136 interpretes
2301 2061 2440 2136 jure
2470 2067 2835 2119 numeretur.
2871 2060 3047 2135 Ejus-

1763 2150 1899 2208 dem
1914 2168 2091 2225 porro
2112 2149 2380 2207 eruditae
2399 2151 2574 2207 notae
2584 2144 2636 2228 ²)
2669 2148 3051 2224 reperiuntur

1761 2239 1826 2296 in
1858 2238 1974 2297 fine
2012 2250 2084 2308 1.,
2120 2248 2176 2300 4.
2208 2242 2272 2297 et
2307 2248 2361 2299 6.
2393 2241 2436 2296 t.
2471 2234 2709 2295 Similes
2742 2237 2900 2295 haud
2935 2236 3046 2294 du·-

1763 2327 1863 2385 bio
1906 2331 2081 2387 notas
2127 2326 2193 2385 in
2230 2337 2282 2389 5.
2315 2331 2381 2385 t.2
2409 2326 2763 2394 destinabat,
2817 2328 2881 2384 at
2908 2325 3054 2383 wita

1762 2416 2005 2475 functus
2035 2435 2162 2474 rem
2182 2411 2471 2492 'perficere
2500 2415 2787 2489 nequivit.
2820 2414 3048 2473 Editio-

1762 2522 1900 2562 nem
1947 2504 2382 2564 frontonianam
2431 2504 2656 2579 incepit
2699 2503 3053 2562 Fredericus

1764 2593 2138 2654 Morellus
2177 2604 2363 2664 1609,
2411 2592 2664 2653 absolvit
2703 2590 3050 2670 Claudiusss)

1842 2838 1879 2907 ¹)
1904 2834 2013 2889 Hic
2033 2835 2228 2890 eodem
2249 2836 2364 2890 fere
2384 2815 2636 2907 tempore
2651 2816 2832 2909 (1603)
2859 2836 2898 2888 t.
2925 2837 2960 2891 8
2985 2832 3049 2889 in

1763 2906 1801 2966 f,
1830 2923 1871 2961 s.
1897 2906 2059 2960 Joan.
2087 2905 2473 2974 Chrysostomi
2511 2922 2685 2977 opera
2704 2906 2813 2995 'sed
2849 2908 3053 2976 graece

422 2948 694 3006 Zonaras
737 2950 800 3006 in
831 2948 1075 3005 canones
1116 2966 1191 3010 ss,
1224 2949 1613 3021 apostolorum
1657 2954 1708 3004 et
1761 2979 1991 3030 tantum
2018 2976 2213 3030 edidst·

417 3055 493 3095 ss.
524 3037 892 3095 conciliorum
935 3039 1351 3107 commentarii,
1395 3054 1601 3113 graece
1637 3038 1708 3094 et

1838 3050 1879 3120 ²)
1904 3048 1986 3101 De
2011 3047 2098 3101 his
2132 3048 2215 3101 ita
2240 3047 2399 3101 Rich.
2436 3047 2580 3101 Sim
2597 3065 2628 3101 o
2646 3065 2682 3099 n
2711 3064 2803 3128 ap,
2833 3046 3054 3101 Baoker

422 3126 623 3194 latine,
656 3124 902 3183 Parisiis
940 3135 1054 3188 161
1071 3133 1103 3185 2
1126 3146 1140 3196 ;
1195 3135 1359 3189 1618
1392 3126 1455 3183 in
1487 3123 1547 3194 f„
1589 3143 1706 3201 qua
1761 3117 1800 3173 l.
1829 3136 1875 3173 c.
1924 3118 2105 3180 „Elles
2130 3118 2479 3174 renferment
2502 3135 2614 3173 une
2639 3119 2877 3186 critique
2894 3118 3050 3187 judi-

423 3215 488 3271 in
528 3214 620 3272 ed.
665 3213 916 3273 correxit
960 3212 1289 3273 versionem
1334 3215 1599 3273 latinam.
1647 3212 1705 3273 S.

429 3302 699 3380 Greqorii
717 3302 964 3378 Nysseni
982 3320 1160 3377 opera
1179 3306 1396 3377 omnia,
1428 3303 1506 3361 ib.
1537 3311 1701 3366 1605

421 3396 464 3448 t.
513 3399 547 3451 2
596 3391 663 3450 in
708 3390 780 3461 f.;
840 3400 1024 3454 1615.
1075 3392 1392 3468 Postquam
1444 3391 1708 3450 ediderat

412 3480 671 3539 seorsim
702 3480 879 3555 plura
910 3498 956 3537 s.
977 3479 1067 3538 Jo.
1090 3481 1495 3557 chrysostomi
1526 3498 1705 3555 opus-

423 3569 575 3638 cula,
608 3583 655 3630 s,
688 3567 940 3626 Joanm's
964 3569 1351 3644 Chrysostomi
1380 3588 1557 3645 opera
1588 3587 1706 3627 om-

421 3660 523 3716 nia
555 3675 717 3716 nunc
733 3657 996 3733 primum
1014 3676 1221 3733 graece
1251 3661 1314 3716 et
1330 3659 1519 3717 latine
1534 3657 1707 3716 edere

422 3747 632 3821 coepit,
684 3745 758 3805 de
803 3764 922 3820 qua
965 3746 1226 3805 editione
1273 3746 1481 3805 scribit
1512 3747 1704 3805 Mont-

424 3834 639 3893 faucon
668 3834 734 3893 in
763 3834 943 3910 praef.
977 3854 1116 3894 suae
1151 3835 1271 3893 ed.:
1305 3836 1483 3905 ‚Non
1518 3835 1707 3893 mino-

423 3942 548 3981 rem
598 3922 968 3999 diligentiam
1020 3924 1082 3981 in
1133 3924 1479 4001 colligendis
1527 3923 1708 4000 Chry-

425 4013 669 4071 sostomi
700 4012 979 4087 operibus
1012 4008 1106 4093 (ac
1127 4009 1410 4095 Savilius)
1438 4011 1712 4071 exhibuit

427 4325 596 4379 etiam
619 4326 1085 4396 protestantibus,
1114 4329 1273 4397 patet
1297 4343 1365 4381 ex
1398 4292 1712 4394 Scaliyeri'a·

425 4401 511 4451 nis
527 4406 740 4465 poster..
769 4398 868 4452 ubi
893 4397 1164 4467 legimus:
1197 4397 1436 4459 „Fronto
1455 4396 1555 4450 Du
1570 4414 1600 4451 c
1615 4414 1647 4449 a
1661 4414 1712 4450 e·

428 4484 507 4520 us
535 4471 621 4522 est
657 4469 1089 4524 honestissimus
1119 4468 1151 4522 J
1156 4469 1354 4523 esuita.
1394 4468 1600 4522 Omnes
1625 4468 1710 4524 illi

1762 3190 1967 3255 cieuse,
1994 3189 2387 3261 d'excellentes
2422 3189 2760 3253 recherches,
2787 3193 2916 3243 tant
2954 3207 3055 3243 sur

1761 3262 1844 3317 les
1885 3261 2052 3315 livres
2080 3262 2223 3325 Mae„
2264 3277 2374 3329 que
2402 3278 2498 3314 sur
2534 3260 2616 3313 les
2654 3260 2964 3329 imprimes.
3002 3259 3051 3313 11

1764 3333 1939 3386 serait
1962 3335 1995 3386 a
2021 3332 2312 3386 souhaiter
2351 3348 2461 3399 que
2494 3347 2636 3384 nous
2677 3330 2928 3384 eussions
2969 3348 3048 3382 un

1764 3421 1805 3457 s.
1828 3402 2219 3472 chrysostome
2239 3403 2421 3457 entier
2445 3402 2514 3456 de
2539 3402 2599 3455 la
2618 3401 2774 3454 main
2796 3402 2864 3455 de
2884 3416 2945 3454 ce
2959 3400 2993 3453 J
2998 3418 3051 3454 e·

1764 3475 1962 3535 suitam
2008 3473 2082 3528 Et
2105 3474 2346 3528 iterum:
2393 3472 2530 3534 ..Les
2555 3474 2713 3527 notes
2740 3471 2809 3525 de
2849 3488 2907 3525 ce
2934 3488 3050 3543 sca·

1764 3549 1906 3600 vant
1929 3546 1961 3600 J
1964 3546 2139 3600 esuite
2159 3546 2292 3599 sont
2314 3544 2651 3605 excellentes
2670 3546 2728 3597 et
2753 3543 2889 3597 elles
2916 3542 3050 3596 don·

1765 3618 1909 3672 nent
1930 3633 2042 3670 une
2061 3615 2276 3687 grande
2302 3615 2703 3669 connaissance
2724 3614 2821 3667 des
2838 3614 2924 3667 On
2937 3630 3050 3667 vrra·

1763 3704 1863 3758 ges
1907 3688 1974 3741 de
2014 3706 2055 3743 s.
2109 3687 2502 3755 Chrysostome
2522 3728 2535 3751 ,
2586 3687 2746 3740 etant
2786 3684 3051 3754 remplies

1765 3759 1948 3813 d'une
1974 3758 2197 3812 infinite
2223 3758 2293 3812 d'e
2328 3757 2502 3812 belles
2537 3773 2863 3824 remarques
2890 3755 3052 3809 'criti-

1808 3843 1959 3884 ussa·

1767 3848 1803 3898 q
1840 3904 1882 3972 ⁸)
1910 3900 2297 3955 Praetermitti
2336 3900 2431 3959 hic
2454 3916 2571 3954 non
2597 3900 2806 3953 debent
2843 3898 3053 3963 eruditi

1767 3974 1827 4026 et
1844 3973 2088 4027 celebres
2107 3972 2168 4025 hi
2187 3972 2301 4025 duo
2322 3970 2669 4043 typographi
2696 3971 2897 4024 fratres
2917 3970 2959 4022 F
2971 3970 3053 4024 ri·

1767 4043 1802 4096 d
1822 4060 1850 4097 e
1866 4062 1894 4096 r
1908 4043 1926 4096 i
1942 4062 1969 4096 c
1986 4060 2023 4095 u
2042 4061 2067 4097 s
2091 4041 2379 4106 Morellus,
2412 4042 2601 4109 regius
2640 4041 2870 4113 linguae
2896 4058 3051 4111 grae-

1767 4130 1864 4168 eae
1906 4115 1967 4167 in
2011 4113 2380 4168 universitate
2424 4113 2719 4182 parisiensi
2769 4113 3056 4182 professor

1723 4244 1726 4255 ,
1769 4193 1815 4249 (†
1840 4190 1925 4241 27.
1951 4185 2083 4239 Jun.
2112 4188 2290 4249 1630),
2317 4187 2376 4238 et
2398 4183 2760 4239 Claudius
2788 4184 2860 4237 Μ.
2889 4186 2937 4254 (†
2964 4187 3049 4240 16.

1767 4255 1819 4309 N
1826 4272 1914 4310 ov.
1938 4260 2116 4327 1626),
2144 4255 2242 4325 qui
2267 4254 2433 4309 annis
2461 4256 2576 4309 fere
2597 4255 2839 4322 singulis
2859 4255 3051 4308 aucto·

1767 4326 1846 4380 ris
1871 4326 2123 4397 alicujus
2136 4327 2341 4381 veteris
2361 4326 2478 4380 sive
2504 4326 2715 4379 classici
2738 4326 2856 4379 sive
2881 4323 3052 4377 eccle-

1754 4398 1976 4452 siastici
2003 4414 2175 4467 opera
2213 4399 2474 4457 edebant,
2519 4397 2727 4465 quibus
2752 4396 2813 4448 in
2852 4393 3053 4464 primis

1767 4469 2086 4524 Fridericus
2113 4468 2356 4537 adjicere
2397 4467 2615 4522 solebat
2652 4465 3054 4536 praefationes,

427 4542 712 4594 senatores
763 4541 1100 4611 parisienses
1156 4542 1356 4594 amant
1402 4540 1710 4605 Ducaeum,
1757 4541 2181 4605 annotationes,
2207 4539 2476 4594 lectiones
2498 4538 2779 4593 variantes
2798 4539 2900 4591 etc.
2927 4536 3051 4600 Qua

426 4611 599 4664 etiam
625 4610 1004 4675 casaubonus,
1047 4611 1143 4665 sed
1171 4611 1368 4665 dolent
1392 4627 1509 4665 esse
1534 4611 1559 4663 J
1569 4609 1711 4664 esui·

1765 4612 1828 4665 in
1848 4629 1907 4667 re
1927 4613 2105 4666 secuti
2124 4609 2540 4665 suutFriderici
2565 4610 2741 4679 patris
2762 4608 2852 4662 sui
2872 4624 3055 4662 exem-

425 4684 593 4735 tam.“
624 4682 843 4747 Quanti
859 4700 993 4737 eum
1013 4682 1208 4736 fecerit
1227 4683 1592 4736 Casaubonus
1616 4698 1712 4750 pa·
1756 4683 1945 4753 plum.
1980 4683 2113 4736 Erat
2138 4683 2184 4735 is
2212 4683 2606 4751 typographus
2644 4680 2831 4750 regius
2858 4680 3055 4732 tantae

426 4754 513 4805 tet
537 4769 603 4805 ex
628 4754 800 4824 hujus
827 4753 898 4808 ad
941 4755 1133 4823 ipsum
1159 4752 1420 4824 epistolis
1439 4758 1562 4810 416.
1590 4757 1712 4809 552.
1770 4753 2110 4808 eruditionis
2148 4757 2205 4807 et
2243 4752 2617 4815 auctoritatis,
2664 4755 2729 4805 ut
2754 4750 2860 4804 viri
2899 4750 3054 4804 docti

425 4826 549 4880 560.

645 4923 838 4983 Hurter,
865 4924 1211 4973 Nomenelator
1236 4924 1304 4970 111
1332 4925 1409 4971 ed.
1439 4924 1489 4971 3.

1770 4826 2027 4879 certatim
2054 4825 2166 4895 ipsi
2205 4841 2434 4878 suorum
2468 4838 2703 4892 operum
2741 4821 3056 4875 editionem

2661 4916 2731 4967 26
