3625 5193
577 230 698 282 (337
1055 213 1421 268 1621--1640,
1449 208 1758 277 Theologia
1784 207 2035 277 positiva
2060 212 2119 263 et
2143 207 2419 278 polemica
2443 205 2507 259 in
2533 205 2715 262 Italia.
3069 223 3194 277 688

570 397 820 457 lectione
850 398 922 455 ad
956 414 1203 472 agonem
1232 394 1482 453 animari
1513 393 1719 452 voluit.
1752 392 1851 450 In·
1908 397 1979 452 ut
2024 393 2249 452 iteratis
2293 392 2524 452 vicibus
2569 409 2878 468 processus
2910 411 2944 450 a
2975 409 3019 449 s.
3054 408 3198 449 con·

570 488 713 545 visit
742 505 873 545 eum
907 484 1357 544 decumbentem
1390 482 1710 559 Gregorius
1731 482 1850 541 XV.
1907 482 2250 559 gregatione
2280 481 2507 539 rituum
2537 481 2610 539 de
2640 481 2765 539 vita
2796 484 2858 538 et
2887 480 3195 538 miraculis

570 594 635 634 ac
664 575 759 633 bis
791 576 1168 650 peramanter
1196 572 1499 648 amplexus
1529 590 1758 629 sacrum
1790 590 1853 630 se
1908 571 2092 630 fuerit
2108 571 2446 640 institutae,
2480 570 2634 628 utin
2660 569 2970 628 beatorum
2993 567 3197 627 album

571 684 674 739 pro
705 666 834 739 ejus
863 662 1204 722 valetudine
1234 662 1532 720 facturum
1563 660 1850 736 promisit.
1908 660 2113 720 referri
2143 663 2358 735 posset.

568 753 705 828 Ipse
737 752 954 812 Christi
999 752 1285 810 vicarium
1335 750 1852 824 obsequiosissime

568 843 885 916 reveritus,
924 840 1244 915 usurpavit
1274 838 1424 897 illud
1458 837 1850 898 centurionis:
2001 864 2145 918 295·
2177 854 2313 913 ng
2332 855 2406 913 ad
2426 854 2772 913 Reum-mini
2805 871 2982 928 opem
3001 855 3195 911 trans-

572 931 878 1000 ›Dominev
930 948 1046 988 non
1093 948 1226 987 sum
1270 928 1508 1004 dignus,
1562 930 1633 985 ¹²¹³
1662 927 1851 985 isstfflss
1908 963 2123 1003 eamus.
2173 945 2337 1003 Inter
2387 945 2530 1003 haec
2580 943 2848 1002 omnium
2897 959 3188 1000 consensu

567 1020 677 1079 sub
729 1021 955 1078 tectum
1002 1024 1260 1077 meum.‘
1314 1017 1542 1086 Sancte,
1576 1019 1646 1074 ut
1681 1016 1849 1085 vixit,
1908 1033 2173 1091 eminent
2203 1030 2636 1106 Dsspumtgoneg
2683 1033 2752 1090 410
2797 1031 3197 1089 controversiis

567 1108 887 1184 OXSPifflVst
952 1106 1048 1166 die
1127 1116 1221 1169 17·
1299 1106 1457 1180 Sep&
1539 1124 1587 1163 8·
1665 1113 1850 1168 ¹621·
1906 1121 2040 1195 fidei
2070 1123 2354 1181 adversus
2388 1122 2567 1198 hujus
2614 1120 2895 1196 temporis
2940 1119 3194 1177 haereti·

567 1198 693 1256 HOC
760 1197 953 1273 6108Ῑο
1021 1196 1374 1269 inseriptum
1438 1193 1555 1252 fnit
1635 1212 1851 1252 nomen
1908 1229 2037 1285 cos,
2100 1230 2356 1287 quarum
2405 1210 2829 1285 praestantiam
2892 1210 3197 1266 testantur

566 1285 914 1345 Bellarmini
975 1284 1217 1343 elencho
1292 1282 1685 1341 cardinalium
1745 1282 1850 1340 de·
1908 1302 1968 1358 et
2010 1301 2278 1359 virorum
2322 1300 2800 1358 doctissimorum
2845 1293 3191 1376 enoomiaq,

567 1375 938 1434 functorum:
993 1373 1141 1443 ,Vir
1194 1372 1592 1441 clarissimuS,
1624 1371 1851 1430 theolo-
1907 1389 2085 1447 etjam
2118 1383 2676 1468 protestantium²);
2723 1392 2784 1446 et
2814 1386 3102 1461 repetitae
3137 1404 3193 1443 θ.

567 1483 680 1541 gus
718 1462 1224 1521 eminentissimus
1260 1480 1328 1520 ac
1361 1460 1498 1518 fidei
1533 1460 1852 1519 catholicae

567 1553 975 1628 propugnator
1018 1551 1357 1620 acerrimus,
1419 1548 1851 1607 haereticorum

564 1642 819 1699 malleus
864 1658 1050 1714 aeque
1081 1640 1236 1715 pina
1287 1638 1566 1714 prudens,
1614 1637 1851 1695 humilis
1907 1628 2216 1684 virtutibus
2257 1628 2320 1681 R.
2360 1628 2508 1682 card.
2549 1628 2642 1687 Β.;
2682 1629 2741 1682 et
2777 1626 3014 1681 Lovanii
3054 1632 3195 1684 1753

568 1748 635 1789 ao
664 1746 883 1788 summe
906 1728 1420 1804 eleemosynarius.
1455 1726 1698 1785 Sacrum
1734 1726 1849 1785 col·
1908 1703 2011 1754 ‘'t‘'
2049 1699 2188 1754 Eam
2217 1700 2579 1753 edididemnf'
2610 1699 2783 1753 etiam
2812 1697 3106 1781 Dffllilnge?
3138 1702 3198 1752 et

1797 1815 1809 1827 .
1908 1771 2142 1836 Reusch‚
2184 1771 2347 1826 Bonn
2375 1774 2513 1828 1887
2556 1787 2686 1823 cum
2726 1770 3195 1825 annotationibus

566 1819 790 1895 legium
823 1817 1210 1918 carffifflalhffm
1256 1835 1323 1916 ²30
1351 1833 1642 1916 „unlversa
1686 1834 1852 1916 ⁰¹²f¹⁸¹
1908 1843 2111 1912 spiritu
2133 1844 2193 1895 iu
2211 1842 2556 1896 cardinalem
2578 1857 2773 1896 averso
2797 1841 3049 1895 infectis:
3076 1841 3195 1909 qui-

567 1927 806 1967 romana
837 1909 991 1964 tanti
1026 1925 1134 1964 viri
1167 1923 1542 1964 amissionem
1571 1922 1690 1963 non
1723 1922 1851 1963 sine
1905 1916 2009 1968 bus
2047 1914 2357 1969 remedium
2399 1912 2801 1982 apponendum
2849 1912 3071 1966 censuit
3109 1911 3197 1965 vir

566 1995 829 2055 lacrimis
849 1995 1098 2054 maxime
1130 1994 1497 2053 indoluere.‘
1531 1994 1720 2052 Tanta
1745 2013 1850 2052 au·
1905 1987 2079 2109 glane
2119 1986 2379 2055 egregius
2408 1984 2501 2039 Dr·
2527 1982 2866 2038 Bellflssheim
2909 1983 3036 2037 hissss·
3078 1983 3193 2051 P01·

565 2090 684 2142 tem
700 2084 943 2143 virtutis
955 2079 1847 2157 Bellarminifuitaestimat.io¹)‚
1906 2056 2364 2184 θὲὲξζζῼοὲξέὶθλ
2393 2060 2598 2127 1-213
2626 2057 2905 2126 96-1083
2945 2058 3194 2110 241-51

1983 2203 2022 2264 ¹)
2064 2196 2331 2252 Omnium
2381 2196 2609 2252 nomine
2659 2196 2929 2250 audiatur
2977 2194 3083 2249 Ku
3100 2196 3139 2249 h
3156 2214 3194 2248 n

1907 2269 2067 2340 (Tub.
2083 2268 2323 2335 Qtlschr.
2341 2272 2481 2326 1844
2494 2286 2550 2337 p.
2566 2271 2671 2325 282
2688 2271 2751 2350 s.)
2767 2289 2778 2320 ε
2803 2266 3018 2327 „Ueber
3033 2266 3196 2320 ihren

642 2351 655 2384 ¹
704 2343 786 2398 De
813 2360 929 2411 qua
954 2344 1022 2399 cf.
1051 2342 1362 2398 Sotvellum
1388 2342 1449 2396 in
1475 2341 1621 2396 Bibl.
1647 2339 1847 2409 Script.
1915 2340 2107 2395 Werth
2131 2340 2209 2394 ist
2234 2357 2344 2393 von
2376 2340 2528 2394 'eher
2552 2357 2660 2392 nur
2691 2356 2816 2393 eine
2843 2337 3078 2393 Stimme
3103 2355 3194 2408 ge·

564 2417 617 2471 S.
632 2348 699 2482 J).,
725 2417 893 2470 Marc.
913 2414 1136 2467 Cervini
1162 2414 1285 2484 ejus
1306 2429 1481 2482 nepos
1499 2413 1559 2465 in
1588 2413 1624 2468 1.
1643 2412 1850 2466 Adum-
1905 2428 2105 2476 wesen,
2149 2411 2267 2465 und
2305 2358 2480 2465 selbst
2519 2410 2625 2464 auf
2655 2410 2751 2464 der
2787 2409 3195 2480 gegnerischen

562 2488 922 2557 brataimago
935 2485 1247 2540 solidarum
1261 2486 1535 2538 virtutum
1547 2483 1684 2543 Rob,
1697 2484 1851 2539 card.
1907 2483 2055 2538 Seite
2082 2482 2257 2537 fehlte
2287 2498 2344 2536 es
2369 2482 2530 2535 nicht
2555 2498 2629 2534 an
2655 2481 3003 2551 glanzeuden
3022 2482 3196 2535 Aner-

565 2559 644 2623 B.,
672 2557 841 2614 Siena
867 2560 1006 2615 1622
1033 2558 1093 2611 et
1116 2555 1285 2610 alibi·
1329 2557 1442 2609 Jac.
1471 2554 1763 2625 Fuligatto
1788 2553 1848 2608 in
1905 2555 2247 2626 kennungen
2270 2553 2577 2613 derselbeu,
2609 2552 2749 2607 Eine
2773 2550 3194 2607 vollkommene

563 2631 685 2684 vita
700 2629 890 2684 italice
907 2627 1236 2697 conscripta,
1258 2602 1470 2681 Romae
1486 2631 1650 2699 1624;
1672 2627 1849 2680 latine
1904 2626 2330 2696 Bemeisterung
2355 2627 2454 2679 des
2481 2624 2905 2694 Gegenstandes
2933 2624 3051 2676 und
3078 2642 3195 2677 uin·

560 2717 722 2755 versa
748 2702 807 2754 et
833 2702 1003 2753 aucta
1030 2715 1097 2751 ex
1123 2698 1263 2752 actis
1287 2715 1390 2768 pro
1418 2699 1542 2765 ejus
1569 2698 1848 2751 beatifica·
1906 2698 2163 2752 fassende
2204 2696 2669 2761 Gelehrsamkeit,
2709 2696 2833 2749 eine
2877 2694 3197 2750 Bestimmt-

561 2772 714 2825 tione
742 2788 770 2824 e
796 2769 1169 2824 relationibus
1187 2769 1336 2823 ultra
1361 2772 1432 2825 80
1452 2768 1676 2822 testium
1693 2769 1848 2838 jura·
1905 2768 2025 2823 heit
2070 2769 2187 2822 und
2234 2768 2490 2822 Klarheit
2536 2767 2635 2821 der
2678 2765 3046 2836 Darstellung
3089 2766 3194 2821 wie

561 2845 750 2896 torum
790 2840 1115 2910 compositis
1149 2856 1183 2892 a
1220 2840 1618 2894 Petra-Sancta
1655 2838 1849 2893 Leodii
1905 2857 2034 2893 man
2084 2840 2160 2893 sie
2208 2858 2316 2893 nur
2371 2838 2550 2892 selten
2593 2838 2938 2893 beisammen
2998 2836 3194 2902 findet,

563 2917 732 2982 1626;
774 2914 832 2965 et
869 2913 1119 2965 recenter
1156 2910 1187 2963 J
1196 2958 1208 2970 ,
1233 2911 1294 2965 B.
1323 2911 1573 2965 Condere
1612 2910 1688 2966 Le
1721 2910 1848 2964 ven.
1905 2911 2172 2965 zeichnen
2198 2910 2352 2964 seine
2379 2909 2820 2979 Disputationen
2853 2908 3037 2977 gleicb
3066 2910 3196 2963 sehi-

562 2984 708 3037 card.
736 2982 1044 3036 Bellarmin
1064 2982 1219 3035 Paris
1239 2986 1396 3039 1893.
1424 2982 1630 3036 Omnes
1655 2984 1847 3035 tamen
1904 2997 2021 3036 aus.
2064 2984 2220 3036 Dazu
2248 2982 2471 3037 kommt
2492 2981 2638 3035 noch
2667 2982 2760 3035 ein
2794 2981 3030 3034 auderet
3059 2978 3194 3034 Vor-

564 3055 670 3109 hae
695 3053 848 3108 vitae
884 3052 1258 3123 panegyricas
1295 3055 1445 3116 sunt,
1484 3053 1737 3106 nondum
1766 3070 1848 3106 sa·
1905 3071 2025 3122 zug.
2069 3053 2169 3107 Bei
2193 3051 2500 3108 Bellarmin
2540 3052 2718 3118 findet
2742 3070 2875 3105 man
2901 3051 3070 3105 keine
3096 3051 3195 3106 lei-

564 3126 639 3180 tis
663 3125 904 3180 criticae.
933 3124 1015 3179 cf.
1033 3124 1334 3178 Buschbell
1362 3126 1481 3177 Aus
1509 3122 1848 3178 Bellarmins
1905 3124 2387 3179 denschaftlichen
2399 3122 2915 3187 Ausbriiche,keine
2928 3124 3194 3176 Schmah-

561 3197 789 3267 Jugeud
803 3196 936 3256 hist,
961 3196 1155 3249 Jahrb.
1188 3196 1366 3249 xxm
1388 3198 1566 3265 (1902)
1608 3199 1847 3265 52—75;
1905 3213 2094 3266 ungen
2123 3196 2239 3249 und
2279 3195 2583 3250 boshaften
2610 3194 3055 3263 Verdrehungen
3096 3194 3195 3247 der

559 3273 837 3326 307—19:
878 3267 1004 3323 coll.
1032 3266 1522 3321 'racchi-Venturi
1566 3239 1645 3320 La
1685 3282 1844 3320 voca·
1904 3267 2308 3337 gegnerisehen
2326 3265 2516 3321 Lehre.
2544 3264 2619 3318 Er
2639 3265 2885 3320 schreibt
2911 3265 3018 3319 mit
3040 3265 3193 3318 ruhi-

561 3341 721 3395 zione
763 3339 855 3394 del
879 3355 1004 3393 ven.
1031 3339 1092 3392 R.
1120 3339 1180 3397 B.
1224 3338 1336 3393 alla
1362 3338 1552 3406 Comp.
1595 3337 1656 3392 di
1682 3337 1746 3391 G.
1786 3337 1844 3390 in
1902 3355 2030 3406 gem
2050 3337 2231 3403 Ernst,
2259 3338 2369 3391 mit
2394 3339 2489 3392 der
2505 3336 2718 3390 Wiirde
2746 3337 2844 3391 des
2870 3337 3065 3391 echten
3089 3335 3192 3390 Ge-

560 3412 717 3466 Rom.
736 3409 976 3476 Qtlschr.
994 3411 1120 3463 XVI
1127 3410 1375 3481 1[(1904)
1392 3414 1704 3468 190—204;
1725 3407 1847 3463 Bel·
1902 3409 2120 3463 lehrten
2147 3409 2262 3462 und
2288 3409 2396 3463 mit
2419 3408 2572 3463 einer
2599 3407 2918 3470 Urbanitat,
2960 3407 3053 3462 die
3080 3407 3188 3461 den

561 3482 795 3537 lesheim
838 3480 1112 3536 Katbolik
1139 3483 1346 3545 19041,
1386 3484 1700 3553 225—246;
1741 3484 1846 3536 329
1904 3480 2166 3534 Cardinal
2194 3481 2292 3534 der
2327 3480 2640 3534 romischen
2666 3478 2872 3533 Kirche
2910 3480 3185 3533 verrathst·

560 3558 764 3625 —3473
807 3552 1058 3620 aliosque
1093 3555 1381 3621 auctores;
1422 3568 1564 3619 quos
1599 3554 1849 3606 recenset
1904 3552 2211 3605 Ferebatur
2236 3551 2465 3633 quidem
2491 3551 2851 3605 doctissimus
2881 3550 3189 3633 cardina-lis

558 3623 1329 3775 fflffiffissfflmffffssss‘ffi
1346 3627 1590 3748 bssav‘i'ss‘}
1606 3622 1846 3762 ᾶέεὲἒίξῗ
1903 3621 2432 3773 ᾶὲεὲἓῗὲἓῑὲῖζῖὲῗ
2448 3622 2828 3762 ξὲἓῗίἒὲιέ
2836 3636 3189 3746 ᾙΞῗιιῖζᾞῗ

561 3769 636 3817 sit
653 3765 900 3845 ’loquens
926 3766 994 3818 de
1020 3782 1078 3819 se
1112 3766 1173 3818 in
1200 3766 1371 3819 tertia
1410 3781 1665 3834 persona.
1709 3764 1845 3817 Nar·
1903 3711 2202 3833 agebatur
2226 3763 2624 3823 Bellarminusz
2663 3780 2857 3818 verum
2888 3763 3189 3819 Petronius

559 3839 832 3887 rationem
852 3851 979 3888 vero
997 3836 1241 3889 absolvit
1255 3837 1407 3890 hisce
1429 3836 1634 3890 verbis:
1664 3835 1847 3897 „Haec
1901 3834 1995 3889 vix
2032 3835 2232 3888 audita
2270 3834 2557 3889 calumnia
2592 3834 2874 3905 insignem
2914 3836 2986 3888 ad
3023 3833 3185 3887 illuni

560 3904 788 3972 scripsit
806 3904 877 3957 N.
897 3910 1125 3975 rogatus
1144 3907 1214 3958 ab
1234 3907 1413 3960 amico
1441 3910 1498 3961 et
1523 3907 1695 3961 fratre
1716 3908 1845 3972 (An-
1902 3906 2127 3975 scripsit
2151 3906 2445 3975 epistolam
2486 3905 2689 3961 sinceri
2713 3905 2920 3958 amoris
2959 3908 3017 3959 et
3040 3923 3188 3958 sum-

562 3974 694 4027 drea
734 3974 830 4026 Eu
849 3975 1097 4030 daemo
1116 3977 1261 4041 iii0‚
1317 3978 1384 4032 de
1425 3995 1538 4045 quo
1584 3979 1752 4043 infra)
1793 3994 1842 4030 a.
1902 3993 2028 4031 mae
2054 3977 2469 4032 aestimationis
2488 3981 2773 4040 tesseram,
2799 3976 2855 4029 in
2883 3991 2997 4043 qua
3018 3978 3184 4028 testa-

561 4048 701 4101 1613
721 4062 910 4099 mense
926 4046 957 4098 J
965 4046 1113 4101 unio.
1144 4047 1222 4102 De
1239 4048 1552 4102 virtutibus
1567 4049 1683 4102 suis
1702 4048 1843 4103 nihil
1901 4051 2013 4113 tur,
2042 4065 2210 4119 opera
2230 4066 2333 4102 sua
2359 4049 2458 4103 has
2475 4047 2891 4119 disputationes
2911 4063 3012 4114 pro
3041 4063 3185 4099 com-

563 4115 723 4180 dixit,
767 4116 903 4195 quia
929 4117 1122 4181 nescit,
1162 4135 1235 4171 an
1263 4118 1438 4173 ullam
1465 4137 1591 4174 vere
1619 4119 1843 4174 habeat.
1903 4120 2060 4174 muni
2099 4120 2348 4174 utilitate
2386 4122 2447 4173 in
2485 4121 2744 4189 linguam
2784 4117 2960 4171 fuisse
2999 4133 3186 4171 versas

560 4184 639 4237 De
652 4186 813 4266 ‘vitiis
829 4187 1024 4251 tacuit,
1049 4188 1186 4254 quia
1202 4207 1316 4243 non
1334 4192 1471 4244 sunt
1484 4189 1674 4258 digna,
1699 4207 1845 4259 quae
1901 4190 2181 4261 gallicam.
2223 4190 2305 4246 cf.
2333 4192 2476 4245 hauc
2502 4190 2800 4262 epistolam
2826 4188 2885 4241 in
2913 4188 3189 4243 Katholik

563 4259 897 4324 scribantur,
938 4261 995 4312 et
1019 4259 1237 4313 utinam
1266 4260 1332 4314 de
1358 4260 1503 4314 libro
1533 4260 1631 4314 Dei
1658 4261 1846 4315 deleta
1902 4266 2043 4319 1865
2072 4262 2140 4327 ll,
2165 4267 2236 4319 43
2263 4280 2331 4316 ss.

560 4326 928 4382 inveniantur
964 4330 1023 4382 in
1058 4329 1150 4384 die
1196 4331 1403 4396 'udicii,
1431 4331 1627 4386 Amen.
1676 4330 1845 4386 Orate
1977 4337 2016 4405 ²)
2056 4335 2142 4387 Ita
2188 4350 2253 4387 ex
2299 4351 2379 4403 gr.
2425 4333 2620 4387 scribit
2661 4333 3013 4386 Montacu
3030 4332 3188 4387 tius

562 4415 678 4479 pro·
704 4412 839 4453 me.“
893 4402 1151 4454 Ceterum
1228 4417 1325 4455 aec
1367 4402 1705 4472 autobiogra
1746 4403 1846 4457 hia
1901 4407 2096 4474 (praef.
2123 4404 2197 4457 ad
2217 4420 2292 4473 ap
2337 4421 2412 4458 ar.
2434 4405 2507 4459 ad
2528 4404 2666 4475 orig.
2689 4403 2821 4458 eccl.
2844 4422 2886 4457 s.
2907 4407 3024 4475 56):
3053 4402 3189 4465 „Vir

562 4469 878 4537 potioribus
904 4472 1326 4540 exceptionibus
1353 4471 1616 4525 adversus
1639 4473 1713 4527 Be
1738 4474 1843 4528 lar·
1901 4479 2038 4539 erat,
2051 4475 2203 4529 haud
2218 4422 2333 4528 ini?
2356 4476 2367 4486 '

624 4538 633 4547 ,
687 4538 698 4548 ‚
854 4540 865 4551 ³
1011 4541 1021 4551 ·
1368 4543 1380 4552 ⁶
2322 4475 2836 4541 cior,admirandae
2852 4474 3186 4537 industriae,

563 4555 704 4589 mini
720 4541 1188 4623 beatificationem
1203 4557 1548 4596 occasionem
1603 4545 1843 4610 raebuit,
1902 4546 2205 4612 doctrinae,
2246 4547 2506 4601 lectionis
2544 4547 2860 4617 stupendae
2898 4544 3185 4599 Bellarmi-

564 4611 631 4659 ut
654 4611 815 4675 patet
854 4625 918 4663 ex
954 4612 1172 4692 prolixo
1207 4614 1338 4693 voto
1378 4613 1523 4667 card.
1598 4616 1846 4670 assionei
1900 4634 2025 4681 nus,
2067 4618 2167 4686 qui
2196 4621 2262 4671 ut
2296 4618 2531 4687 primus,
2569 4617 2654 4672 ita
2686 4618 2843 4672 solus
2880 4616 3185 4670 immanem

563 4679 758 4757 contra
781 4696 904 4732 eam
933 4681 1100 4735 edite.
1130 4682 1353 4736 Prodiit
1376 4700 1442 4737 ea
1465 4684 1676 4740 Romae
1703 4692 1843 4745 1676
1898 4687 2059 4741 illam
2085 4689 2293 4743 molem
2319 4691 2379 4742 et
2401 4689 2737 4743 immensum
2763 4689 2932 4743 chaos
2970 4688 3184 4741 contro-

563 4764 623 4799 in
662 4749 966 4804 Summario
1001 4758 1285 4819 positionis
1332 4770 1503 4825 super
1549 4757 1720 4810 dubio
1774 4758 1842 4812 de
1899 4758 2211 4812 vei-siarum
2231 4760 2517 4830 stupenda
2537 4759 2754 4830 ingenii
2775 4759 2989 4813 dexteri
3014 4757 3185 4813 felici-
