3625 5193
488 276 612 328 669

1332 258 1576 312 Thomas
1621 259 1688 312 de
1717 257 1931 324 LemOS,
1960 258 2254 338 Gonzalez.
2989 278 3112 332 670

487 449 858 514 sanctorum3
908 448 951 503 t.
990 454 1024 506 3
1061 446 1131 503 de
1182 443 1411 502 influxu
1444 443 1548 502 Dei
1584 445 1644 502 in
1678 463 1770 502 se·
1828 446 1949 520 qui,
1970 447 2042 503 ut
2056 446 2362 513 asseritur,
2377 444 2697 520 praedictis
2712 446 3119 505 interfuerunt

485 535 705 593 cundas
723 551 926 592 causas
957 533 1251 592 naturalis
1281 533 1523 602 ordinis,
1545 537 1617 591 ut
1637 551 1771 592 suas
1828 535 2424 611 congregationibus3
2455 551 2684 593 necnon
2700 535 2994 610 quoddam
3011 556 3115 595 au-

486 624 856 698 operationes
885 623 1189 681 naturales
1222 622 1570 698 producant,
1606 626 1666 680 et
1697 622 1770 680 de
1827 624 2185 700 tographum
2218 642 2322 681 seu
2354 622 2655 697 exemplar
2686 630 2945 683 assertae
2978 643 3115 683 con·

485 712 715 770 viribus
747 713 929 770 creati
962 712 1197 770 arbitrii
1227 729 1360 769 cum
1397 710 1520 769 solo
1541 712 1772 770 influxu
1829 712 2162 771 stitutionis
2196 711 2457 787 ejusdem
2490 712 2662 769 Pauli
2693 712 2762 773 V.
2807 732 2987 788 super
3018 714 3117 772 de·

484 801 746 878 generali
781 801 1005 860 ordinis
1037 800 1327 859 naturalis
1360 799 1434 858 ad
1467 798 1772 858 efficienda
1826 801 2094 860 finitione
2126 801 2463 877 praedictae
2504 802 2869 874 quaestionis
2903 802 2975 861 de
3009 822 3116 862 au—

485 909 660 966 opera
691 890 952 948 moralia.
986 889 1056 946 In
1086 893 1128 947 t.
1166 899 1221 950 4.
1255 888 1511 963 denique
1542 890 1667 966 agit
1699 890 1769 947 de
1826 890 1984 948 xiliis
2046 909 2111 948 ac
2173 890 2573 948 damnationis
2627 892 2958 950 sententiae
3012 910 3117 950 seu

483 979 916 1053 praevenientis
949 979 1178 1055 gratiae
1228 977 1463 1035 divinae
1495 977 1767 1047 efficacia,
1830 980 2261 1038 sententiarum
2306 979 2368 1037 L.
2402 979 2655 1037 Molinae
2688 980 2744 1037 S.
2776 979 2815 1037 J
2820 1000 2862 1038 .:
2913 979 3116 1039 eadem

484 1087 600 1142 qua
651 1069 810 1126 Deus
861 1071 1144 1143 operatur
1193 1068 1256 1124 in
1308 1066 1477 1125 nobis
1526 1069 1678 1125 velle
1710 1069 1772 1124 et
1830 1068 2123 1127 Sanctitas
2157 1085 2265 1127 suo
2299 1068 2597 1143 praesenti
2627 1069 2736 1126 hoc
2755 1068 2990 1128 decreto
3013 1069 3113 1128 de-

484 1157 713 1231 operari
746 1175 850 1232 pro
870 1157 1027 1215 bona
1045 1157 1356 1215 voluntate
1376 1158 1437 1213 et
1468 1156 1540 1214 de
1573 1157 1772 1232 gratia
1829 1158 2011 1216 clarat
2041 1161 2221 1232 atque
2265 1156 2532 1215 decernit
2577 1156 2889 1231 praedictis
2931 1177 3115 1217 asser-

483 1245 701 1316 divina,
735 1250 913 1321 prout
946 1245 1120 1303 habet
1164 1245 1451 1302 rationem
1484 1243 1769 1326 auxiliil).
1827 1247 1909 1304 tis
1961 1247 2103 1304 actis
2151 1250 2276 1303 tam
2325 1264 2433 1321 pro
2485 1246 2781 1304 sententia
2829 1248 2936 1306 FF.
2972 1248 3036 1306 Ο.
3070 1265 3114 1305 0.

484 1334 661 1392 Plura
710 1334 825 1392 alia
874 1334 1179 1392 volumina
1213 1328 1349 1414 (19)
1398 1332 1663 1408 ejusdem
1696 1334 1769 1390 ad

484 1424 996 1500 congregationem
1050 1424 1120 1480 de
1171 1422 1408 1479 auxiliis
1443 1422 1772 1498 spectantia

486 1515 836 1571 manserunt
865 1530 1001 1570 mss.
1035 1509 1189 1569 Acta
1237 1513 1432 1569 omnia
1465 1530 1768 1588 conqreya-

484 1603 700 1658 tionum
749 1621 817 1660 ac
860 1602 1334 1674 disputationum,
1379 1619 1530 1673 quae
1576 1619 1770 1659 coram

484 1708 556 1747 ss.
590 1689 882 1749 Clemente
914 1690 1067 1748 VIII.
1102 1693 1163 1747 et
1194 1689 1379 1746 Paulo
1402 1689 1466 1747 V.
1499 1695 1643 1748 sunt
1676 1708 1767 1747 ce-

484 1779 668 1837 lebrat
678 1797 744 1836 ae
777 1779 838 1837 in
871 1797 1046 1837 causa
1065 1781 1126 1837 et
1145 1779 1551 1837 controversia
1570 1780 1642 1836 de
1662 1798 1768 1836 au-

482 1869 643 1925 xiliis
661 1869 887 1925 divinae
909 1870 1152 1944 gyrat-iae,
1187 1866 1478 1941 quaesere
1510 1871 1648 1943 post
1681 1886 1768 1925 se-

485 1956 684 2014 culum
717 1957 960 2016 Lovanii
1002 1968 1074 2019 17
1087 1966 1166 2019 02
1205 1952 1394 2036 (typis
1442 1952 1765 2035 ementitis)

482 2044 545 2101 in
575 2045 613 2102 f.
648 2047 760 2104 sub
792 2047 920 2120 ejus
963 2047 1199 2103 nomine
1245 2044 1614 2119 prodierunt,
1648 2064 1768 2103 non

482 2137 683 2192 tantae
718 2138 863 2194 sunt
906 2135 1296 2193 auctoritatis
1344 2137 1414 2190 ut
1460 2133 1522 2192 in
1563 2153 1767 2193 eorum

483 2223 673 2298 possit
705 2224 884 2282 verba
908 2224 1115 2298 jurari.
1167 2224 1292 2280 Imo
1326 2241 1460 2280 cum
1491 2222 1768 2280 nonnulli

484 2330 655 2386 opere
706 2331 878 2372 mser.
924 2314 1333 2380 abuterentur,
1386 2311 1766 2370 Innocentius

485 2399 549 2457 X.
584 2401 689 2460 hoc
720 2401 908 2459 edidit
941 2401 1243 2460 decretum
1282 2400 1539 2476 23.Apr.
1572 2409 1765 2463 1654:

487 2490 670 2556 ,Cum
703 2493 826 2548 tam
858 2491 1071 2550 Rornae
1122 2509 1300 2565 quam
1345 2489 1486 2546 alibi
1520 2489 1768 2548 circum·

483 2578 749 2638 ferantur
781 2579 1067 2654 quaedam
1117 2584 1343 2638 asserta
1392 2583 1523 2637 acta
1567 2599 1768 2637 manu·

486 2668 705 2744 scripta
738 2672 799 2727 et
829 2670 1026 2727 forsan
1067 2670 1228 2745 typis
1275 2685 1487 2726 excusa
1520 2685 1769 2745 congre-

484 2758 794 2833 gationum
827 2758 1160 2816 habitarum
1194 2776 1390 2815 coram
1427 2757 1459 2813 f.
1496 2776 1606 2815 rec.
1642 2757 1770 2815 Cle·

483 2850 681 2905 mente
714 2847 867 2905 VIlI.
920 2849 980 2905 et
1030 2847 1214 2904 Paulo
1249 2846 1312 2902 V.
1365 2864 1544 2920 super
1594 2865 1770 2921 quae-

485 2936 677 2994 stione
710 2937 782 2994 de
816 2936 1052 2994 auxiliis
1084 2936 1309 3011 gratiae
1359 2937 1481 2991 tam
1516 2935 1626 2992 sub
1661 2954 1770 2992 no-

484 3024 641 3081 mine
673 3025 718 3082 F
721 3045 766 3081 r.
799 3025 1029 3101 Pegnae
1076 3024 1216 3082 olim
1250 3024 1435 3081 Rotae
1481 3042 1624 3080 rom.
1671 3023 1770 3080 de-

487 3114 616 3170 cani
650 3132 828 3188 quam
860 3114 928 3171 fr.
962 3114 1034 3171 de
1078 3113 1336 3171 11011100
1384 3111 1446 3169 O.
1484 3112 1576 3173 Pr.
1628 3112 1769 3169 alio-

486 3220 735 3265 rumque
768 3201 1157 3276 praelatorum
1189 3208 1250 3260 et
1271 3198 1769 3280 theologorum2)‚

562 3322 599 3388 ¹)
627 3317 746 3369 D’A
762 3335 790 3370 r
805 3338 842 3387 g
858 3336 886 3371 e
902 3337 938 3370 11
956 3321 981 3370 t
997 3336 1025 3370 r
1040 3318 1068 3372 ἐ
1108 3319 1167 3370 111
1211 3319 1510 3371 comment.
1540 3314 1674 3372 hist..
1704 3318 1772 3370 de

487 3389 675 3456 praed.
706 3392 763 3442 et
787 3390 1002 3459 reprob.
1045 3406 1134 3458 op.
1165 3389 1251 3442 Gr
1268 3406 1352 3442 an
1369 3388 1496 3441 din
1525 3388 1620 3453 111,
1647 3393 1771 3444 252.

488 3458 557 3511 de
583 3460 686 3513 bac
713 3461 795 3513 ed.
824 3460 1041 3513 scribit:
1072 3460 1246 3520 „Cum
1267 3460 1328 3512 hi
1350 3462 1628 3513 tractat-us
1648 3477 1772 3512 cen·

491 3533 613 3584 tum
635 3531 798 3584 annis
821 3536 880 3602 (ν)
913 3533 1042 3600 post
1060 3532 1281 3585 obitum
1303 3530 1404 3584 Th.
1435 3532 1503 3584 de
1533 3532 1574 3584 L
1592 3547 1773 3585 emos

484 3619 664 3671 nuper
688 3602 749 3655 in
777 3603 956 3656 lucem
986 3602 1124 3656 editi
1160 3604 1276 3657 sint
1302 3618 1471 3671 opera
1497 3606 1555 3655 et
1580 3601 1771 3655 studio

487 3674 840 3739 quorundam
887 3673 917 3726 J
924 3675 1142 3727 ansenii
1203 3674 1574 3739 defensorum,
1638 3673 1772 3726 hinc

487 3744 747 3797 nonnulli
766 3746 1143 3814 suspicantur,
1164 3745 1412 3814 genuina
1430 3744 1586 3799 illius
1603 3744 1771 3814 scrip·

486 3817 546 3868 ta
596 3816 774 3869 infida
826 3834 999 3870 manu
1049 3820 1316 3887 corrupta
1367 3815 1555 3868 fuisse.
1610 3815 1771 3880 Quod

487 3887 714 3952 quidem
741 3904 829 3941 me
857 3887 1014 3949 latet,
1043 3905 1141 3941 nee
1158 3888 1276 3941 veri
1292 3887 1476 3939 simile
1493 3886 1767 3941 videtur.“

488 3957 568 4018 Cf,
599 3961 791 4011 tamen
818 3959 1006 4026 Meyer
1032 3960 1163 4013 hist.
1189 3962 1443 4013 controv.
1470 3959 1538 4011 de
1557 3959 1669 4011 div.
1687 3975 1769 4027 gr.

486 4045 610 4082 aux.
640 4029 792 4083 vind.
819 4029 856 4082 l.
891 4038 933 4089 l,
956 4047 999 4085 c.
1018 4034 1067 4085 ⁶2.
1097 4030 1233 4084 Cum
1262 4028 1523 4081 nonnulli
1550 4029 1772 4099 impug-

487 4101 689 4153 narent
714 4101 950 4153 Lemosii
979 4118 1136 4171 apua,
1156 4100 1383 4169 quidam
1401 4099 1504 4153 ΡΡ.
1523 4101 1771 4169 ejusdem

490 4170 606 4223 ord.
634 4171 962 4226 obtulerunt
988 4172 1314 4225 Innocentio
1340 4171 1431 4223 XI.
1466 4174 1775 4225 Memor-tale

489 4259 605 4294 cum
631 4246 875 4296 vindiciis
900 4247 953 4297 ll.
991 4246 1086 4297 Th.
1113 4246 1174 4295 de
1199 4246 1261 4296 L.
1292 4246 1549 4309 Pcmoplia
1564 4248 1774 4311 qratiae

488 4315 885 4381 inscriptorum,
914 4317 1206 4381 Augustae
1237 4314 1301 4367 V.
1331 4316 1483 4369 1682.

558 4389 598 4448 ²)
616 4384 770 4437 Inter
781 4384 884 4438 11οο
896 4385 1191 4454 theologos
1210 4383 1589 4438 nominandus
1602 4385 1772 4437 etiam

487 4456 573 4506 est
596 4453 626 4506 J
633 4455 839 4508 acobus
865 4456 908 4507 B
926 4472 957 4508 o
975 4473 1001 4509 s
1016 4473 1040 4508 s
1059 4474 1094 4508 u
1124 4456 1184 4509 Ο.
1208 4454 1260 4509 S.
1283 4454 1416 4508 Ben.
1445 4454 1773 4508 Parisiensis

486 4542 543 4577 n.
570 4529 727 4590 1546,
755 4526 857 4594 qui
884 4528 1146 4580 omnibus
1187 4528 1254 4581 de
1290 4526 1518 4579 auxiliis
1546 4542 1772 4595 congre·

486 4597 815 4664 gationibus
841 4596 1108 4651 interfuit
1131 4614 1256 4651 acer
1280 4596 1576 4650 moliniani
1601 4600 1772 4666 syste-

487 4669 655 4721 matis
683 4668 1037 4721 adversarius
1054 4677 1099 4732 (†
1117 4673 1293 4739 1626),
1315 4669 1466 4736 quod
1495 4668 1670 4722 etiam
1690 4668 1772 4720 ni-

487 4754 581 4792 sus
598 4743 682 4793 001
696 4738 919 4808 prolixo
937 4757 1100 4807 opere
1115 4739 1470 4809 impugnare,
1493 4742 1670 4793 morte
1692 4742 1771 4792 ta-

487 4826 616 4864 men
643 4809 1005 4881 praepeditus
1049 4810 1193 4863 illud
1221 4810 1509 4864 absolvere
1537 4828 1651 4865 non
1676 4828 1771 4879 po·

1831 1335 2119 1394 Dominici
2150 1353 2330 1409 quam
2361 1334 2423 1393 L.
2456 1334 2708 1392 Molinae
2746 1336 3117 1411 aliorumque

1829 1424 1883 1482 S.
1917 1424 1972 1485 J.
2017 1424 2443 1499 religiosorum,
2491 1426 2552 1481 et
2592 1426 2959 1501 autographo
2992 1425 3116 1483 sive

1827 1513 2143 1587 exemplari
2170 1511 2502 1588 praedictae
2534 1516 2794 1571 assertae
2826 1515 3116 1573 constitu-

1826 1602 2011 1660 tionis
2043 1602 2216 1659 Pauli
2238 1602 2305 1659 V.
2337 1601 2628 1660 nullam
2679 1603 2979 1662 omnino
3028 1604 3116 1661 fi·

1825 1691 1863 1748 d
1881 1710 1912 1749 e
1928 1711 1986 1748 m
2018 1709 2147 1749 esse
2181 1689 2596 1760 adhibendam,
2629 1709 2821 1766 neque
2842 1694 2915 1750 ab
2937 1693 3114 1751 alter-

1827 1784 1962 1838 utra
1993 1784 2165 1856 parte
2212 1798 2315 1838 seu
2348 1799 2382 1838 a
2413 1798 2771 1855 quocunque
2820 1781 2935 1839 alio
2973 1782 3117 1839 alle·

1826 1869 1957 1945 gari
1989 1887 2162 1944 posse
2194 1870 2289 1926 vel
2321 1868 2552 1939 debere,
2590 1869 2691 1927 sed
2722 1888 2902 1945 super
2935 1888 3116 1945 quae·

1828 1958 2019 2016 stione
2068 1957 2367 2033 praedicta
2419 1957 2784 2016 observanda
2829 1977 2953 2017 esse
3016 1959 3116 2017 de·

1827 2050 1986 2104 creta
2016 2046 2185 2104 Pauli
2217 2046 2282 2103 V.
2317 2048 2377 2103 et
2412 2046 2634 2104 Urbani
2665 2047 2818 2104 VIII.
2872 2066 3115 2107 suorum

1825 2135 2340 2210 praedecessorum
2356 2128 2455 2215 ¹).‚
2530 2169 2616 2177 —
2663 2134 2916 2193 Strenuo
2979 2136 3117 2194 huic

1827 2224 2045 2282 vindici
2077 2224 2410 2299 theologiae
2429 2222 2803 2281 thomisticae
2837 2225 3115 2300 adjungi-

1827 2332 1958 2371 mus
1992 2312 2251 2370 sodalem
2284 2312 2574 2370 {Ioannem
2610 2312 3113 2371 GonzalezLe-

1826 2403 2170 2478 gionensem
2220 2398 2317 2481 (de
2349 2395 2550 2480 Leon),
2592 2400 2788 2458 virum
2835 2420 2952 2476 qua
2993 2402 3114 2477 pie-

1826 2494 1950 2548 tate
1982 2509 2104 2565 qua
2135 2489 2470 2548 eruditione
2504 2508 2615 2547 sua
2646 2491 2839 2548 aetate
2870 2490 3111 2560 clarum,

1827 2579 2041 2638 Romae
2074 2582 2138 2639 in
2171 2578 2421 2655 collegio
2467 2577 2540 2637 ad
2575 2577 2898 2637 Minervam
2929 2579 3115 2638 studii

1828 2674 2130 2745 regentem
2177 2672 2237 2726 et
2269 2687 2313 2729 0.
2348 2669 2685 2743 Scripturae
2730 2668 3115 2744 interpretem

1832 2754 2058 2838 (floruit
2090 2776 2138 2817 c.
2172 2777 2220 2815 a.
2264 2753 2475 2837 1636),
2525 2758 2693 2832 cujus
2739 2776 2886 2833 opus
2916 2758 3116 2816 Leodii

1830 2847 2065 2906 nonnisi
2106 2856 2270 2909 1708
2306 2847 2369 2904 in
2405 2857 2458 2908 4.
2493 2846 2716 2922 prodiit
2767 2847 2874 2906 hoc
2905 2848 3115 2906 titulo:

1835 2936 2263 2995 Controversiae
2306 2938 2454 2993 inter
2486 2937 2809 3009 defensores
2840 2938 3118 2995 libertatis

1830 3032 1879 3081 et
1904 3025 2336 3100 praedicatores
2378 3026 2605 3100 qratiae
2650 3028 2771 3083 tam
2805 3025 3116 3083 excitantis

1830 3133 2009 3187 quam
2042 3113 2398 3189 adjuvantis,
2447 3116 2570 3170 tam
2604 3114 2904 3188 operantis
2938 3134 3118 3189 quam

1831 3203 2218 3277 cooperantia,
2254 3206 2375 3259 tam
2409 3198 2759 3260 sufficientis
2782 3222 2958 3276 quam
2993 3203 3115 3261 effi-

1830 3292 1977 3349 cacis
2011 3294 2071 3348 et
2103 3291 2172 3349 de
2224 3291 2502 3348 extremis
2539 3290 2974 3349 haereticorum
3025 3311 3116 3348 er-

1830 3379 2063 3437 roribus
2097 3381 2250 3437 circa
2292 3378 2554 3447 eandem,
2604 3379 2810 3437 Romae
2858 3400 2907 3437 a.
2950 3389 3113 3441 16:35

1829 3472 1890 3526 et
1921 3479 2080 3531 1636
2119 3468 2394 3543 publicae
2416 3467 2840 3525 catholicorum
2862 3468 3118 3526 utilitati

1830 3558 2156 3631 expositae:
2203 3557 2265 3613 in
2300 3556 2518 3631 quibus
2560 3574 2668 3614 nec
2700 3576 2888 3613 unum
2920 3561 3118 3614 exstat

1829 3646 2093 3714 verbum,
2149 3645 2307 3720 quod
2358 3664 2475 3703 non
2530 3645 2622 3703 vel
2657 3663 2733 3702 ss,
2765 3645 3115 3721 pontificum

1830 3739 1890 3792 et
1921 3754 1990 3792 ss.
2030 3734 2411 3792 conciliorum
2446 3732 2889 3792 definitionibus
2926 3735 3018 3792 vel
3042 3752 3115 3792 ss.

1829 3827 2087 3899 patrum,
2121 3823 2436 3898 praecipue
2460 3822 2800 3899 Augustini,
2823 3823 3114 3898 Prosperi‚

1831 3912 2149 3989 Fulgentii‚
2173 3912 2457 3979 Anselmi,
2476 3911 2693 3970 Hilarii
2715 3914 2776 3970 et
2796 3912 2849 3972 d.
2868 3912 3118 3970 Thomae

1830 4002 2291 4060 auctoritatibus
2314 4002 2615 4070 fulciatur,
2648 4001 2980 4072 roboretur,
3014 4021 3116 4076 ap-

1830 4093 2133 4165 probetur.
2166 4091 2258 4148 Ita
2287 4091 2505 4148 titulus
2517 4086 2588 4172 2).

1830 4243 1959 4296 tuit.
1988 4242 2326 4295 Prodierunt
2364 4243 2487 4312 ejus
2528 4245 3019 4296 animadversiones
3057 4239 3118 4293 in

1828 4318 1898 4369 25
1913 4331 2070 4383 prop.
2089 4314 2147 4366 L.
2167 4313 2412 4367 Molinae
2426 4314 2487 4366 in
2516 4313 2563 4365 R
2580 4331 2607 4366 e
2623 4314 2750 4382 gin
2767 4313 2832 4365 al
2851 4311 2921 4363 di
2949 4327 3117 4380 opere

1829 4390 1893 4437 de
1914 4395 2078 4439 mente
2097 4404 2139 4439 0.
2161 4388 2218 4438 C.
2252 4388 2399 4438 Trici.
2421 4388 2525 4443 etc.
2559 4402 2615 4452 p.
2640 4385 3007 4441 1642—2066.
3030 4383 3115 4435 cd.

1834 4459 1987 4512 1706.
2016 4456 2153 4526 Ejus
2180 4460 2419 4510 diarium
2460 4456 2528 4509 de
2556 4454 2644 4507 his
2672 4453 3117 4522 congregationi·

1831 4528 1935 4580 bus
1960 4527 2147 4595 periit.
2176 4526 2258 4581 Cf.
2289 4527 2460 4580 Sacbs
2487 4525 2777 4579 Kirchenl.
2803 4525 2872 4589 II,
2900 4528 3055 4580 1131.

1908 4604 1944 4667 ¹)
1972 4598 2054 4651 Cf.
2082 4597 2275 4665 Meyer
2311 4597 2372 4650 in
2399 4598 2573 4666 praef.
2603 4597 2738 4652 hist.
2772 4599 3022 4652 controv.
3049 4596 3117 4649 de

1830 4686 1956 4722 aux.
2056 4712 2069 4724 .
2096 4669 2212 4725 div.
2236 4668 2414 4737 praef.
2442 4684 2491 4720 a.
2518 4676 2568 4722 4.

1905 4743 1944 4810 2)
2025 4740 2348 4808 ieronymus
2390 4740 2435 4791 G
2454 4756 2485 4795 0
2503 4757 2541 4790 11
2557 4757 2586 4791 z
2602 4739 2671 4792 al
2688 4756 2716 4791 e
2733 4757 2761 4791 z
2795 4738 2857 4792 in
2883 4755 3115 4791 romana

1828 4811 1984 4863 curia
2004 4815 2062 4864 et
2089 4811 2379 4881 pontificio
2408 4810 2586 4864 Rotae
2609 4813 2675 4864 ut
2692 4812 2897 4865 vocant
2914 4812 3115 4864 senatu
