3625 5193
464 302 582 359 981

1405 275 1761 360 Theophilus
1779 288 2144 357 Raynaudus,

2968 309 3098 360 932

448 460 772 556 (Lugduni
821 482 985 534 1650
1020 472 1083 530 in
1118 484 1193 542 4.,
1235 473 1422 532 (101100
1452 474 1748 549 corrigan·
1807 475 1940 532 alvo
1972 478 2273 550 gerentem
2309 492 2372 531 ac
2405 473 2630 531 foetum
2681 476 2929 550 ejusque
2962 495 3100 551 par-

463 566 582 633 tur,
616 561 913 637 prohibita
943 561 1097 620 decr.
1135 572 1191 623 3.
1222 561 1387 620 Febr.
1429 571 1547 625 165
1560 559 1655 643 9);
1688 563 1752 619 in
1808 567 1941 622 tum
1989 566 2325 639 spectantes
2372 562 2555 621 solide
2588 564 2648 620 et
2693 569 2962 623 accurate
2995 584 3091 623 ex-

466 652 569 710 hac
601 650 858 710 editione
905 654 1164 710 correcta
1210 645 1407 730 (juxta
1450 651 1750 710 decretum
1806 650 2136 727 pediuntur
2186 648 2491 732 (Lugduni
2547 661 2708 714 1637
2757 653 2820 710 111
2862 648 2975 734 8.);
3028 654 3102 711 de

471 750 573 804 20.
606 742 778 799 Mart.
823 734 1032 821 1664).
1083 739 1256 797 Liber
1287 740 1383 798 hio
1425 758 1565 816 prae
1616 740 1753 799 reli-

465 830 605 905 quis
631 849 664 887 a
693 828 1067 903 bibliophilis
1099 828 1415 904 expetitur.
1448 828 1574 886 XII.
1610 829 1752 887 Mis-

465 920 611 977 cella
640 937 831 994 sacra,
867 918 1028 975 inter
1047 935 1226 991 quae:
1261 919 1295 980 l.
1328 922 1387 977 1.
1410 920 1563 976 mala
1583 917 1751 976 bono·

464 1026 601 1065 rum
633 1009 1141 1065 ecclesiastico-rum
1160 1007 1275 1064 alio
1308 1027 1482 1084 quam
1504 1007 1754 1080 beneficii

467 1098 631 1154 titulo
652 1103 1071 1171 usurpatorum
1086 1116 1112 1166 ,·
1144 1096 1180 1152 l.
1214 1099 1271 1153 2.
1302 1097 1459 1154 mala
1478 1097 1754 1155 bonorum

466 1186 969 1244 ecclesiasticorum
1019 1185 1171 1241 male
1218 1204 1323 1266 per
1367 1186 1755 1260 beneficiarios

463 1282 825 1347 caplatorum.
845 1280 947 1331 aut
961 1274 1423 1346 dispensatorum
1445 1272 1748 1356 (Lugduni

478 1375 494 1425 l
514 1373 636 1426 644
654 1364 717 1421 in
739 1362 845 1440 4.);
868 1362 1203 1420 dissertatio
1220 1364 1288 1420 de
1302 1363 1495 1421 sobria-
1510 1365 1753 1422 alterius

467 1471 640 1510 sexus
667 1452 1120 1528 frequentatione
1142 1469 1255 1524 per
1298 1470 1496 1511 sacros
1539 1460 1591 1511 et
1618 1453 1751 1510 reli-

464 1543 654 1617 qiosos
684 1542 938 1598 homines
985 1540 1085 1618 (ib.
1126 1550 1290 1604 1633
1334 1542 1399 1599 in
1434 1537 1547 1622 8.);
1594 1541 1752 1604 XIII,

469 1629 888 1706 opusculorum
922 1630 1171 1687 miscella
1193 1630 1559 1706 philoloqiea,
1594 1631 1754 1689 inter

471 1737 624 1793 quae
655 1718 728 1776 de
772 1720 1146 1795 stiymatismo
1187 1737 1356 1776 sacro
1402 1726 1453 1777 et
1474 1721 1749 1794 profano,

467 1809 677 1877 divino,
739 1808 1008 1881 humana,
1074 1808 1441 1865 daemoniaco
1495 1805 1746 1887 (Gratia-

467 1897 669 1973 nopoli
726 1906 887 1959 1647
958 1897 1017 1953 in
1071 1894 1185 1972 8.);
1250 1896 1398 1954 XIV.
1466 1899 1751 1972 opuscula

465 1987 734 2061 moralia,
785 1986 880 2044 uti
928 1988 1100 2042 sunt:
1153 1986 1221 2042 de
1265 1986 1478 2043 honore
1508 1987 1748 2060 judicis,

462 2094 606 2133 num
641 2094 776 2132 eum
821 2074 1185 2131 retractandi
1230 2074 1596 2151 obligatione
1628 2076 1747 2133 exi·

465 2167 589 2221 mat
619 2163 768 2220 vitio
814 2162 1127 2220 anterioris
1173 2164 1497 2221 sententiae
1545 2164 1750 2238 depre-

469 2253 668 2320 1101130,
693 2251 1030 2309 dissertatio
1051 2252 1387 2328 theologica
1405 2257 1465 2310 et
1476 2252 1751 2327 juridica3

467 2339 539 2399 de
569 2342 1022 2416 aequivocatione
1053 2348 1103 2398 et
1134 2343 1369 2400 mentali
1398 2344 1752 2400 restrictione

466 2430 747 2488 adversus
778 2429 957 2487 falsas
989 2430 1160 2488 Joan.
1196 2427 1528 2510 Barnesii¹)
1569 2431 1751 2507 Angli

465 2519 737 2577 monachi
760 2518 1124 2577 benedictini
1144 2519 1206 2577 in
1230 2520 1592 2578 Leonardum
1611 2521 1749 2579 Les-

462 2610 619 2667 sium
651 2608 1092 2668 criminationes
1125 2609 1483 2686 disceptatio
1523 2610 1750 2669 theolo-

461 2698 608 2775 gica,
641 2698 809 2772 prius
843 2698 1000 2755 edita
1051 2700 1163 2755 sub
1196 2699 1435 2756 nomine
1468 2698 1751 2775 Stephani

468 2786 770 2844 Emonerii
801 2786 909 2844 hoc
940 2786 1148 2845 titulo:
1187 2788 1472 2860 Splendor
1495 2791 1753 2846 veritatis

466 2877 705 2933 moralis
734 2875 984 2934 collatus
1007 2894 1141 2934 cum
1171 2876 1436 2935 tenebris
1463 2877 1752 2935 mendacii

467 2967 529 3022 et
560 2964 1076 3039 aequivocationis,
1113 2966 1390 3042 Lugduni
1418 2974 1581 3027 1627
1604 2966 1664 3023 111
1688 2975 1751 3034 83

469 3053 538 3109 de
569 3060 699 3110 ortu
730 3053 1049 3126 infantium
1100 3061 1302 3112 contra
1344 3061 1619 3112 naturam
1642 3072 1756 3127 per

463 3144 761 3199 sectionem
793 3161 1122 3200 caesaream.
1145 3146 1431 3217 tractatiO,
1466 3163 1584 3218 qua
1615 3143 1751 3201 reli·

460 3231 566 3306 qui
598 3230 744 3289 item
780 3231 1175 3290 conscientiae
1206 3232 1345 3290 nodi
1400 3232 1473 3289 ad
1508 3237 1754 3289 matrem

545 3421 584 3488 ¹)
613 3418 857 3472 Joannes
884 3419 1116 3471 Barne
1136 3438 1159 3471 3
1189 3420 1403 3489 ‹Barna-5.
1434 3420 1492 3471 Ο.
1532 3420 1583 3474 S.
1622 3419 1751 3473 Ben.

468 3489 690 3559 Anglus
715 3490 941 3559 scripsit
960 3493 1159 3544 contra
1180 3491 1434 3544 Lessium
1453 3491 1673 3545 'Pi-aicta
1699 3493 1756 3545 et

466 3561 690 3629 dispute
705 3567 896 3615 contre
912 3561 991 3615 les
1009 3568 1332 3632 equivoques,
1352 3562 1577 3615 Parisiis
1596 3567 1752 3628 1625,

466 3649 611 3698 quae
659 3632 770 3685 fuit
814 3633 1102 3701 prohibita
1145 3650 1178 3686 a
1223 3651 1478 3703 congreg.
1530 3633 1752 3686 Indicis.

464 3702 645 3772 Magis
685 3703 940 3757 innotuit
965 3706 1193 3773 propter
1226 3704 1448 3758 libellos
1488 3705 1752 3758 adversus

465 3775 956 3843 congregationem
984 3775 1336 3844 anglicanam
1367 3776 1430 3830 Ο.
1458 3774 1511 3829 S.
1535 3776 1669 3831 Ben.
1696 3778 1756 3829 et

462 3844 525 3898 in
542 3845 739 3914 primis
756 3862 920 3915 opere
936 3852 957 3895 (
968 3850 1483 3901 'athalico-romanus
1499 3852 1753 3914 pacificus

462 3916 635 3983 (quod
663 3916 879 3985 prodiit
919 3918 1051 3985 post
1080 3934 1239 3970 suam
1280 3924 1520 3971 mortem
1549 3918 1751 3972 01101111

461 3990 637 4059 1680),
669 3987 817 4055 quod
844 3988 1003 4040 salva
1023 3989 1413 4042 communione
1440 3989 1750 4044 catholicae

458 4075 595 4111 rom.
628 4058 908 4111 Ecclesiae
948 4062 1007 4113 et
1040 4060 1144 4112 hoc
1186 4059 1376 4113 seculo
1418 4059 1652 4114 docetur
1692 4065 1750 4114 et

460 4131 629 4182 antea,
654 4130 885 4183 doctum
906 4129 1019 4183 suit
1044 4146 1077 4182 a
1103 4130 1394 4184 catholicis
1416 4131 1748 4186 celebribus.

464 4200 709 4268 Scopam
755 4201 1113 4269 persequitur
1158 4219 1324 4270 quem
1370 4202 1649 4256 Vetonina
1693 4207 1753 4258 et

464 4269 683 4323 Holden
704 4271 764 4322 in
784 4273 1046 4340 operibus
1073 4274 1190 4327 suis
1208 4273 1450 4344 geminis
1471 4292 1605 4344 prae
1626 4291 1750 4328 ocu·

463 4340 534 4392 lis
562 4340 790 4405 habent,
836 4342 1019 4397 sedin
1065 4345 1340 4413 opinandi
1390 4345 1620 4399 licentia
1659 4363 1750 4400 eos

464 4411 696 4466 omnino
724 4417 966 4482 superat.
1010 4415 1246 4484 Propter
1285 4433 1417 4471 suas
1456 4418 1748 4488 opiniones

463 4483 537 4535 ab
580 4481 949 4551 inquisitione
995 4486 1108 4540 fuit
1165 4488 1598 4555 comprehensus
1646 4488 1747 4541 Ro-

464 4569 731 4621 mamque
757 4557 976 4621 missus‚
1023 4556 1121 4611 ubi
1146 4559 1516 4629 semicompos
1544 4558 1748 4614 mentis

462 4625 702 4678 decessit
726 4630 861 4683 1661
905 4628 965 4680 in
992 4628 1150 4696 asylo
1192 4630 1590 4695 lunaticorum,
1635 4647 1750 4699 qua.

461 4695 530 4749 de
547 4712 606 4749 re
622 4698 815 4750 tamen
833 4698 1063 4753 dubitat
1077 4700 1749 4755 BraunmssllerKirchen-

462 4767 568 4893 le}
600 4766 637 4827 Ι,
664 4773 820 4825 2034.
851 4770 935 4825 Cf.
964 4771 1177 4823 Reusch
1207 4772 1276 4835 11,
1301 4776 1437 4841 404;
1475 4771 1677 4825 Gillow
1712 4774 1749 4835 Ι,

1809 743 2138 800 monitoriis
2187 742 2577 798 ecclesiast-icis
2621 740 2694 798 ad
2740 746 3094 817 extorquen-

1809 829 1942 889 dam
2000 830 2447 888 restitutionem
2509 833 2614 886 aut·
2653 830 3093 898 revelationem,

1810 918 1954 993 quid
1976 919 2114 988 sint,
2149 918 2383 994 quando
2415 919 2622 994 ligent,
2657 918 2950 994 quomodo
2979 921 3098 978 sol-

1808 1012 2043 1079 vantur,
2067 1029 2243 1084 quam
2269 1007 2703 1066 formidandum
2726 1027 2931 1066 eorum
2953 1028 3090 1067 con-

1806 1097 2207 1173 temptoribus
2228 1096 2454 1155 fulmen
2470 1096 3100 1156 excommunicationis

1811 1185 2113 1269 (Lugduni
2153 1194 2315 1248 1636
2353 1185 2414 1242 111
2439 1181 2519 1266 8.)
2554 1190 2694 1254 etc.;
2728 1185 2847 1243 XV.
2869 1186 3092 1245 etXVI.

1808 1276 2128 1333 heteroclita
2173 1276 2507 1350 spiritualia
2553 1278 2612 1332 et
2657 1276 2927 1333 anomala
2971 1275 3092 1350 pie-

1807 1366 1948 1422 tatis
1981 1365 2345 1433 coelestium,
2393 1363 2771 1422 terrestrium
2820 1368 2878 1422 et
2911 1363 3096 1422 infer-

1806 1472 2037 1521 norum,
2087 1453 2348 1512 collectio
2396 1453 2517 1514 scil.
2561 1452 2952 1528 singularium
2995 1473 3098 1511 ex-

1807 1543 2146 1601 ercitiorum
2166 1542 2590 1617 spiritualium,
2624 1560 2776 1616 quae
2800 1542 3094 1620 originem

1809 1648 1975 1689 suam
1998 1632 2335 1689 debuerunt
2354 1630 2745 1706 ignorantiae,
2770 1631 2868 1688 vel
2887 1650 3093 1706 super-

1808 1720 2061 1788 stitioni,
2098 1720 2192 1778 vel
2235 1719 2655 1796 negligentiae.
2703 1719 2868 1777 Inter
2913 1739 3098 1795 opus·

1807 1809 1940 1866 cula
1983 1809 2161 1884 hujus
2193 1812 2234 1867 t.
2267 1809 2649 1883 reperiuntur
2694 1808 2812 1865 duo
2857 1808 2975 1866 scil.
3023 1810 3098 1866 de

1806 1902 2090 1972 martyrio
2119 1916 2226 1977 per
2248 1905 2462 1972 pestem
2493 1897 2565 1955 ad
2596 1898 2948 1973 martyrium
2983 1898 3093 1955 im-

1806 1988 2109 2062 proprium
2144 1990 2205 2044 et
2236 1986 2544 2061 proprium
2577 1986 2824 2062 vulgare
2857 2005 3092 2061 compa-

1806 2080 1936 2134 rato
1970 2075 2308 2150 disquisitio
2329 2074 2676 2151 theologica,
2711 2078 2772 2133 et
2795 2094 2958 2131 error
2991 2094 3098 2149 po-

1805 2164 2035 2240 pularis
2087 2166 2155 2221 de
2214 2165 2605 2222 communione
2647 2182 2762 2238 pro
2825 2165 3088 2238 mortuis,

1807 2271 1958 2328 quae
1990 2273 2038 2310 a.
2070 2263 2231 2314 1646
2268 2252 2571 2328 prohibita
2602 2252 2795 2312 fuere:
2830 2252 2929 2309 sed
2964 2271 3096 2310 cor-

1806 2343 2065 2400 rectione
2115 2342 2382 2399 adhibita
2439 2342 2611 2414 juxta
2662 2340 2962 2398 decretum
3012 2350 3092 2403 ‘20

1808 2431 2006 2490 Martii
2047 2441 2213 2493 1664
2249 2429 2548 2506 permissa.
2605 2428 3092 2487 Emendationem

1805 2520 2129 2579 faciendam
2179 2521 2252 2577 ab
2304 2520 2433 2593 ipsa
2484 2517 2938 2594 congregatione
2988 2538 3098 2592 ap·

1807 2611 2109 2687 probatam
2147 2610 2325 2668 habes
2373 2609 2433 2665 in
2469 2627 2600 2684 opp.
2636 2608 2753 2678 XX,
2791 2617 2934 2669 256.
2983 2609 3090 2665 Eo-

1805 2720 1937 2758 rum
1971 2700 2231 2775 primum
2266 2698 2478 2756 acriter
2509 2696 3090 2773 impugnavitHur-

1807 2793 1833 2846 t
1853 2790 1985 2847 ado
2018 2788 2112 2869 (cf.
2143 2787 2341 2858 infra),
2375 2786 2699 2845 vindicavit
2717 2785 2910 2844 acrius
2942 2784 3098 2863 forte

1808 2878 2174 2954 Raynaudus
2222 2878 2335 2934 sub
2379 2876 2618 2935 nomine
2663 2875 2799 2933 ficto
2842 2872 3089 2955 ([10οᾶ0-

1808 2966 1960 3043 garii
2002 2965 2271 3034 Quintini
2320 2960 2573 3045 Hedui):
2625 2964 2942 3041 Theologia
2986 2983 3091 3021 an-

1808 3056 1978 3130 tiqua
2010 3056 2078 3111 de
2109 3055 2227 3111 veri
2248 3055 2516 3129 martyrii
2548 3054 2862 3130 adaequate
2879 3055 3093 3127 sumpti

1808 3146 2034 3201 notione
2065 3149 2192 3211 etc„
2227 3143 2503 3217 Lugduni
2546 3152 2729 3211 1656,
2771 3143 2874 3214 (1111
2908 3143 2942 3198 l.
2974 3142 3091 3198 fuit

1810 3232 2168 3306 prohibitae.
2203 3231 2382 3290 XVII.
2416 3232 2673 3288 Aseetica
2689 3250 2719 3299 ‚·
2748 3228 2955 3288 XVIII.
2983 3248 3090 3302 po—

1810 3323 2027 3399 lemiea,
2064 3321 2221 3379 inter
2252 3339 2432 3396 quae:
2480 3320 2641 3375 Nova
2682 3318 2958 3375 libertatis
2991 3338 3089 3374 ez·-

1805 3413 2041 3486 plicatio
2065 3410 2136 3469 ad
2168 3410 2360 3467 lucem
2384 3406 2819 3466 obscurissimis
2839 3405 3091 3480 quibus-

1809 3521 1925 3576 que
1946 3498 2290 3574 theologicis
2310 3496 2762 3555 difficultatibus
2784 3495 3090 3553 affunden-

1809 3589 1944 3647 dam
1975 3608 2167 3665 nuper
2185 3587 2502 3645 adinventa
2532 3588 2593 3643 et
2626 3592 2659 3645 2
2696 3584 2756 3641 ll.
2786 3583 3096 3658 proposita

1809 3697 1842 3734 a
1875 3678 2024 3735 Guil.
2061 3675 2349 3735 Gibieuffo
2394 3672 2475 3756 (p.
2514 3670 2664 3755 952)
2699 3690 2898 3749 congr.
2944 3676 3088 3730 orat.

1807 3767 2002 3843 gallic.
2051 3765 2244 3841 presb.
2295 3764 2400 3821 hac
2448 3762 2820 3837 antistropha
2868 3764 3089 3819 tracta-

1806 3855 1970 3913 tione
2002 3855 2303 3922 discussa3
2351 3852 2592 3912 accessit
2633 3870 2873 3909 examen
2904 3869 3097 3909 novae

1806 3944 2136 4021 theologiae
2165 3942 2441 4019 negantis
2471 3959 2824 4000 concursum
2848 3940 2949 3997 Dei
2979 3938 3088 3998 no-

1805 4033 2031 4091 biscum
2066 4032 2139 4090 ad
2170 4034 2339 4089 aetus
2372 4031 2589 4089 liberos
2614 4025 2876 4110 (Parisiis
2926 4039 3087 4092 16:32

1804 4122 1869 4180 in
1905 4119 2003 4201 4.).
2052 4122 2266 4181 Contra
2312 4120 2471 4179 hunc
2503 4121 2539 4178 1.
2575 4117 2755 4201 (sicut
2794 4121 2855 4176 et
2886 4124 3091 4177 contra

1806 4212 1924 4270 alia.
1954 4210 2261 4286 Raynaudi
2294 4210 2580 4286 opuscula
2629 4203 2893 4283 scripsit)
2929 4206 3094 4263 Vinc.

1805 4302 2057 4359 Baron
2092 4300 2156 4361 O.
2194 4300 2301 4369 Pr„
2349 4299 2422 4357 de
2454 4317 2571 4374 quo
2620 4296 2782 4354 aliaS.
2846 4295 2905 4351 Τ.
2940 4293 3087 4351 XIX.

1804 4389 2222 4464 complectitur
2241 4388 2464 4445 indices
2490 4385 2808 4463 generales,
2841 4382 3089 4439 'romum

1803 4482 2108 4555 praeterea
2139 4477 2275 4547 XX„
2309 4494 2484 4550 quem
2518 4473 2762 4532 vocabat
2794 4473 2841 4529 A
2844 4488 3087 4543 poponi·

1803 4587 2027 4643 paenam,
2075 4566 2463 4641 apparaverat
2496 4560 2875 4637 Raynaudus‚
2909 4564 3094 4634 atque

1803 4658 1866 4714 in
1909 4675 1976 4714 eo
2023 4674 2199 4731 opera
2242 4654 2351 4711 illa
2394 4650 2631 4709 tradere
2674 4647 3087 4719 meditabatur,

1805 4762 1958 4819 quae
1990 4744 2055 4802 in
2086 4760 2298 4817 corpus
2320 4759 2563 4815 operum
2596 4756 2839 4796 suorum
2872 4736 3095 4795 referre

1804 4834 2092 4891 noluerat.
2139 4832 2295 4888 Mors
2344 4847 2481 4886 vero
2532 4826 2787 4887 auctoris
2842 4825 3088 4901 inopina
