3625 5193
626 235 751 287 503

1225 217 1590 271 1601—1620.
1621 214 1671 269 S.
1701 213 2026 282 Scripturas
2053 213 2322 271 studium,
2354 210 2622 275 Serulius,

3124 227 3249 281 504

622 403 940 474 disputatio
986 401 1048 458 in
1102 412 1217 462 100
1268 401 1625 458 assertiones
1658 401 1907 469 tributa,
1971 409 2025 460 3.
2059 399 2335 457 editionis
2367 398 2754 474 moguntinae
2795 406 2977 459 1611.
3016 394 3253 455 Potiora

625 489 933 565 Herbipoli
989 497 1150 551 1589
1197 490 1258 546 in
1302 498 1409 558 123
1474 489 1659 547 Divus
1690 487 1911 547 Paulus

625 581 916 655 apostolus
947 586 998 636 et
1027 577 1221 636 Judas
1253 579 1558 636 Iscam'oies
1590 578 1668 635 ib.
1711 588 1867 640 1591
1896 598 1908 644 ς

1969 492 2143 546 sunt:
2180 489 2267 546 De
2299 489 2683 545 athanasium
2702 487 2949 562 symbolo
2981 485 3251 560 disputa-

1968 578 2161 635 tiones
2198 585 2253 644 3,
2309 575 2676 652 wirceburgi
2715 585 2880 637 1590
2931 575 2993 632 in
3030 585 3100 642 4;
3135 574 3252 631 dis-

626 667 858 726 Kiliani
909 667 1198 725 Franciae
1260 668 1569 735 orientalis,
1637 686 1789 742 quae
1852 670 1912 724 et
1967 665 2200 741 putatio
2232 667 2300 723 de
2330 671 2687 723 sacramento
2720 671 3004 722 extremae
3036 664 3251 721 unctio-

624 757 950 816 Franconia
981 755 1218 824 dicitur,
1249 763 1403 831 qesta
1436 756 1615 814 variis
1651 776 1784 815 cum
1808 775 1909 814 an·

628 846 1035 904 notationibus
1051 845 1359 912 historiciS,
1379 845 1748 921 dogmaticis,
1762 844 1910 902 Her-

627 935 819 1011 bipoli
861 935 1124 998 1508111
1165 942 1275 1004 123
1308 934 1372 991 in
1405 936 1530 991 Act.
1567 934 1661 992 SS.
1699 944 1754 997 8.
1788 933 1910 990 Jul.

626 1024 702 1092 ΙΙ,
742 1033 1078 1093 614-19;
1129 1023 1193 1081 in
1226 1021 1506 1099 Ludewig
1538 1023 1665 1081 Rer.
1699 1022 1913 1080 Herbi·

627 1114 742 1187 pol.
790 1113 1008 1187 script.‚
1056 1112 1092 1169 l.
1139 1112 1434 1187 pretiosus
1479 1131 1585 1186 pro
1631 1111 1912 1180 historia3

629 1200 909 1259 Comitum
963 1219 1088 1274 par
1132 1220 1346 1277 genere,
1386 1203 1664 1277 potentia,
1714 1201 1916 1274 opibus

628 1292 963 1366 heroicoque
993 1292 1202 1347 virtute
1233 1291 1513 1365 inclitum,
1558 1290 1613 1347 b.
1648 1289 1914 1348 Godefri-

629 1380 742 1437 dus
774 1379 1152 1453 Westphalus
1202 1384 1261 1436 et
1309 1398 1352 1438 s.
1385 1379 1726 1437 Romaricus
1761 1380 1916 1437 Aus-

630 1469 853 1526 trasius
899 1487 930 1525 e
980 1486 1117 1525 mss.
1169 1469 1231 1526 ll.
1285 1487 1419 1526 cum
1464 1467 1914 1535 notatiunculis,

632 1556 976 1633 Moguntiae
1008 1566 1170 1618 1605
1190 1557 1251 1614 in
1294 1568 1404 1626 123
1437 1577 1503 1615 ex
1524 1557 1770 1631 partein
1786 1558 1916 1614 Act.

634 1646 729 1704 SS.
747 1646 785 1703 J
789 1665 881 1706 au.
901 1646 943 1714 1,
967 1654 1088 1708 848
1111 1663 1182 1703 33.
1227 1647 1381 1704 Haec
1398 1646 1594 1704 omnia
1609 1645 1915 1703 continen-

632 1739 735 1793 tur
756 1739 795 1792 t.
839 1746 887 1796 1.
921 1753 1164 1810 operum
1182 1735 1634 1809 Serarii,quae3
1656 1736 1920 1809 vohpro-

631 1824 873 1881 dierunt
905 1824 1323 1898 comprehensa
1353 1824 1692 1900 Moguntiae
1733 1834 1919 1887 1611.

635 1913 741 1970 His
773 1912 1051 1988 operibus
1098 1912 1397 1971 historicis
1447 1913 1565 1971 duo
1614 1913 1676 1970 in
1709 1912 1919 1987 primis

637 2001 924 2071 addenda,
978 2019 1236 2076 quorum
1279 2003 1470 2077 primo
1519 2002 1668 2060 bene
1700 2001 1923 2059 meruit

637 2090 708 2147 de
740 2091 983 2148 ecclesia
1012 2092 1384 2167 moguntina,
1419 2091 1515 2149 cui
1549 2091 1764 2149 titulus
1797 2094 1919 2149 est:

637 2179 1144 2256 Moyuntiacarum
1175 2199 1374 2239 rerum
1414 2179 1488 2238 ab
1522 2179 1697 2239 initio
1729 2198 1922 2254 usque

637 2269 706 2325 acl
740 2286 858 2326 rev.
893 2271 954 2327 et
1001 2269 1086 2331 ill.
1131 2270 1485 2327 hodiernum
1527 2269 1922 2343 archiepisco-

636 2376 781 2432 pum
806 2376 872 2415 ac
898 2358 1205 2416 electorem
1223 2359 1288 2416 D.
1307 2359 1373 2416 D.
1390 2358 1428 2416 J
1432 2377 1677 2416 oannem
1697 2357 1922 2417 Schwi-

638 2446 921 2504 chardum
953 2448 1017 2505 ll.
1054 2457 1108 2517 5,
1156 2447 1497 2523 Moguntiae
1539 2456 1702 2508 1604
1751 2446 1815 2502 in
1851 2455 1918 2514 43

637 2553 771 2592 cum
821 2536 981 2593 notis
1046 2538 1107 2593 et
1156 2536 1568 2612 supplemento
1621 2535 1814 2592 recusi
1862 2534 1925 2591 in

636 2643 812 2699 opere
844 2624 1156 2699 inscripto:
1210 2624 1532 2698 Scriptores
1575 2642 1774 2682 rerum
1805 2643 1925 2682 mo-

638 2715 1066 2788 quntiacarum,
1129 2713 1502 2770 Francofurti
1559 2721 1725 2773 1722
1775 2717 1819 2770 t.
1875 2725 1924 2775 l.

642 2820 761 2861 cur.
818 2803 911 2858 Ge.
965 2800 1171 2858 Christ.
1221 2801 1483 2859 Joannis.
1537 2802 1831 2874 Epistolae
1880 2822 1924 2860 s.

640 2889 936 2963 Bon-isacii
968 2890 1050 2947 Μ.
1099 2889 1273 2964 primi
1318 2891 1657 2966 moguntini
1705 2891 1927 2949 archie-

640 2977 887 3053 piscopi,
911 2980 1331 3037 Germanorum
1349 2979 1610 3054 apostoli,
1629 2980 1925 3055 plurium-

643 3085 760 3140 que
775 3067 1145 3141 pontificum,
1169 3087 1376 3144 regum
1400 3074 1460 3126 et
1485 3069 1732 3127 aliorum
1769 3085 1928 3126 nunc

640 3156 898 3231 primum
934 3176 964 3213 e
997 3175 1140 3215 caeS.
1188 3158 1319 3232 maj.
1366 3157 1677 3215 viennensi
1710 3157 1927 3215 biblio-

641 3245 811 3302 theca
838 3246 966 3304 luce
987 3246 1267 3321 notisque
1288 3246 1559 3315 donatae,
1586 3246 1928 3321 Moguntiae

651 3345 812 3395 1605
852 3334 914 3392 in
951 3347 1020 3406 43
1063 3344 1265 3405 16293
1301 3335 1547 3393 Parisiis
1592 3344 1774 3396 1639.

736 3558 767 3609 2
785 3559 806 3610 1
825 3559 877 3610 5.
895 3548 1246 3623 Sequuntur
1263 3567 1436 3623 opera
1453 3549 1738 3606 didactica
1754 3550 1815 3605 et
1821 3565 1930 3620 po-

643 3639 841 3694 lemica
856 3634 901 3715 ¹)
928 3633 1263 3717 (pleraque)
1293 3638 1713 3712 comprehensa
1733 3656 1789 3700 v.
1805 3645 1857 3696 2.
1873 3639 1934 3693 et

725 3916 760 3979 ¹)
790 3910 834 3961 D
855 3928 890 3962 u
912 3929 948 3978 p
965 3910 984 3961 i
1001 3927 1039 3962 11
1076 3909 1369 3963 recensitis
1421 3909 1626 3963 §erarii
1671 3910 1935 3977 operibus

645 3984 726 4035 ita
755 3980 1069 4035 concludit:
1125 3980 1413 4042 „Serarius
1454 3979 1612 4033 avait
1639 3982 1934 4051 beaucoup

645 4051 1022 4115 d’erudition,
1063 4053 1121 4104 et
1160 4052 1303 4104 etoit
1336 4051 1661 4105 tres-habile
1688 4052 1830 4105 dans
1857 4052 1937 4106 les

648 4124 924 4183 mutieres
944 4122 1044 4190 qui
1061 4125 1400 4177 concernent
1418 4122 1716 4176 l’Ecriture
1737 4124 1936 4178 sainte.

647 4193 694 4246 Il
722 4196 776 4245 n'
792 4196 879 4247 est
904 4195 949 4246 si
977 4195 1137 4247 exact
1155 4194 1293 4247 dans
1328 4211 1390 4249 ce
1410 4194 1510 4262 qui
1532 4195 1764 4262 regards
1787 4195 1937 4248 l'An-

647 4265 857 4332 tiquite
875 4264 1328 4334 Ecclesiastique‚
1362 4264 1423 4318 ni
1439 4267 1484 4318 si
1505 4266 1616 4319 fort
1632 4282 1724 4319 sur
1740 4267 1795 4318 la
1811 4281 1939 4318 con-

647 4338 906 4390 troverse.
937 4337 980 4389 ll
1008 4336 1242 4390 ecrivoit
1270 4336 1612 4398 facilement‚
1642 4337 1783 4389 mais
1810 4352 1939 4389 sans

648 4407 929 4477 politesse.
959 4407 1044 4460 En
1073 4407 1314 4460 traitant
1338 4424 1451 4460 une
1472 4408 1727 4469 matiere‚
1752 4406 1795 4459 11
1823 4408 1940 4462 des-

1970 757 2078 831 m‘s‚
2114 755 2192 812 ib.
2234 765 2396 817 1578
2434 755 2495 812 in
2533 765 2586 815 4.
2637 749 2840 834 (etiam
2891 754 2953 810 in
2985 752 3253 809 thesauro

1970 843 2278 901 Zachariae
2309 843 2436 911 xli,
2475 838 2886 921 ess—715);
2917 843 2986 899 de
3016 842 3252 899 catholi-

1969 951 2167 991 corum
2198 951 2327 990 cum
2344 933 2643 990 haereticis
2672 932 3042 989 matrimonio
3075 949 3250 1005 quae-

1970 1021 2211 1090 stiones,
2292 1020 2636 1096 Moguntiae
2707 1030 2904 1088 1606;
2984 1018 3257 1077 Coloniae

1980 1121 2178 1179 16093
2223 1113 2284 1167 et
2316 1111 2379 1168 in
2410 1110 2688 1167 thesauro
2736 1109 2832 1167 cit.
2870 1116 3256 1178 716-754;

1970 1207 2172 1257 contra
2203 1217 2374 1256 novos
2403 1200 2531 1256 novi
2554 1199 2855 1274 pelayiani
2885 1205 2934 1255 et
2965 1198 3258 1254 chiliastae

1975 1285 2036 1368 (i.
2071 1307 2118 1346 e.
2154 1288 2442 1346 Francisei
2482 1287 2680 1345 Puccii
2713 1283 2981 1365 Filidini)
3034 1304 3261 1343 errores

1976 1376 2339 1452 wirceburgi
2382 1385 2545 1438 1593
2583 1375 2646 1433 in
2671 1385 2739 1445 4;
2774 1375 3124 1432 Litaneutici
3156 1393 3260 1431 seu

1976 1467 2046 1523 de
2079 1465 2329 1523 Litaniis
2364 1465 2554 1522 libelli
2586 1464 2725 1534 du0,
2760 1463 2820 1521 in
2855 1482 3108 1538 quorum
3132 1463 3258 1537 pri-

1976 1574 2075 1613 ore
2090 1557 2459 1612 monstratur
2476 1572 2675 1611 earum
2695 1555 2907 1610 natura
2921 1556 2982 1610 et
2999 1552 3229 1610 fructus
3247 1572 3260 1610 :

1975 1644 2380 1718 haereticaque
2424 1643 2733 1718 perinepta
2779 1640 3102 1700 earundem
3137 1659 3260 1698 cor·

1976 1733 2188 1801 rectio;
2220 1732 2281 1790 in
2301 1731 2646 1808 posteriore,
2669 1730 2742 1787 de
2763 1730 2971 1788 iisdem
3005 1736 3065 1788 et
3096 1748 3260 1787 sanc-

1976 1822 2057 1879 tis
2108 1839 2432 1895 eorumque
2482 1820 2851 1879 invocatione
2902 1819 3262 1893 multiplices

1977 1913 2312 1968 tractantur
2343 1909 2737 1984 quaestiones,
2756 1909 3028 1967 Coloniae
3044 1908 3260 1984 Agrip-

1979 1999 2154 2074 pinae
2199 2009 2390 2068 1609;
2439 1994 2613 2056 Sacri
2636 1998 3002 2072 peripatetici
3034 1997 3158 2054 sive
3192 1995 3263 2053 de

1980 2107 2023 2146 3.
2075 2087 2365 2146 Ecclesiae
2416 2087 2740 2146 catholicae
2790 2085 3265 2161 processionibus

1980 2177 2041 2238 ll.
2066 2187 2120 2245 2,
2146 2177 2224 2234 ib.
2256 2186 2416 2238 1607
2442 2177 2504 2234 in
2530 2184 2585 2246 ὃς
2609 2176 3116 2234 Lutheroturcicae
3131 2193 3263 2231 ora-

1980 2268 2177 2342 tiones,
2227 2283 2480 2338 quarum
2525 2265 2719 2341 prima
2764 2264 3013 2339 quaerit,
3061 2268 3264 2321 utrum

1982 2374 2188 2414 verum
2240 2355 2338 2427 sit,
2389 2353 2735 2420 Lutherum,
2771 2351 3267 2426 quemadmodum

1983 2444 2051 2502 de
2086 2463 2146 2503 se
2186 2444 2312 2518 ipso
2344 2443 2472 2518 ipse
2505 2443 2745 2517 scripsit
2776 2445 2819 2499 t.
2846 2452 2876 2502 7
2888 2489 2900 2502 .
2924 2442 2962 2503 l.
2984 2441 3054 2498 de
3087 2440 3268 2498 missa

1983 2533 2278 2610 angulari,
2313 2531 2547 2589 diabolo
2592 2530 2878 2607 magistro
2911 2549 3089 2588 usum
3123 2546 3265 2596 esse,

1983 2622 2334 2699 Ingolstadii
2393 2630 2577 2689 1603,
2629 2620 2788 2695 quod
2852 2623 3266 2695 argumentum

1982 2713 2263 2770 retractat
2292 2711 2356 2768 in
2389 2728 2481 2784 op.
2514 2712 2583 2768 de
2614 2709 2857 2767 Lutheri
2890 2711 3169 2782 mayistro
3201 2709 3270 2764 ut

1985 2800 2174 2876 digito
2207 2800 2398 2875 possit
2427 2798 2745 2856 monstrari
2794 2800 2853 2856 et
2885 2796 2998 2854 dici
3033 2797 3126 2854 hic
3159 2800 3265 2863 est,

1984 2889 2057 2947 ad
2089 2888 2433 2947 lutheranos
2467 2887 2868 2962 praedicantes
2889 2887 2951 2947 ll.
2976 2895 3030 2955 2,
3054 2885 3115 2943 in
3137 2884 3266 2958 qui·

1985 2979 2097 3036 bus
2131 2977 2248 3035 duo
2281 2977 2451 3034 haec:
2495 2987 2544 3037 1.
2578 2976 2723 3034 Tota
2754 2975 2974 3033 diaboli
2998 2994 3130 3031 cum
3152 2974 3267 3031 Lu-

1984 3067 2153 3125 thero
2185 3065 2513 3141 disputatio
2546 3064 2620 3122 ad
2655 3063 2931 3134 verbum;
2979 3072 3035 3122 2.
3066 3062 3270 3136 dispu-

1987 3154 2229 3214 tationis
2250 3154 2516 3230 ejusdem
2537 3152 2873 3228 dispunctio
2898 3155 2958 3209 et
2980 3152 3053 3209 ad
3083 3151 3270 3226 ipsius

1987 3244 2207 3302 diaboli
2269 3245 2619 3319 argumenta
2680 3242 2874 3300 omnia
2943 3240 3269 3315 responsio,

1988 3332 2329 3408 Moguntiae
2368 3342 2554 3400 1604,
2591 3330 2750 3405 quod
2784 3346 2933 3405 opus
2960 3330 3160 3404 plures
3183 3345 3270 3385 se-

1988 3421 2111 3480 cuti
2146 3423 2288 3479 sunt
2320 3420 2506 3478 libelli
2553 3418 2923 3495 apologetici.
2986 3417 3149 3476 Idem
3182 3436 3272 3474 ar-

1987 3518 2339 3587 gumentum
2373 3510 2544 3566 etiarn
2592 3508 2921 3584 germanice
2969 3509 3183 3564 tractat
3214 3505 3270 3562 in

1987 3601 2060 3657 1.:
2096 3600 2211 3657 Des
2243 3599 2493 3656 Luthers
2524 3597 2823 3655 Nachtlied
2855 3597 2909 3653 d.
2946 3597 2981 3653 i.
3016 3596 3271 3661 kurtzer‚

1989 3688 2447 3763 wahrhafftiger,
2463 3685 2842 3761 bestandiger
2857 3685 2981 3743 und
3003 3682 3273 3761 grundli-

1991 3777 2128 3835 cher
2148 3776 2385 3835 Bericht
2419 3795 2536 3834 von
2567 3776 2672 3833 der
2691 3774 2907 3851 grossen
2929 3773 3053 3831 und
3079 3775 3277 3829 ersten

1992 3866 2418 3941 Erleuchtung,
2468 3864 2654 3923 durch
2705 3863 2926 3920 welche
2960 3906 2971 3918 .
3008 3906 3020 3917 .
3056 3905 3068 3917 .
3104 3862 3170 3920 D.
3205 3861 3276 3921 M.

1991 3955 2215 4012 Luther
2248 3955 2407 4012 seine
2442 3953 2592 4011 Lehr
2643 3953 2723 4009 im
2768 3951 2987 4027 anfang
3018 3949 3277 4010 offenbu-

1991 4047 2083 4100 ret
2126 4043 2382 4112 worden,
2430 4040 2774 4117 Moguntiae
2827 4049 3013 4102 1603.
3078 4038 3279 4096 Oratio

1994 4132 2247 4189 secunda
2296 4130 2563 4205 inquirit,
2616 4135 2819 4187 utrum
2870 4127 3173 4186 christiani
3221 4129 3283 4183 et

1996 4221 2245 4277 maxime
2278 4219 2539 4296 religiosi
2571 4218 2860 4276 nominari
2892 4217 3125 4292 possint
3158 4235 3278 4272 ma-

1996 4309 2169 4384 gistri
2202 4312 2261 4367 et
2293 4309 2587 4375 doctores;
2639 4307 2820 4365 tertia
2867 4310 3074 4363 utrum
3120 4304 3282 4379 quis·

1996 4398 2131 4473 quis
2164 4397 2493 4472 theologiae
2544 4396 2751 4453 doctor
2794 4398 2901 4459 est,
2954 4394 3004 4451 is
3057 4412 3124 4451 eo
3159 4392 3282 4467 ipso

648 4480 787 4532 ceud
817 4482 1058 4532 souvent
1084 4478 1226 4530 dans
1266 4479 1363 4531 des
1401 4478 1670 4531 minuties
1708 4478 1941 4533 inutiles
1999 4486 2073 4544 ad
2107 4486 2425 4560 pastoralia
2470 4488 2530 4543 et
2570 4483 2925 4559 episeopglia
2968 4481 3159 4540 officie,
3204 4481 3284 4538 ιθ-

649 4554 706 4604 et
731 4556 1085 4611 ennu’i'euseS,
1129 4552 1186 4601 et
1212 4550 1456 4602 s‘ecarte
1485 4550 1845 4616 quelquefois
1874 4551 1941 4603 de

648 4638 749 4673 son
779 4622 927 4689 sujet
948 4636 1091 4689 pour
1108 4622 1372 4687 attaquer
1400 4621 1480 4673 les
1508 4619 1859 4674 Protestants
1888 4632 1945 4674 et

648 4692 830 4759 agitet
858 4692 954 4745 des
982 4691 1271 4758 questions
1306 4691 1376 4745 de
1402 4694 1802 4745 controverse.“
1860 4693 1941 4747 Cf.

653 4762 992 4830 Roskovaeiny
1019 4768 1068 4827 2,
1097 4766 1216 4818 532.

2000 4574 2205 4651 gitime
2239 4577 2480 4632 vocatus
2514 4573 2610 4635 sit.
2661 4573 2917 4630 Recusae
2952 4570 3117 4627 fuere
3151 4588 3283 4627 cum

2001 4664 2231 4721 duabus
2253 4661 2618 4722 orationibus
2645 4662 2868 4718 antitur
2878 4659 3015 4716 cicis
3031 4660 3285 4734 Mogun-

2000 4754 2115 4810 tiae
2159 4760 2320 4812 1604
2355 4752 2415 4808 in
2455 4762 2505 4811 8.
