3625 5193
929 229 1165 296 Roman,
1191 229 1444 294 Werner,
1469 230 1709 297 Marcus,
1736 229 2042 294 Cimarelli,
2071 230 2376 286 Rebolledo
2404 232 2507 287 ete.

426 249 544 303 317
2906 246 3029 301 318

421 418 649 490 lentina,
682 416 889 475 Caesar
919 416 1226 493 Augustae
1264 426 1430 479 1600
1466 416 1532 474 in
1556 424 1612 478 8.
1637 418 1698 474 et
1752 437 1807 492 p.
1847 428 1909 495 13
1948 426 2107 480 1561
2136 436 2190 492 p.
2218 426 2282 487 23
2316 420 2570 493 utraque
2590 439 2645 494 p.
2676 427 2869 486 16153
2904 417 3032 476 Sal-

420 507 594 582 plura
625 505 740 563 alia
770 524 948 581 opera
993 506 1290 576 historica,
1317 524 1467 580 quae
1500 509 1698 564 tamen
1752 506 2040 565 manticae
2094 516 2258 568 1570
2308 527 2362 582 p.
2414 516 2469 569 3.
2513 507 2577 565 in
2627 506 2664 563 f.
2718 506 3033 581 hispanice.

417 598 763 659 manserunt
793 594 1021 653 inedita
1033 589 1100 675 ¹).
1149 594 1313 662 „Nec
1351 598 1571 666 tamen,
1603 595 1697 652 in·
1751 594 1895 653 Eam
1907 594 2790 671 reognovisse,adaliumstilum
2802 595 3034 654 metho-

419 683 551 759 quit
584 684 655 746 N.
689 683 1009 753 Antonine,
1043 684 1363 742 immensae
1387 683 1562 758 hujus
1580 684 1698 742 lec·
1753 683 2015 759 dumque
2055 684 2355 743 reduxisse
2387 687 2449 743 et
2477 687 2521 746 t.
2566 693 2599 745 2
2646 684 3035 744 Salmanticae

419 772 598 831 tionis
643 790 709 831 ac
754 771 1094 850 diligentiae
1135 773 1383 831 solidam
1416 772 1533 831 sibi
1568 774 1696 832 lau·
1761 782 1925 837 1625
1962 774 2059 832 vel
2099 782 2262 835 1626
2298 773 2554 832 edidisse
2583 773 2676 831 J0.
2716 774 3034 832 Nunnez

418 862 553 921 dem
584 862 743 937 apud
774 866 1009 920 nostros
1049 862 1315 920 homines
1361 879 1699 938 comparare
1757 859 2018 943 (Nunius
2050 858 2091 937 †
2124 882 2171 925 c.
2213 858 2404 943 1630)
2438 862 2646 921 scribit
2679 862 2958 922 Sbaralea
2976 883 3032 939 p.

418 951 634 1027 potuit,
655 951 762 1026 qui
793 951 860 1010 in
878 954 1002 1009 tam
1032 954 1198 1010 vasta
1227 969 1428 1008 rerum
1461 950 1700 1027 ingenio
1758 961 1902 1013 445.
1936 951 2119 1010 Versa
2151 951 2270 1010 fuit
2299 952 2440 1010 haec
2469 952 2717 1010 historia
2745 951 2809 1009 in
2843 951 3033 1010 varias

420 1040 493 1098 ab
525 1058 591 1099 eo
625 1044 994 1099 versatarum
1026 1041 1179 1098 mole
1201 1039 1416 1115 judicii
1447 1041 1584 1115 plus
1608 1042 1697 1098 at·
1754 1040 1991 1116 linguas
2023 1042 2084 1099 et
2114 1041 2473 1101 continuata.
2493 1039 2585 1098 Ita
2602 1041 2886 1099 Horatius
2919 1041 2966 1098 D
2984 1040 3034 1097 i-

419 1148 534 1204 que
565 1129 851 1188 examinis
882 1147 999 1188 non
1026 1147 1303 1204 perverse
1321 1130 1700 1187 aestimantes
1756 1131 1879 1188 ola
1910 1127 2299 1189 Bononiensis
2331 1130 2424 1189 vir
2447 1130 2727 1189 secularis
2759 1134 2820 1188 et
2847 1129 3033 1187 laicus

419 1218 712 1293 iniqueve,
743 1218 1145 1277 desiderant.‘
1173 1251 1260 1261 -
1288 1216 1596 1276 Werner
1614 1234 1701 1276 us
1755 1218 1955 1277 italice
1986 1220 2168 1278 vertit
2197 1221 2241 1276 t.
2282 1231 2331 1282 1.
2352 1218 2586 1278 Brixiae
2614 1227 2773 1281 1581
2797 1240 2811 1289 ;
2845 1217 3033 1277 Vene-

418 1307 611 1383 patria
642 1306 1018 1377 Juliacensis,
1053 1306 1322 1365 Titianus
1341 1307 1538 1366 avilla
1575 1306 1703 1364 Titz
1756 1306 1861 1366 tiis
1902 1317 2063 1371 1585
2087 1329 2102 1379 ;
2128 1315 2322 1378 15863
2361 1318 2526 1371 1599
2545 1328 2560 1379 3
2582 1310 2625 1370 t.
2639 1308 2714 1367 11.
2731 1308 2811 1366 ib.
2841 1315 3031 1375 1589;

422 1395 635 1467 dictus,
669 1396 802 1454 Can.
835 1415 954 1473 reg.
988 1414 1032 1458 s.
1073 1396 1226 1472 Aug.
1269 1395 1460 1455 factus
1504 1396 1597 1454 est
1639 1394 1702 1452 in
1765 1406 1964 1466 1590;
1997 1400 2040 1455 t.
2073 1397 2178 1455 111.
2210 1397 2289 1455 ib.
2339 1406 2536 1466 1591;
2576 1405 2741 1460 1612
2782 1398 3032 1456 Bartho-

421 1484 662 1542 Novesii
712 1485 1083 1545 monasterio.
1117 1485 1287 1542 Prior
1334 1484 1388 1543 ei
1422 1483 1699 1561 praefuit,
1757 1481 2565 1566 lomaeuscimarellus1)
2601 1485 2821 1545 sodalis
2841 1504 2908 1543 ex
2930 1504 3031 1560 op-

417 1572 553 1631 dein
605 1574 887 1633 coenobio
936 1573 1300 1632 marbacensi
1339 1573 1403 1630 in
1453 1572 1700 1632 Alsatia.
1757 1574 1899 1649 pido
1915 1575 2199 1633 Corinalti
2216 1574 2498 1634 dioecesis
2530 1575 2952 1651 senogaliensis
2974 1570 3035 1655 (†

422 1662 578 1719 Dum
627 1663 737 1721 hoc
788 1663 1175 1721 laudabiliter
1239 1662 1700 1731 administraret,
1766 1659 1962 1746 1628)
1997 1683 2052 1739 p.
2088 1670 2144 1725 4.
2175 1664 2238 1721 in
2270 1665 2537 1739 quinque
2580 1665 2697 1723 vol.
2746 1663 3034 1721 distribu-

422 1751 1125 1811 suumaNovesiensibus
1139 1752 1595 1827 soloaequatum
1608 1770 1702 1809 ac·
1758 1756 1882 1810 tam
1913 1753 2145 1828 adjecit,
2194 1771 2345 1827 quae
2381 1754 2734 1829 prodierunt
2771 1752 3034 1811 Venetiis

419 1840 591 1915 cepit.
605 1839 798 1908 Quare
810 1841 1704 1917 collegitAnnalesNovesienses
1767 1850 1953 1912 1620,
1988 1844 2049 1899 et
2079 1841 2327 1917 Neapoli
2366 1850 2532 1904 1680
2567 1841 2632 1899 in
2652 1842 2690 1899 f.
2723 1875 2810 1884 —
2842 1841 3034 1901 Ludo-

417 1929 494 1987 ab
526 1949 576 1987 a.
614 1938 1027 1999 690-1592,
1063 1947 1213 2004 quos
1245 1930 1335 1987 ed.
1357 1932 1620 1988 Martene
1640 1930 1702 1987 in
1760 1931 1927 1989 vicus
1960 1930 2032 1988 de
2063 1931 2491 1989 Rebolledo
2524 1931 2786 2006 ejusdem
2807 1930 3034 1988 ordinis

419 2018 547 2076 colL
596 2020 773 2093 ampl.
807 2018 906 2088 IV,
959 2027 1321 2087 523—740‚
1370 2018 1435 2076 in
1481 2019 1701 2094 quibus
1757 2019 1974 2077 sodalis
2006 2019 2345 2094 provinciae
2374 2020 2654 2089 baeticae,
2695 2038 2876 2094 quam
2909 2020 3034 2077 ine-

417 2107 513 2165 sui
545 2108 895 2165 monasterii
928 2108 1236 2166 historiam
1283 2107 1399 2165 sibi
1447 2107 1697 2165 conscri-
1756 2111 1902 2165 unte
1922 2108 2122 2165 seculo
2144 2107 2362 2166 decimo
2382 2109 2636 2183 septimo
2654 2108 3031 2167 administra-

417 2195 670 2254 bendam
705 2196 1027 2272 proposuit,
1063 2195 1147 2253 ita
1177 2198 1377 2254 tamen
1420 2198 1490 2254 ut
1521 2196 1701 2253 simul
1755 2196 1876 2265 bat,
1910 2197 2246 2273 elegantius
2279 2215 2453 2270 quam
2489 2198 2839 2265 accuratim,
2861 2200 2933 2254 ut
2951 2196 3035 2253 ait

422 2285 992 2359 archiepiscoporum
1035 2285 1374 2359 civiumque
1404 2284 1700 2343 colonien·
1755 2285 2252 2361 Waddingus,
2287 2286 2523 2361 scripsit
2557 2287 2842 2343 Chronica
2871 2302 3031 2361 yene-

419 2374 572 2431 sium
606 2373 975 2449 aliarumque
1007 2374 1226 2432 circum
1259 2375 1584 2449 positarum
1607 2373 1697 2431 di·
1754 2375 1851 2431 ral
1881 2375 1949 2431 de
1981 2374 2040 2431 S.
2074 2374 2385 2432 Franci-sco
2403 2393 2444 2450 y
2464 2375 2536 2431 de
2567 2393 2637 2431 su
2670 2373 2855 2433 orden
2873 2374 3031 2449 Apo-

413 2462 655 2520 tionum
686 2480 781 2521 res
813 2466 1012 2539 gestas
1035 2463 1287 2520 intactas
1309 2481 1425 2520 non
1446 2463 1699 2538 relique-

419 2551 517 2613 rit.
567 2551 989 2611 Monasterium
1041 2552 1385 2611 novesiense
1424 2556 1628 2628 postea
1667 2571 1701 2609 a

419 2641 694 2699 Marcello
728 2641 941 2699 Lentio
964 2641 1434 2717 congregationis
1454 2641 1698 2699 windes-

420 2729 736 2788 heimensis
765 2731 1102 2805 praeposito
1132 2729 1395 2805 generali
1421 2731 1699 2805 c'onjunc-

411 2822 546 2875 tum
570 2818 690 2876 fuit
700 2836 832 2877 cum
847 2818 1167 2877 coloniensi
1178 2819 1449 2892 Corporis
1463 2818 1697 2888 Christi,

419 2910 482 2965 et
511 2906 756 2965 Werner
800 2907 1049 2981 utrique
1099 2907 1261 2982 prior
1305 2907 1698 2982 praeposituS,

421 2996 561 3054 licet
609 2996 740 3071 ipse
789 2996 936 3054 hanc
976 2996 1454 3071 conjunctionem
1501 3014 1698 3071 aeger-

413 3085 567 3143 rime
597 3085 780 3142 ferret
810 3086 927 3143 imo
961 3085 1343 3161 impugnaret
1386 3088 1448 3143 et
1478 3086 1549 3142 ut
1577 3103 1699 3142 res-

422 3173 761 3232 cinderetur
790 3174 997 3232 effecit.
1030 3175 1160 3248 Ipse
1207 3174 1454 3232 Werner
1497 3176 1702 3248 postea

422 3262 648 3320 electus
698 3265 789 3320 est
833 3261 1308 3338 congregationis
1347 3262 1698 3321 windeshei-

423 3351 637 3409 memis
672 3351 940 3426 superior
971 3352 1280 3427 generalis

517 3537 660 3591 138.
693 3529 751 3585 M
766 3548 797 3585 a
813 3548 844 3585 r
858 3546 889 3586 c
903 3547 946 3586 u
962 3546 988 3586 s
1024 3528 1449 3603 Olisiponensis
1462 3528 1525 3587 Ο.
1540 3529 1593 3586 S.
1607 3529 1700 3587 Fr.

426 3636 544 3693 reg.
578 3616 716 3675 Obs.
748 3636 906 3675 uuus
937 3635 1005 3676 ex
1035 3616 1451 3677 fundatoribus
1496 3637 1562 3676 ac
1608 3635 1698 3676 se-

417 3706 652 3764 cundus
682 3705 1062 3764 discalceatae
1092 3707 1428 3781 provinciae
1449 3725 1493 3765 s.
1515 3708 1701 3765 Anto-

423 3794 507 3851 nii
518 3795 583 3852 in
602 3794 909 3853 Lusitania
929 3794 1214 3866 minister,
1233 3796 1544 3871 episcopus
1564 3814 1699 3871 por-

428 3883 655 3941 tuensis
691 3878 883 3964 (1581
912 3904 925 3953 3
957 3878 993 3947 †
1021 3883 1421 3960 1591),jussu
1443 3884 1704 3942 ministri

429 3971 723 4046 generalis
754 3972 1023 4030 Andreae
1055 3971 1327 4030 Insulani
1374 3973 1703 4049 peragratis

423 4060 763 4135 praecipuis
796 4060 1092 4118 coenobiis
1124 4060 1347 4131 Italiae,
1379 4061 1704 4136 Hispaniae

427 4150 488 4205 et
503 4149 723 4207 Galliae
742 4149 1069 4223 multisque
1090 4149 1354 4207 collectis
1387 4149 1703 4208 documen-

423 4236 504 4294 tis
537 4237 870 4313 composuit
909 4237 1267 4312 scripsitque
1314 4256 1578 4297 sermone
1609 4240 1703 4297 lu-

427 4324 618 4384 sitano
653 4326 936 4384 Chronica
963 4325 1025 4382 0.
1049 4325 1189 4384 Min.
1213 4326 1509 4401 Olisipone
1539 4338 1699 4390 1556

472 4637 484 4647 ·
504 4569 543 4638 ¹)
571 4566 652 4620 Cf.
682 4567 945 4637 Ossinger
969 4586 1023 4637 p.
1052 4573 1154 4625 772
1183 4586 1284 4628 εις
1325 4567 1505 4621 Nicol·
1533 4569 1706 4624 Anto·

1756 2463 1984 2534 stolico,
2017 2462 2248 2537 Hispali
2290 2472 2452 2526 1598
2486 2467 2531 2521 t.
2571 2473 2621 2523 1.
2656 2462 2722 2520 in
2752 2462 2824 2533 f.;
2864 2471 3028 2525 1603

1754 2554 1796 2614 t.
1836 2561 1911 2628 2.,
1946 2554 2008 2610 in
2040 2569 2158 2627 quo
2190 2551 2498 2611 historiam
2543 2552 2927 2627 prosequitur
2960 2550 3032 2610 ad

1756 2662 1802 2699 a.
1838 2660 2031 2715 usque
2071 2651 2255 2703 1370.
2290 2641 2471 2699 Tomo
2501 2642 2694 2716 primo
2728 2640 3031 2716 subjectus

1754 2735 1849 2788 est
1874 2731 1963 2789 Un
1987 2730 2257 2806 Cataloyo
2279 2731 2350 2788 de
2375 2731 2466 2789 los
2487 2732 2696 2790 Santos
2713 2749 2751 2805 y
2772 2729 3033 2788 Varones

1754 2820 2023 2878 notables
2057 2822 2126 2878 de
2156 2820 2215 2877 la
2229 2837 2454 2877 mesma
2475 2819 2673 2877 orden.
2704 2851 2793 2862 —
2821 2819 3034 2876 Petrus

1754 2908 1827 2965 de
1880 2909 2191 2966 Salazar
2242 2907 2306 2970 Ο.
2360 2908 2496 2968 Min.
2548 2907 3030 2976 casarrubieusis‚

1756 2996 1861 3071 qui
1894 2998 2247 3055 castellanae
2280 2997 2612 3072 provinciae
2644 2996 2823 3055 semel
2856 2999 3035 3070 atque

1753 3087 1972 3145 iterum
2004 3086 2574 3144 administrationem
2609 3086 2807 3161 gessit,
2854 3085 3035 3159 scrip-

1754 3175 1833 3233 sit
1869 3174 2150 3233 Coronica
2181 3195 2217 3250 y
2246 3175 2515 3233 Historia
2545 3174 2617 3232 de
2646 3175 2703 3232 la
2722 3173 3036 3232 fondacion

1753 3284 1791 3340 y
1825 3282 2141 3340 progresso
2174 3263 2246 3321 de
2278 3265 2337 3322 la
2368 3262 2678 3322 Provincia
2708 3262 2770 3320 di
2801 3262 3038 3322 Castilla

1756 3353 1828 3410 de
1861 3353 1919 3410 la
1952 3353 2149 3412 Orden
2181 3353 2277 3409 del
2310 3350 2851 3410 bienavventurado
2883 3351 2946 3412 P.
2980 3350 3034 3410 S.

1755 3441 2081 3511 FranciscO,
2115 3441 2342 3499 Matriti
2384 3449 2547 3502 1612
2582 3440 2646 3497 in
2677 3438 2714 3495 f.

1856 3612 1993 3664 139.
2034 3595 2359 3659 Sibrandus
2408 3600 2553 3658 Leo
2585 3598 2937 3657 Leovardiae
2970 3598 3036 3655 in

1757 3690 1948 3748 Frisia
1992 3692 2171 3748 natus
2218 3708 2263 3748 c.
2319 3697 2481 3754 1525
2530 3688 2594 3746 Ο.
2629 3688 2849 3746 Praem.
2897 3705 3035 3745 con-

1758 3779 2031 3838 cionator
2061 3777 2331 3854 insignis,
2366 3779 2609 3853 propter
2638 3775 2812 3835 fidem
2843 3776 2910 3833 in
2940 3795 3036 3834 ex-

1760 3868 1960 3926 silium
1994 3868 2209 3942 pulsus
2242 3869 2407 3926 extra
2437 3866 2689 3942 patriam
2740 3865 2889 3923 obiit
2938 3874 3036 3926 22.

1758 3958 1796 4015 J
1801 3976 1891 4015 an.
1932 3966 2117 4018 1588.
2152 3950 2464 4035 Collegitss)
2498 3957 2645 4012 vitas
2664 3961 2712 4011 et
2732 3973 2824 4012 res
2853 3961 3040 4030 yestas

1758 4047 2028 4103 abbatum
2073 4046 2136 4102 in
2167 4045 2402 4102 Lidlum
2439 4041 2568 4123 (ubi
2599 4061 2781 4100 annos
2811 4042 3040 4116 aliquot

1759 4131 2050 4210 degerat),
2074 4133 2147 4191 ab
2167 4155 2215 4191 a.
2245 4141 2711 4195 1132—1575:
2744 4135 2806 4190 et
2829 4134 2972 4189 vitas
2991 4138 3040 4188 et

1759 4243 1853 4280 res
1899 4231 2088 4298 qestas
2137 4223 2408 4280 abbatum
2460 4221 2634 4279 Horti
2678 4223 2732 4284 d.
2788 4221 3041 4297 Viryinis

1838 4361 1877 4428 ¹)
1907 4356 2194 4425 Cognatus
2222 4356 2342 4424 ejus
2371 4355 2483 4408 fuit
2509 4353 2836 4407 Vincentius
2862 4352 3042 4405 Maria

1762 4427 1908 4482 Cim
1925 4427 2150 4481 arelli
2178 4425 2241 4482 O.
2268 4426 2462 4480 Praed.
2489 4429 2538 4497 (†
2563 4428 2740 4494 1660),
2766 4424 2926 4547 cugus
2952 4440 3041 4504 ex-

1762 4501 1907 4553 stat:
1935 4502 2124 4553 Istorie
2163 4501 2292 4553 dello
2325 4507 2460 4553 stato
2498 4499 2772 4561 d’Urbirw,
2869 4511 3041 4548 rinae

1762 4574 1918 4635 1642,
1972 4586 2113 4638 opus
2163 4570 2373 4638 absque
2415 4566 2631 4638 judicio
2674 4567 2866 4621 critico
2917 4582 3042 4620 con-

427 4654 558 4691 mus
581 4637 725 4691 Bibl.
755 4638 811 4693 h.
839 4657 891 4692 n.
920 4639 986 4705 ΙΙ,
1027 4644 1148 4697 600.
1197 4640 1357 4693 Alius
1397 4643 1586 4694 autem
1625 4645 1710 4695 est
1762 4641 2049 4711 scriptum.

428 4708 502 4761 ab
525 4708 674 4763 Hier.
705 4709 923 4764 Roman
947 4711 1016 4764 de
1043 4711 1292 4780 Higuera
1320 4711 1371 4766 S.
1394 4711 1427 4765 J
1433 4753 1461 4778 .,
1489 4711 1558 4765 de
1597 4729 1707 4782 quo

425 4778 578 4833 infra
603 4796 858 4850 agemus.

1838 4717 1877 4782 ²)
1906 4712 1986 4765 Cf.
2035 4712 2339 4766 Goovaerts
2380 4709 2561 4764 Ecriv.
2601 4710 2671 4764 de
2719 4709 2921 4763 l'ordre
2972 4707 3041 4762 de

1763 4783 1942 4838 Prem.
1973 4783 2040 4848 ΙΙ,
2067 4788 2169 4840 177
2197 4799 2237 4838 s,
