3625 5193
580 282 743 336 1199
850 269 1217 323 1641—1663.
1245 264 1438 319 Theol.
1466 263 1715 318 moralis,
1743 263 1860 318 Ser.
1887 280 1918 317 a
1947 262 2344 332 Conceptione‚
2371 261 2626 332 Spinula,
2655 260 2908 324 Bianchi‚

3039 285 3207 339 1200

572 469 686 510 nus
718 471 751 507 a
783 450 1305 527 Conceptione
1338 450 1401 509 Ο.
1435 450 1639 519 Carm.,
1680 452 1851 526 cujus
1914 450 2334 526 Hieronymus
2369 449 2461 508 Pe
2483 467 2816 510 corarus
2848 451 2976 510 S.J.
3007 454 3215 530 Neapo

571 546 855 598 tractatus
900 541 968 598 de
1005 542 1381 615 poenitentiae
1425 543 1629 598 virtute
1674 547 1723 596 et
1754 558 1854 598 sa·
1918 539 2159 608 litanus.
2223 538 2554 624 theologiae
2611 540 2853 622 moralis
2914 528 3214 617 professor

571 636 861 688 eramento
907 639 1041 704 post
1086 631 1216 704 ejus
1265 633 1516 688 mortem
1552 625 1680 710 (18.
1713 628 1854 687 Jun.
1922 625 1982 708 (†
2022 639 2117 692 15.
2165 629 2297 686 Dec.
2355 627 2562 708 1648),
2614 628 2855 704 scripsit
2898 634 3211 691 moralium

580 727 743 781 1663
779 738 830 777 a.
861 719 1073 777 aetatis
1104 716 1211 798 36)
1247 738 1388 778 cura
1410 718 1499 779 J0.
1524 719 1590 781 B.
1623 737 1656 776 a
1689 736 1733 775 s.
1754 716 1857 775 Jo·
1909 718 2387 792 probabilitatum
2420 722 2462 778 t.
2499 726 2553 781 2.
2573 750 2657 759 -
2681 718 3017 794 Stephanus
3052 723 3144 797 Sp
3164 723 3213 781 i-

572 808 715 884 seph
763 807 986 882 prodiit
1031 808 1245 867 Romae
1285 817 1452 870 1674
1495 808 1557 864 111
1593 807 1629 865 f.
1675 806 1859 865 Ortus
1916 806 2164 884 nulal)
2216 806 2345 864 cler.
2405 826 2526 882 reg.
2580 809 3053 884 congregationis
3104 813 3207 870 So-

573 899 621 955 is
654 902 745 955 est
778 897 995 955 Romae
1044 906 1143 958 25.
1177 897 1317 955 Jun.
1360 904 1525 957 1628
1561 914 1668 953 nec
1712 896 1862 954 citra
1917 896 2185 954 maschae
2215 894 2504 955 disseruit
2547 898 2616 954 de
2646 896 2826 954 libera
2857 905 2907 956 et
2933 902 3212 974 prudenti

571 986 625 1044 b.
646 986 906 1063 Virginis
927 987 1343 1061 patrocinium,
1377 986 1439 1043 in
1461 1004 1637 1060 quam
1658 989 1858 1044 tener·
1920 986 2214 1062 ayibilium
2235 984 2492 1044 electione
2520 988 2586 1044 in
2607 987 2939 1057 mov-aliha&
2970 990 3211 1049 Genuae

572 1074 731 1152 rimo
770 1075 1114 1151 rapiebatur
1160 1075 1374 1133 amoris
1422 1074 1724 1149 obsequio,
1778 1073 1863 1133 sic
1928 1085 2091 1137 1648
2128 1075 2192 1132 111
2228 1074 2260 1131 f.
2285 1108 2369 1116 —
2392 1075 2657 1133 Andreas
2689 1075 2937 1136 Bianchi
2979 1075 3210 1158 (Blan-

574 1165 888 1222 memoriae
922 1183 988 1222 ac
1019 1164 1246 1241 ingenii
1273 1165 1531 1222 excrevit
1563 1163 1860 1232 facilitate,

572 1258 643 1311 ut
675 1272 876 1312 omnes
908 1254 1185 1312 omnibus
1208 1253 1596 1328 stupentibus
1618 1271 1862 1330 supers-

572 1343 728 1401 verit
773 1342 1228 1417 condiscipulos,
1280 1342 1436 1400 Puer
1484 1341 1674 1400 adhuc
1722 1341 1863 1400 soli-

574 1432 783 1490 darum
833 1432 1132 1490 virtutum
1183 1431 1384 1490 studio
1447 1431 1862 1499 incumbebat3

573 1521 637 1578 in
688 1520 1137 1594 frequentandis
1187 1519 1540 1580 nosocomiis
1597 1520 1862 1588 sedulus,

573 1607 787 1666 eximia
834 1609 1173 1667 humilitate
1220 1613 1281 1667 et
1325 1610 1590 1668 caritatis
1635 1608 1861 1666 exhibi-

574 1699 736 1756 tione
768 1698 831 1755 111
864 1699 1018 1757 lecto
1045 1698 1541 1757 decumbentibus
1560 1698 1863 1756 ministra-

573 1787 694 1854 bat,
726 1805 834 1845 nec
868 1788 1068 1845 minus
1100 1806 1389 1863 pauperes
1429 1790 1724 1861 quantum
1756 1804 1863 1862 po-

573 1879 729 1934 terat
762 1876 1148 1952 eleemosynis
1192 1877 1561 1946 sublevabat,
1611 1894 1863 1951 quorum

574 1966 679 2024 uni
718 1965 1037 2040 aliquando
1085 1965 1383 2041 propriam
1435 1970 1665 2024 vestem
1712 1965 1864 2023 elar-

571 2056 734 2131 gitus
756 2068 864 2117 est.
886 2054 1114 2112 Studiis
1138 2055 1416 2113 confectis
1437 2053 1865 2130 philosophiam

571 2164 635 2202 ac
658 2144 1016 2221 theologiam
1048 2164 1115 2202 ea
1136 2145 1439 2203 rationum
1474 2163 1540 2203 ac
1559 2144 1832 2203 doctrina

571 2233 854 2292 firmitate
897 2233 1117 2302 docuit,
1166 2238 1238 2292 ut
1273 2234 1682 2302 ,admirabilis
1731 2251 1834 2306 spe

574 2323 859 2381 culativi‘
910 2342 1124 2381 nomen
1173 2323 1425 2398 adeptu-3
1474 2320 1731 2404 fueritl).
1781 2356 1865 2365 —

576 2534 731 2587 1625.
759 2530 922 2583 Alius
950 2529 1066 2582 fuit
1091 2530 1165 2582 ab
1184 2528 1265 2581 Al
1284 2530 1320 2583 b
1335 2546 1363 2582 e
1381 2547 1408 2581 r
1423 2530 1480 2582 ti
1499 2548 1534 2581 n
1552 2547 1583 2583 o
1612 2529 1866 2583 Barisoni

576 2602 790 2671 pariter
841 2603 1115 2671 patavino
1136 2643 1148 2666 ,
1189 2602 1450 2670 episcopo
1502 2602 1786 2656 cenetensi
1822 2607 1870 2673 (†

577 2678 753 2745 1667),
784 2675 887 2741 qui
911 2673 1137 2742 scripsit
1159 2677 1222 2728 de
1247 2677 1502 2727 archiviis
1524 2676 1867 2742 antiquorum

576 2745 1049 2799 commentarium
1077 2746 1155 2813 (in
1184 2744 1347 2797 novis
1375 2742 1656 2813 supplem.
1684 2745 1868 2814 antiq.

575 2833 712 2872 rom.
744 2816 997 2869 Venetiis
1025 2820 1204 2888 1737).
1234 2849 1298 2856 -
1327 2814 1739 2869 Bernardinum
1759 2815 1868 2871 Be·

577 2905 614 2939 n
632 2903 660 2940 e
678 2886 713 2939 d
731 2903 760 2940 e
781 2887 876 2939 tti
920 2885 1188 2940 Picenum
1234 2886 1690 2968 protonotarium
1737 2904 1869 2956 apo-

577 2957 856 3020 stolicum,
900 2957 997 3024 qui
1024 2958 1288 3012 disseruit
1321 2962 1384 3011 de
1410 2962 1648 3025 jubilaeo
1688 2968 1868 3013 emra-

577 3033 874 3099 ordinario,
905 3028 1151 3082 Arimini
1182 3032 1338 3085 1648.
1386 3030 1547 3083 Alius
1576 3031 1650 3083 ab
1676 3046 1740 3084 eo
1782 3033 1869 3084 est

575 3100 990 3154 Thaddaeus
1032 3100 1324 3155 Benedetti
1368 3100 1428 3154 Ο.
1460 3101 1548 3155 Ε1.
1590 3102 1755 3169 cujus
1780 3105 1867 3155 'ex-

572 3174 690 3226 stat
712 3175 1012 3240 Siqm'ficati
1034 3192 1059 3226 e
1085 3175 1434 3227 Meditazioni
1471 3174 1561 3227 del
1590 3190 1657 3229 ss.
1688 3172 1866 3226 Sacri·

574 3243 698 3299 ficio
726 3244 877 3297 della
904 3245 1100 3308 Messa,
1128 3244 1407 3297 Mace-,rata
1435 3248 1595 3305 1594;
1625 3248 1779 3303 1608.
1799 3278 1864 3285 -—

573 3316 985 3385 Hieronymum
1028 3315 1564 3369 Perrantinum
1593 3314 1645 3368 S.
1673 3314 1722 3367 J.
1752 3318 1866 3368 An·

572 3388 902 3442 conitanum
932 3393 980 3459 (†
1006 3393 1054 3446 1.
1076 3387 1108 3440 J
1115 3404 1202 3441 an.
1229 3391 1386 3452 1655)
1417 3386 1779 3440 disserentem
1804 3391 1867 3441 de

570 3463 822 3514 scandalo
849 3470 894 3513 et
920 3463 1251 3528 correptione
1275 3463 1540 3526 fraterna,
1570 3474 1686 3525 qua
1714 3475 1865 3513 occa-

570 3532 725 3656 slione
752 3532 824 3584 ad
855 3531 1117 3655 intolegtas
1159 3530 1553 3654 zlzcrupullorum
1595 3528 1865 3583 sollicitu-

609 3620 733 3656 mes
760 3620 893 3655 aver
922 3620 991 3656 en
1035 3620 1095 3656 as
1186 3619 1315 3656 ures
1342 3619 1375 3655 a
1400 3620 1441 3654 11
1484 3617 1662 3665 casus,
1704 3617 1865 3670 prae-

571 3675 764 3728 sertim
786 3674 857 3727 ad
879 3620 1287 3728 confessiguem
1306 3675 1665 3742 peccatorum
1689 3690 1863 3727 sacra·

570 3745 873 3799 mentalem
918 3747 1257 3814 spectantes,
1303 3748 1360 3797 et
1393 3744 1626 3812 quidem
1669 3744 1864 3797 diffici-

570 3816 757 3878 110163,
797 3815 857 3868 111
887 3815 1054 3868 variis
1098 3814 1445 3883 diversisque
1486 3815 1740 3868 materiis
1778 3832 1864 3868 ex-

572 3886 875 3956 plicantur,
902 3886 1109 3939 Romae
1130 3886 1344 3942 1653111
1367 3888 1404 3942 f.
1421 3920 1487 3927 —
1509 3886 1863 3953 Stephanum

573 3975 607 4009 a
634 3974 674 4008 s.
704 3956 1041 4025 Gregorio
1071 3955 1131 4009 Ο.
1158 3957 1209 4009 S.
1230 3958 1375 4027 Aug.
1400 3957 1863 4028 Neapolitanum,

576 4028 677 4095 qui
704 4030 911 4080 divinae
932 4033 1147 4096 pietatis
1186 4033 1394 4083 vincula
1436 4032 1704 4094 recenset,
1745 4029 1864 4097 qui·

576 4100 676 4151 bus
705 4097 949 4167 quilibet
975 4100 1126 4152 vitae
1153 4101 1333 4154 status
1354 4102 1466 4155 Deo
1496 4101 1709 4154 arctius
1736 4117 1863 4156 con-

566 4171 856 4241 jungitur,
885 4170 1173 4224 Bononiae
1205 4177 1342 4229 1645
1383 4172 1439 4225 111
1469 4173 1507 4226 f.
1538 4206 1602 4213 —-
1632 4171 1864 4225 Petrum

576 4237 814 4296 Paulum
841 4246 887 4296 G
906 4260 942 4295 u
962 4258 995 4295 a
1011 4260 1038 4295 z
1056 4242 1076 4294 i
1093 4243 1163 4295 ni
1193 4244 1348 4303 Orat,
1372 4278 1437 4284 -—
1460 4243 1641 4297 Elian]
1667 4243 1709 4296 L
1725 4262 1762 4296 u
1779 4261 1863 4296 na

575 4314 637 4369 O.
685 4316 865 4369 Uarm.
913 4313 1367 4385 Drepanitanum
1389 4357 1400 4380 ,
1445 4315 1547 4383 qui
1588 4332 1621 4367 a
1665 4316 1862 4368 Turcis

573 4386 1020 4514 ‹lidaptqu'Il-{gnea
1039 4386 1098 4439 in
1126 4386 1459 4510 csbptivitate
1487 4385 1736 4510 desscegsig
1755 4392 1864 4455 (15.

631 4475 717 4512 ov.
800 4463 829 4513 '.
874 4464 904 4522 ⁸)
934 4475 963 4512 e
1024 4487 1129 4512 .-
1207 4475 1239 4513 0
1268 4475 1412 4511 onus
1452 4474 1545 4511 era
1660 4475 1695 4510 n
1738 4474 1863 4511 reas

573 4530 885 4584 Fesulanus
912 4546 945 4582 a
973 4547 1014 4583 s.
1042 4529 1086 4583 T
1105 4532 1141 4583 h
1160 4547 1189 4583 e
1206 4548 1231 4581 r
1247 4547 1276 4582 e
1294 4548 1318 4583 s
1335 4530 1354 4582 i
1371 4546 1404 4582 a
1431 4528 1494 4582 O.
1524 4529 1723 4594 Carm.,
1763 4529 1862 4597 qui

574 4602 916 4671 plurimum,
964 4600 1177 4669 Pragae
1205 4601 1534 4670 praesertim
1556 4642 1567 4663 ,
1614 4618 1716 4669 pro
1759 4599 1861 4653 Dei

574 4674 756 4742 gloria
782 4672 1065 4727 laboravit
1090 4683 1134 4737 (†
1167 4676 1340 4742 1651).

1920 1184 1950 1223 c
1965 1184 2005 1222 u
2024 1161 2075 1242 s)
2096 1164 2147 1221 S.
2166 1163 2222 1222 J.
2241 1163 2569 1222 Genuensis
2589 1161 2650 1245 (†
2671 1173 2768 1226 29.
2786 1166 2985 1226 Martii
3010 1180 3035 1230 1
3052 1179 3128 1230 65
3144 1165 3208 1250 7)

1920 1252 2164 1312 tutioris
2212 1253 2540 1311 sententiae
2588 1259 2858 1324 sectator,
2907 1257 3012 1331 qui
3055 1258 3210 1317 forte

1919 1342 2168 1418 primum
2189 1341 2675 1417 probabilismum
2693 1344 3078 1422 impugnavit,
3097 1348 3211 1406 sub

1922 1432 2170 1491 Candidi
2205 1431 2376 1488 Phi]
2397 1431 2467 1488 al
2488 1432 2599 1489 eti
2630 1435 2868 1493 nomine
2892 1435 2954 1493 in
2988 1436 3210 1511 disput.

1921 1522 1990 1579 de
2022 1523 2354 1597 opinionum
2378 1523 2570 1593 praxi
2599 1522 2820 1581 additis
2841 1524 3035 1583 tribus
3066 1546 3209 1601 apo·

1922 1611 2100 1688 logiis
2114 1611 2364 1669 diversis
2375 1611 2746 1686 temporibus
2758 1611 2952 1684 editis,
2968 1615 3213 1674 Genuae

1932 1710 2093 1764 1642
2129 1700 2194 1758 111
2230 1710 2301 1768 8.,
2357 1707 2555 1768 1652;
2605 1701 2832 1760 Mat-‚riti
2884 1712 3042 1764 1645
3081 1707 3214 1772 etc„

1922 1789 2204 1849 adversus
2240 1807 2416 1865 quem
2465 1790 2706 1865 scripsit
2738 1791 2828 1849 Fr.
2862 1793 3096 1850 Bardi
3146 1795 3215 1852 in

1923 1880 2046 1937 suis
2080 1877 2614 1954 disceptationibus
2641 1879 2712 1937 de
2744 1881 3108 1940 conscientia
3130 1881 3218 1964 (p.

1931 1966 2156 2048 1189);
2192 1970 2261 2026 de
2305 1967 2539 2026 Cambio
2590 1972 2916 2028 tractatum
2948 1971 3216 2041 brevem,

1922 2057 1984 2116 111
2017 2077 2136 2133 quo
2169 2059 2296 2133 ejus
2343 2056 2603 2117 essentia
2641 2063 2702 2115 et
2725 2059 2965 2133 justitia
3017 2059 3222 2119 decla-

1924 2150 2091 2206 ratur
2122 2151 2182 2206 et
2213 2145 2697 2223 impugnantium
2718 2149 3086 2225 argumentis
3119 2170 3217 2208 re-

1925 2236 2267 2313 spondetur,
2303 2236 2541 2295 Genuae
2569 2245 2732 2298 1652
2760 2238 2822 2295 111
2850 2246 2918 2306 8;
2952 2238 3022 2295 de
3034 2257 3217 2312 prae-

1924 2328 2158 2385 scientia
2191 2327 2302 2384 Dei
2341 2345 2410 2383 ac
2431 2325 2959 2397 praedestinatione
3005 2327 3211 2403 dispu-

1923 2416 2227 2485 tationem,
2261 2416 2337 2474 ib.
2367 2423 2530 2478 1656
2565 2414 2628 2471 111
2664 2427 2734 2482 ὃς
2769 2417 3060 2488 Questioni
3086 2420 3200 2491 filo-

1924 2506 2125 2579 soriche
2167 2504 2325 2563 facili
2372 2503 2444 2561 ad
2491 2503 2837 2574 intendersi‚
2878 2525 2909 2563 e
2956 2507 3142 2583 vaghe
3173 2526 3207 2563 a

1927 2595 2150 2671 supersi
2175 2593 2605 2653 curiosamente
2628 2593 2897 2664 risolute,
2922 2595 2998 2653 ib.
3026 2607 3048 2658 1
3066 2607 3096 2657 6
3109 2605 3210 2659 53.

1924 2719 2009 2728 -·
2045 2684 2131 2742 De
2145 2684 2381 2757 justitia
2404 2690 2453 2739 et
2473 2685 2617 2757 Jure
2650 2702 2798 2758 opus
2817 2685 3204 2759 posthumum

1927 2774 1989 2831 in
2034 2773 2182 2831 duas
2231 2775 2430 2847 partes
2482 2771 2910 2843 distributum,
2962 2772 3198 2847 Neapoli
3253 2846 3258 2852 Δ

1931 2872 2096 2925 1659
2130 2882 2185 2919 v.
2224 2870 2255 2922 2
2293 2862 2355 2919 in
2387 2860 2424 2919 f.
2458 2861 2704 2937 reliquit
2736 2862 2988 2921 Thomas
3016 2861 3206 2919 d’Af-

1924 2951 1955 3009 f
1961 2951 2012 3009 li
2031 2953 2058 3008 t
2078 2954 2147 3009 to
2181 2951 2315 3009 cler.
2339 2947 2520 3031 reg.²)
2555 2951 3006 3025 Neapolitanus,
3027 2955 3213 3010 natus

1925 3042 2076 3099 circa
2109 3061 2156 3099 a.
2198 3050 2364 3103 1570
2398 3041 2459 3098 in
2493 3039 2707 3117 oppido
2741 3059 2784 3097 8.
2820 3041 3085 3116 Agathae
3121 3061 3217 3101 re-

1924 3130 2122 3206 ligiosi
2155 3129 2266 3188 viri
2298 3131 2613 3206 imaginem
2644 3129 2957 3204 ideamque
2989 3132 3062 3187 ad
3097 3149 3216 3189 un·

1923 3238 2099 3295 guem
2131 3223 2585 3293 repraesentans
2632 3219 2752 3276 oris
2798 3218 3024 3287 habitu,
3076 3239 3216 3295 gra-

1924 3307 2124 3377 vitate,
2162 3307 2400 3381 pietate,
2448 3307 2732 3366 orationis
2767 3307 2980 3377 studio,
3015 3304 3215 3368 sacro-

1921 3416 2054 3454 rum
2089 3397 2261 3455 cultu
2309 3394 2369 3473 (†
2404 3406 2503 3458 23.
2537 3397 2677 3471 Maji
2717 3392 2926 3475 1643).
2965 3431 3054 3442 -
3087 3400 3211 3455 An-

1923 3486 2092 3564 dreas
2122 3486 2158 3543 S
2176 3506 2264 3544 an
2281 3490 2308 3544 t
2327 3486 2561 3544 arelli
2597 3482 3054 3567 (Sanctarellus)
3078 3486 3129 3544 S.
3151 3487 3205 3544 J.

1921 3575 2113 3650 patria
2162 3575 2471 3633 Adriensis
2521 3577 2583 3633 in
2636 3575 2869 3634 Samnio
2914 3595 2970 3633 n.
3026 3585 3202 3642 1596,

1920 3664 2252 3740 theologiae
2284 3664 2522 3723 moralis
2554 3683 2660 3740 per
2697 3665 3040 3723 octennium
3071 3683 3207 3740 pro·

1922 3754 2133 3822 sessor,
2198 3753 2261 3811 in
2316 3751 2675 3828 excipiendis
2739 3754 3209 3813 confessionibus

1920 3847 2046 3901 erat
2066 3841 2414 3901 indefessus
2435 3843 2623 3901 Annis
2646 3842 2876 3917 aliquot
2895 3847 3032 3901 ante
3052 3861 3208 3901 mor-

1920 3937 2041 3989 tem
2075 3932 2323 3990 orbatus
2357 3932 2493 3990 visu
2525 3950 2757 3991 summa
2789 3932 2964 3990 animi
3000 3932 3208 4005 aequi—

1919 4024 2045 4079 tate
2080 4021 2266 4080 instar
2298 4022 2512 4079 Tobiae
2559 4021 2807 4080 senioris
2848 4021 2995 4079 tulit
3039 4039 3205 4079 suam

1920 4109 2277 4179 coecitatem,
2311 4114 2371 4168 et
2405 4111 2805 4187 interrogatus
2839 4111 3089 4185 saepius,
3127 4127 3209 4166 an

1997 4320 2035 4385 ¹)
2062 4315 2222 4368 Alius
2249 4316 2320 4369 ab
2346 4333 2411 4369 eo
2439 4316 2523 4369 est
2540 4315 2891 4385 Augustinus
2920 4315 3212 4385 Spinola

1921 4386 2232 4441 Genuensis
2247 4386 2485 4457 insignis
2502 4387 2692 4440 theolo
2737 4404 2801 4440 us
2819 4390 2877 4442 et
2893 4386 3213 4449 canonista,

1922 4474 2089 4526 quem
2112 4457 2323 4512 Paulus
2342 4458 2409 4513 V.
2436 4460 2661 4527 petente
2725 4458 2948 4529 hilippo
2968 4458 3065 4512 111.
3091 4476 3212 4513 car·

1919 4529 2166 4583 dinalem
2217 4529 2447 4589 creavit.
2500 4528 2812 4600 Episcopus
2865 4529 3211 4599 hispalensis

1920 4600 2228 4669 quotannis
2240 4604 2436 4663 30‚000
2447 4616 2749 4655 aureorum
2765 4601 2917 4655 inter
2931 4618 3211 4671 pauperes

1919 4672 2168 4727 dividere
2209 4672 2411 4726 solitus
2453 4674 2577 4727 erat
2614 4676 2662 4745 (†
2690 4676 2774 4729 12.
2815 4671 2975 4727 Febr.
3023 4677 3204 4741 1644).

652 4749 691 4811 ¹)
718 4745 801 4798 Cf.
844 4744 1122 4797 Martialis
1147 4761 1180 4797 a
1215 4763 1255 4797 s.
1298 4745 1458 4797 Joan.
1503 4742 1762 4810 Baptista
1800 4744 1860 4797 in
1920 4743 2193 4797 Ediderat
2219 4743 2442 4812 aliquot
2465 4743 2686 4799 libellos
2712 4744 2848 4812 pios.

575 4815 710 4867 bibl.
739 4813 930 4882 script.
960 4814 1021 4867 Ο.
1052 4814 1287 4868 Carmel.
1316 4832 1368 4883 p.
1397 4818 1499 4871 351
1523 4832 1592 4869 ss.

1994 4820 2033 4886 ἱ)
2065 4814 2146 4868 cf.
2176 4814 2404 4869 Vezzosi
2434 4816 2473 4879 l,
2497 4821 2549 4872 4.
