3625 5193
377 260 497 315 361
691 243 1003 315 Theologia
1029 245 1285 313 mystica.
1313 245 1365 301 S.
1394 245 1426 298 J
1431 263 1482 300 o.
1508 263 1542 299 a
1567 246 1742 300 Cruce
1763 268 1775 307 ;
1799 248 1993 301 Barth.
2020 262 2054 298 a
2079 244 2262 310 Mart„
2290 245 2428 299 Lud.
2456 246 2689 301 Granat.
2875 263 2996 318 302

480 437 617 492 157.
650 429 744 488 Ad
775 429 1137 506 theologiam
1166 432 1464 506 mysticam
1495 451 1663 507 prae·
1722 431 1899 489 variis
1931 430 2354 503 additionibuS,
2377 431 2530 490 liber
2548 450 2745 500 rarus;
2784 431 3001 491 Stimu-

381 522 472 576 ter
521 521 616 576 tot
666 518 813 576 alios
861 518 1125 595 insignes
1175 525 1406 579 ascetas
1457 520 1666 579 referri
1722 520 1814 577 lus
1839 527 2143 595 pastorum
2160 540 2227 580 ex
2249 520 2615 596 gravissimis
2637 539 2714 579 ss.
2736 521 3000 580 PP.sen-

381 609 667 683 possunt:
691 607 746 665 S.
767 605 807 664 J
824 625 1109 666 oannes
1140 629 1172 665 a
1194 608 1373 667 Cruce
1395 609 1458 668 Ο.
1481 609 1664 668 Carm.
1721 608 1934 667 tentiis
1983 609 2386 679 concinnatus,
2434 608 2495 667 in
2541 628 2660 683 quo
2700 610 2902 686 agitur
2932 610 3003 666 de

377 692 814 775 restaurator1)
865 702 1044 756 natus
1091 697 1393 756 Fontiberi
1433 698 1497 756 in
1528 699 1666 757 His·
1722 697 1847 755 vita
1878 702 1939 756 et
1967 698 2232 756 moribus
2276 698 2679 773 episcoporum
2726 698 3003 757 aliorum-

383 785 562 859 pania
593 781 814 863 (1543,
847 781 883 851 †
927 794 1019 846 14.
1057 786 1190 844 Dec.
1233 782 1446 869 1591),
1495 788 1666 863 cujus
1724 801 1841 862 que
1873 786 2295 861 praelatorum,
2328 786 2544 845 Romae
2584 793 2746 850 1564
2782 805 2926 845 cura
2957 805 3001 846 s.

378 892 556 950 opera
601 873 903 949 hispanice
949 875 1284 951 conscripta
1315 875 1667 950 prodierunt
1723 875 1914 933 Caroli
1944 876 2284 933 Borromaei
2316 879 2379 934 et
2423 876 2657 951 saepius
2703 876 2863 945 alibi,
2910 894 3003 934 re-

380 962 709 1021 Bueinone
771 971 969 1033 16193
1016 962 1244 1022 Matriti
1297 973 1459 1027 1629
1495 965 1556 1023 in
1596 974 1664 1035 43
1723 967 1925 1023 center
1939 967 2181 1039 propter
2196 982 2361 1023 suam
2382 964 2713 1024 utilitatem
2734 986 2766 1022 a
2789 964 3003 1023 doctis·

385 1050 776 1126 Pampelonae
807 1060 970 1114 1774
993 1052 1216 1127 optima
1235 1052 1452 1124 editio;
1487 1072 1667 1129 quae·
1725 1052 1875 1112 simo
1904 1053 2135 1112 Fessler
2165 1053 2385 1112 iterum
2424 1053 2625 1113 editus
2665 1053 3003 1112 Einsiedeln

378 1140 513 1198 dam
549 1139 667 1198 alia
684 1139 899 1216 gallice
919 1158 1089 1198 versa
1108 1141 1511 1216 subjiciuntur
1541 1144 1669 1219 ejus
1724 1141 1814 1202 ed.
1858 1150 2039 1205 1863.
2083 1151 2266 1207 1864.
2288 1144 2721 1203 Annotationes
2741 1144 2803 1200 in
2823 1141 3003 1200 Davi·

381 1228 540 1286 vitae
572 1233 815 1286 auctore
849 1228 1269 1288 Dosithaeo
1302 1250 1335 1288 a
1368 1250 1410 1289 e.
1461 1231 1668 1290 Alexio
1724 1230 1882 1289 dicos
1901 1231 2166 1303 psalmos
2197 1227 2356 1312 (opp.
2389 1232 2464 1301 ΙΙ,
2502 1227 2823 1313 5--170);
2857 1239 3002 1289 cate-

387 1316 636 1375 Parisiis
697 1326 892 1387 17273
943 1318 1129 1376 latine
1175 1319 1448 1378 Coloniae
1505 1328 1664 1383 1710
1725 1319 1930 1377 chismi
1960 1318 2082 1378 sive
2114 1319 2416 1379 doctrinae
2449 1320 2802 1379 christianae
2834 1320 2896 1381 ll.
2935 1330 3003 1390 23

389 1407 451 1464 in
484 1416 540 1467 4.
573 1438 661 1449 —
696 1406 836 1464 Ven.
871 1406 1361 1466 Bartholomaeus
1409 1429 1444 1466 a
1489 1410 1666 1468 Mar·
1731 1408 1924 1483 Opera
1956 1411 2150 1467 omnia
2181 1410 2533 1484 prodierunt
2552 1428 2695 1468 cura
2712 1410 2785 1467 M.
2808 1409 3005 1468 D'In-

385 1494 702 1570 tyr-ibus
750 1495 813 1554 O.
860 1495 1065 1555 Praed.
1111 1496 1450 1568 Lusitanus,
1498 1499 1668 1573 cujus
1726 1496 2137 1573 guimbert
2170 1498 2384 1557 Romae
2425 1506 2808 1562 1734.1735
2847 1518 2943 1574 pp.
2968 1506 3001 1559 2

374 1585 503 1658 jam
535 1602 717 1659 supra
747 1603 785 1658 p
825 1593 900 1645 75
936 1585 1331 1654 meminimus,
1385 1586 1479 1644 vir
1527 1606 1669 1662 apo·
1725 1586 1790 1644 in
1830 1596 1853 1647 1
1897 1605 1969 1656 v.,
2003 1586 2324 1661 praemissa
2354 1587 2618 1662 ejusdem
2640 1587 2781 1657 vita,
2804 1587 2891 1644 ed.
2914 1589 3008 1645 sat

392 1672 591 1731 stolici
636 1673 811 1748 plane
860 1673 1112 1747 pectoris
1159 1670 1405 1756 (1514),
1450 1676 1669 1752 viginti
1725 1694 1859 1733 rara
1889 1672 1991 1753 (m.
2016 1671 2142 1754 70),
2174 1708 2263 1720 -
2295 1676 2718 1735 Celeberrimus
2738 1676 2804 1733 in
2822 1674 3005 1734 ascesi

381 1761 555 1819 annis
571 1761 635 1819 in
654 1761 820 1837 regio
836 1762 1083 1838 collegio
1100 1763 1486 1838 olisiponensi
1502 1766 1669 1824 theo·
1726 1766 1817 1822 est
1849 1763 2183 1822 Ludovicus
2223 1785 2257 1822 a
2290 1766 2484 1841 patria
2503 1765 2699 1824 dictus
2724 1764 3005 1822 'Grana-

382 1849 577 1926 logiae
625 1849 826 1920 lector,
872 1849 1282 1910 bracharensis
1334 1854 1669 1927 provinciae
1725 1852 2002 1915 tensis.
2034 1851 2226 1911 Natus
2264 1854 2316 1912 is
2348 1861 2438 1912 est
2469 1875 2519 1914 a.
2559 1862 2745 1921 1504,
2795 1871 3007 1911 secun-

385 1957 522 1997 suae
555 1938 847 2006 definitor,
895 1939 1305 1998 bracharensis
1351 1942 1667 2018 archiepis·
1726 1941 1873 2000 dum
1904 1942 2171 2000 seculum
2211 1942 2445 2001 infimae
2491 1943 2680 2002 sortia.
2729 1942 3007 2001 Ordinem

382 2045 569 2101 copus
602 2027 801 2086 dictus
835 2030 928 2085 est
959 2023 1205 2110 (1558),
1247 2047 1425 2103 quam
1471 2030 1668 2108 digni·
1726 2029 1931 2089 Praed.
1965 2033 2059 2088 est
2106 2030 2412 2105 ingressus
2445 2052 2492 2089 a.
2533 2039 2720 2098 1525,
2768 2031 3005 2088 absolu-

387 2119 572 2175 tatem
586 2116 1066 2175 nonnisiinvitus
1087 2120 1148 2175 et
1168 2121 1479 2194 praecepto
1500 2120 1670 2179 adac—
1727 2119 1931 2193 tisque
1963 2137 2107 2177 cum
2130 2118 2308 2177 laude
2340 2120 2555 2178 studiis
2589 2123 2877 2178 oratorem
2914 2137 3005 2177 sa-

384 2210 486 2262 tus
509 2206 855 2280 acceptavit.
872 2205 1155 2264 Interfuit
1175 2206 1426 2266 concilio
1440 2208 1669 2267 triden-
1726 2226 1894 2266 crum
1925 2207 2048 2283 egit
2076 2226 2290 2283 magno
2319 2209 2552 2283 plausu.
2592 2209 2733 2266 Post
2777 2207 3006 2267 obitum

384 2293 512 2352 tino
547 2298 907 2369 strenueque
941 2295 1004 2352 in
1037 2313 1104 2353 eo
1135 2296 1261 2372 egit
1298 2296 1667 2357 reformatio·
1726 2295 2196 2371 provincialatus
2229 2315 2447 2355 munus
2467 2296 2822 2356 monasterio
2842 2295 3005 2354 olisi-

389 2382 480 2440 nis
514 2382 943 2441 ecclesiasticae
977 2384 1286 2460 negotium
1320 2388 1380 2443 et
1412 2389 1546 2461 post
1576 2405 1668 2444 re-
1725 2384 1976 2460 ponensi
2021 2402 2083 2443 se
2134 2384 2379 2453 abdidit,
2429 2391 2497 2443 ut
2545 2384 2814 2454 orationi,
2848 2403 3004 2442 com·

383 2471 579 2529 ditum
624 2471 747 2529 zelo
793 2472 1117 2547 apostolico
1163 2477 1330 2532 totus
1377 2474 1667 2544 incubuit,
1728 2473 2013 2549 ponendis
2046 2472 2233 2543 libris,
2267 2473 2594 2532 animarum
2631 2474 2814 2532 saluti
2838 2476 3005 2531 totus

388 2563 456 2618 ut
490 2560 797 2619 dioecesim
849 2579 1013 2620 suam
1067 2561 1141 2620 ad
1189 2562 1353 2622 illius
1404 2581 1670 2623 normam
1727 2567 1981 2632 vacaret,
2016 2562 2403 2638 quamobrem
2435 2563 2625 2623 etiam
2658 2562 2876 2622 infulas
2895 2560 3007 2620 sibi

390 2655 768 2708 restauraret.
817 2650 969 2709 Hinc
998 2661 1162 2714 1566
1200 2653 1427 2711 celebre
1461 2652 1670 2711 habuit
1727 2653 1955 2710 oblatas
2002 2651 2314 2710 recusabat
2360 2649 2420 2733 (†
2455 2663 2554 2716 31.
2590 2654 2719 2711 Dec.
2769 2659 2932 2715 1588
2974 2670 3008 2708 a

386 2739 684 2797 comilium
692 2741 1052 2813 provinciale
1064 2740 1443 2799 bracarensel
1455 2737 1670 2823 V(Bra-
1728 2741 1941 2799 aetatis
1978 2735 2103 2821 84).
2150 2740 2420 2816 Reliquit
2435 2737 2480 2823 ¹)
2527 2761 2706 2817 quam
2750 2740 3009 2817 plurima

385 2846 552 2886 carae
593 2824 805 2909 1567).
846 2828 1064 2886 Verum
1096 2833 1168 2888 ut
1200 2831 1372 2888 unice
1406 2835 1670 2889 contem·
1727 2848 1921 2904 opera,
1954 2830 2020 2887 in
2050 2829 2257 2904 primis
2302 2833 2569 2902 ascetica‚
2618 2849 2771 2904 quae
2817 2829 3004 2888 notis·

387 2916 613 2991 platoni
679 2911 898 2976 'rerum
963 2917 1304 2976 divinarum
1394 2919 1671 2977 insistere
1727 2918 1874 2976 sima
1905 2922 1966 2977 et
1999 2919 2061 2975 in
2093 2920 2559 2994 quamplurimas
2588 2920 2825 2996 linguas
2843 2937 3009 2977 versa

384 3010 602 3080 posset,
696 3004 1210 3081 archiepiscopatu
1297 3027 1358 3065 se
1436 3007 1668 3065 abdica·
1725 3005 1908 3075 fuere,
1941 3007 2102 3066 inter
2150 3027 2298 3083 quae
2348 3010 2567 3068 eminet
2616 3008 2709 3066 La
2754 3010 2891 3085 quia
2941 3008 3009 3065 de

391 3094 478 3152 vit
513 3104 613 3156 20.
646 3094 815 3152 Febr.
869 3103 1032 3157 1582
1070 3100 1130 3153 et
1158 3101 1297 3171 post
1329 3097 1668 3156 octennium
1720 3096 2057 3171 pacatiores,
2078 3113 2196 3170 quo
2220 3097 2521 3157 innumeri
2545 3098 2619 3157 ad
2640 3117 2837 3156 veram
2870 3114 3007 3171 per-

391 3182 658 3258 piissime
708 3183 771 3239 in
823 3183 1073 3242 Domino
1126 3181 1336 3265 obiit2)
1399 3196 1494 3247 16.
1545 3186 1670 3243 Jul.
1727 3184 1891 3242 ducti
1926 3189 2069 3244 sunt
2103 3187 2576 3256 conversionem3
2607 3179 3010 3245 ElMemorial

402 3282 585 3335 1590.
621 3290 656 3328 a
690 3271 974 3348 Gregorio
1006 3272 1138 3331 XVI
1170 3273 1405 3333 decreto
1425 3294 1474 3336 a.
1507 3283 1667 3336 1845
1728 3273 1799 3331 de
1848 3274 1906 3331 la
1951 3273 2086 3331 vida
2131 3274 2472 3337 christiana.
2522 3274 2827 3333 Accedunt
2875 3273 3008 3330 bio-

400 3359 848 3428 ,Venerabilis‘
887 3360 1100 3419 dictus.
1133 3362 1384 3440 Collegit
1414 3381 1671 3438 compen-
1728 3361 2032 3438 graphiae,
2057 3363 2364 3421 conciones
2385 3368 2528 3431 etc.;
2561 3368 2861 3437 praeterea
2882 3361 3008 3418 rhe-

393 3450 553 3506 dium
603 3449 900 3508 doctr-inae
951 3452 1282 3524 spiritualis
1341 3471 1555 3526 magna
1603 3470 1672 3509 ex
1729 3452 1942 3509 tor-icae
1971 3452 2371 3509 ecclesiasticae
2390 3451 2509 3509 sive
2530 3451 2602 3508 de
2622 3451 2846 3508 ratione
2866 3467 3008 3507 con-

392 3543 557 3613 parte
604 3556 673 3595 ex
719 3538 902 3597 variis
946 3556 1020 3601 ss,
1052 3543 1291 3614 patrum
1338 3540 1670 3610 sententiis,
1730 3537 2000 3597 cionandi
2047 3540 2111 3599 ll.
2161 3549 2217 3607 6,
2267 3539 2569 3615 Olisipone
2620 3546 2785 3602 1576
2834 3538 2897 3595 in
2939 3548 3007 3605 43

388 3625 691 3700 Olisipone
748 3636 910 3689 1582
959 3627 1023 3685 in
1071 3637 1140 3699 8;
1189 3629 1416 3687 Matriti
1472 3638 1671 3697 15983
1728 3626 1994 3685 Venetiis
2034 3635 2199 3689 1578
2224 3647 2343 3686 una
2365 3648 2499 3686 cum
2519 3628 2672 3704 Aug.
2705 3625 3007 3685 Valerii

392 3714 637 3772 Parisiis
676 3726 833 3778 1601
866 3737 879 3786 ;
926 3719 988 3774 et
1019 3717 1177 3775 inter
1209 3737 1302 3792 op.
1336 3717 1482 3775 Lud.
1531 3717 1672 3775 Gra·
1729 3716 2016 3774 rhetorica
2057 3717 2431 3775 ecclesiastica
2463 3716 2532 3775 ad
2566 3716 2807 3775 clericos
2851 3717 2914 3777 ll.
2953 3725 3007 3784 3,

388 3803 691 3875 natensis3
753 3804 1112 3880 inscriptum
1179 3806 1359 3863 etiam
1408 3822 1672 3879 compen·
1730 3807 1791 3863 et
1809 3804 1954 3862 alibi
1974 3822 2172 3879 saepe;
2206 3807 2275 3864 de
2294 3807 2500 3881 officiis
2518 3814 2568 3864 et
2587 3806 2841 3864 moribus
2861 3806 3011 3877 epis-

390 3894 552 3950 aium
587 3895 859 3968 mysticae
877 3894 1171 3952 doctrinae
1190 3898 1250 3953 et
1270 3899 1514 3954 auctum
1534 3913 1674 3952 cura
1730 3911 2026 3967 coporum,
2078 3893 2385 3969 Olisipone
2424 3905 2587 3959 1565
2622 3894 2687 3953 in
2733 3906 2843 3961 16.,
2892 3912 3012 3952 una

389 3980 731 4056 Ildephonsi
753 3984 811 4040 M
830 4002 865 4040 a
881 4001 920 4039 n
936 4002 966 4039 r
982 3982 1001 4039 i
1018 4003 1054 4058 q
1073 4002 1177 4053 ue,
1197 3983 1461 4042 Venetiis
1488 3993 1601 4049 171
1625 3994 1672 4054 1,
1732 4002 1868 4041 cum
1888 3982 2067 4040 simili
2089 3986 2164 4040 tr.
2188 3984 2394 4042 Barth.
2416 3983 2489 4042 de
2509 3986 2566 4042 M
2585 4003 2620 4042 a
2635 3987 2757 4059 rty
2772 3984 2836 4040 ri
2852 3983 2949 4039 bu
2966 4000 3009 4051 e,

1733 4071 1978 4129 Parisiis
1999 4083 2019 4133 1
2039 4082 2071 4133 5
2084 4080 2118 4134 8
2128 4079 2163 4134 3
2181 4073 2243 4131 in
2258 4080 2312 4135 8.
2335 4073 2689 4131 Prodierunt
2698 4073 2827 4148 ejus
2839 4088 3014 4146 opera

463 4154 503 4223 ¹)
530 4150 613 4204 Cf·
639 4152 919 4221 ιῘΟΒΘΡῙΠΙΒ
946 4168 979 4204 ³
1005 4151 1141 4206 Jssflu
1159 4152 1419 4207 Mariam
1439 4152 1678 4206 historia
1733 4160 1981 4219 collecta
2024 4162 2085 4217 et
2127 4161 2192 4220 in
2239 4161 2507 4238 linguam
2551 4161 2800 4220 latinam
2842 4176 3015 4218 versa

391 4221 544 4276 ‘'sta-‘³
583 4224 706 4304 {³³⁰⁸
751 4222 928 4304 1²59&
971 4222 1194 4304 reddita
1237 4224 1308 4277 ab
1350 4224 1601 4280 Addam
1645 4241 1678 4276 a
1734 4268 1875 4307 eura
1921 4248 2104 4308 Andr.
2151 4250 2383 4309 schotti
2429 4252 2482 4309 s,
2529 4251 2583 4309 J.
2630 4253 2690 4307 et
2721 4249 2892 4307 mich.
2939 4247 3012 4304 ab

390 4310 431 4346 s.
459 4293 658 4357 Maria,
685 4293 949 4349 Coloniae
969 4298 1182 4351 1663111
1207 4300 1270 4354 4:
1298 4294 1538 4352 Jocham
1564 4295 1677 4351 ΚΒ.

387 4364 481 4429 w,
508 4368 775 4423 1702—9·
1735 4339 1981 4395 Isselt
2024 4338 2294 4398 Coloniae
2336 4347 2763 4401 1626-1629
2799 4340 2841 4393 t.
2878 4345 2912 4396 3
2950 4335 3013 4391 in

461 4439 505 4507 ²)
532 4435 670 4506 Ejus
697 4435 877 4490 vitam
903 4438 1096 4490 narrat
1137 4436 1274 4493 Lud.
1315 4438 1384 4494 de
1413 4439 1680 4493 Granada

388 4506 535 4561 inter
559 4524 664 4561 sua
704 4524 793 4577 op.
837 4507 920 4561 ed.
950 4507 1176 4561 Madriti
1221 4512 1358 4566 1782
1399 4509 1533 4563 VIII
1560 4530 1616 4582 p.
1645 4514 1677 4565 2
1816 4517 1827 4546 ¹
1881 4508 1963 4563 Cf.
1992 4507 2213 4561 Echard
2241 4508 2307 4572 11,
2336 4511 2611 4566 285—91;
2652 4504 2787 4558 Lud.
2814 4505 3013 4558 Muiioz

390 4595 520 4659 pag.
544 4582 850 4636 239—320.
901 4578 1078 4643 Quam
1142 4579 1373 4636 lurimos
1401 4584 1677 4646 auctores,
1751 4581 1809 4631 V·
1845 4601 1879 4634 a
1921 4600 1957 4650 y
1996 4582 2228 4634 virtndes
2270 4578 2359 4632 del
2401 4595 2524 4631 ven.
2558 4593 2729 4629 varon
2768 4576 2821 4630 el
2856 4575 2913 4627 Ρ.
2941 4574 3014 4626 Μ.

391 4665 487 4715 qm
513 4650 580 4703 de
607 4665 672 4703 eo
700 4651 896 4720 agunt,
922 4649 1062 4703 citat
1126 4669 1167 4704 r.
1195 4651 1263 4704 de
1291 4650 1679 4708 Tessen-Wes-
1738 4650 1886 4719 Fray
1930 4651 2064 4705 Luis
2106 4650 2174 4704 de
2220 4648 2484 4703 Granada
2526 4649 2594 4702 de
2640 4648 2691 4700 S.
2720 4646 3014 4713 Doming0‚

394 4720 586 4773 sierski
612 4719 674 4774 in
701 4719 893 4774 Jahrb.
937 4721 1027 4774 fiir
1051 4721 1194 4776 Phil.
1222 4740 1275 4775 u.
1303 4740 1455 4793 spec.
1483 4722 1679 4779 Theol.
1737 4721 1958 4776 Mati-iti
2013 4725 2150 4779 1639
2200 4720 2259 4773 in
2310 4725 2375 4780 4:
2427 4718 2680 4787 Zingerle
2730 4717 2842 4772 KL·
2893 4716 3014 4778 Vll,

397 4790 493 4844 vll
523 4794 719 4862 (1893),
745 4796 852 4848 412
879 4808 945 4846 sa.
1737 4796 1902 4849 248-
1919 4798 2004 4852 50.
