3625 5193
392 274 512 327 505

1459 253 1659 308 Petrus
1686 253 1953 309 Morinus.

2888 272 3013 326 506

484 450 628 504 216.
661 441 707 498 Ε
735 441 909 518 yallis
939 441 1374 516 praetermissis
1408 441 1670 499 Christo·
1728 458 1879 515 quae
1911 439 2053 513 quia
2096 438 2410 498 admodum
2459 458 2607 508 rara,
2659 459 2865 499 recusa
2898 440 3017 501 fuit

394 531 574 606 phoro
624 531 961 588 Laureto
1010 528 1421 605 Agindinensi,
1477 529 1671 587 consi·
1729 549 1763 586 a
1794 528 2099 587 celebriori
2145 527 2442 586 Joanne
2489 528 2717 587 Morino
2766 530 3017 606 presby-

393 620 557 678 liario
590 618 772 695 regi0,
806 618 976 693 cnjus
1009 620 1231 677 exstat:
1284 619 1520 677 Hozoar
1550 619 1674 676 sive
1729 621 1856 676 tero
1920 617 2177 676 Oratorii
2230 611 2475 697 (1628).
2539 616 2695 676 Huic
2760 619 3015 678 versioni

389 710 700 767 illustratio
748 708 1161 782 prophetarum
1210 709 1280 766 de
1312 709 1675 781 plenitudine
1729 724 1970 783 graecae
2002 706 2219 780 adJecit
2250 705 2579 764 versionem
2611 706 2872 776 latinam,
2901 709 3013 766 Ro-

392 799 663 871 temporis
693 796 956 865 Messiae,
979 796 1221 854 Parisiis
1250 807 1414 860 1610
1437 797 1497 854 in
1515 805 1674 858 8.-
1730 815 1859 853 mae
1897 808 1922 857 1
1940 804 2084 859 588.
2139 795 2365 853 Caesari
2399 813 2635 869 quoque
2666 796 2919 855 Baronio
2951 797 3016 854 in

393 888 575 945 Paulo
610 885 942 954 Rivier'e,
990 885 1163 959 cujus
1213 889 1407 944 exstat
1450 887 1674 944 chroni-

392 995 493 1035 con
523 994 723 1052 requm
755 974 1183 1049 Israelitarum,
1219 975 1461 1033 Parisiis
1507 985 1671 1037 1600

394 1064 457 1123 10
501 1065 538 1125 f.
586 1097 675 1107 —
724 1064 953 1122 Joanne
999 1063 1253 1122 Nodin
1286 1064 1349 1123 Ο.
1385 1064 1438 1122 S.
1473 1064 1675 1121 Franc.

396 1150 454 1236 (†
495 1149 708 1232 1611),
757 1153 929 1227 cujus
962 1157 1054 1209 est
1100 1152 1350 1211 Victoria
1383 1153 1674 1211 Hebraeo-

393 1263 524 1301 rum
578 1244 852 1300 adversus
895 1242 1207 1317 Aeyyptios
1252 1243 1677 1301 catholicorum

392 1332 766 1407 triumphum
815 1332 1022 1388 contra
1066 1331 1388 1389 haereticos
1420 1330 1675 1407 praesig-

395 1421 641 1480 nificans
705 1421 759 1477 h.
812 1438 859 1477 e.
911 1421 1327 1478 commentaria
1375 1420 1439 1478 in
1483 1421 1680 1495 priora

401 1521 474 1572 15
535 1509 719 1567 Exodi
770 1527 868 1578 cc.‚
920 1508 1199 1585 Lugduni
1257 1519 1445 1584 1611,
1509 1510 1679 1583 cujus

395 1599 720 1657 editionem
736 1597 966 1655 curavit
983 1597 1323 1656 Desiderius
1347 1599 1393 1656 R
1409 1599 1428 1657 i
1444 1616 1474 1655 c
1490 1597 1527 1654 h
1546 1618 1580 1656 a
1595 1616 1627 1654 r
1641 1597 1679 1654 d

395 1688 601 1746 doctor
646 1686 1023 1762 parisiensis:
1073 1685 1137 1743 in
1181 1687 1391 1761 primis
1444 1686 1679 1762 speciali

394 1776 695 1835 mentione
727 1778 821 1834 est
839 1775 1058 1850 dignus
1081 1776 1293 1832 Petrus
1327 1777 1382 1833 M
1402 1793 1436 1834 o
1451 1775 1574 1832 rin
1594 1794 1634 1832 u
1652 1794 1678 1831 8

396 1865 649 1923 Lutetiis
684 1863 1047 1922 Parisiorum
1077 1871 1258 1921 natus
1275 1884 1324 1922 a.
1355 1875 1539 1926 1531,
1573 1863 1677 1938 qui

395 1955 600 2012 relicta
623 1954 780 2029 juris
813 1953 1144 2028 disciplina,
1180 1954 1275 2011 cui
1308 1973 1340 2010 a
1372 1957 1543 2028 patre
1577 1953 1677 2009 de·

397 2044 655 2101 stinatus
669 2042 879 2110 fuerat,
897 2046 1095 2100 totum
1125 2061 1186 2099 se
1216 2041 1413 2100 studio
1434 2059 1676 2115 operum

397 2137 634 2207 patrum
657 2130 837 2188 dedit.
872 2132 1013 2189 Fere
1033 2149 1262 2206 semper
1283 2132 1343 2189 in
1364 2131 1535 2188 Italia
1551 2148 1677 2186 ver-

399 2222 658 2290 sabatur,
694 2238 932 2295 operam
977 2238 1144 2278 suam
1187 2220 1444 2296 primum
1479 2219 1678 2276 dicans

399 2310 585 2368 Paulo
607 2309 926 2378 Manuccio,
967 2308 1183 2367 celebri
1205 2309 1365 2367 illius
1396 2307 1680 2383 temporis

397 2398 789 2475 typographO,
837 2398 1020 2457 donec
1067 2417 1100 2455 a
1143 2417 1184 2456 s.
1219 2399 1418 2456 Carolo
1465 2398 1676 2455 Borro-

399 2507 584 2556 1110οο,
636 2487 739 2562 qui
792 2505 925 2544 eum
976 2486 1215 2544 maximi
1267 2487 1406 2545 fecit
1439 2488 1681 2561 propter

401 2577 648 2636 solidam
701 2575 986 2635 virtutem
1036 2575 1447 2652 insignemque
1479 2575 1677 2633 erudi-

400 2667 621 2724 tionem
645 2666 1112 2733 ecclesiasticam,
1136 2666 1425 2723 invitatus
1438 2665 1578 2724 Rom
1588 2684 1680 2722 0111

404 2757 578 2813 venit.
642 2755 750 2813 Hic
793 2758 1072 2812 strenuus
1117 2755 1234 2812 suit
1274 2754 1468 2812 socius
1499 2753 1680 2812 variis

400 2844 462 2901 in
522 2843 804 2918 operibus
865 2842 1242 2901 conficiendis
1320 2842 1679 2917 edendisque

400 2933 511 2990 sub
544 2932 822 3008 auspiciis
854 2931 1200 3007 praesertim
1236 2932 1502 3006 Gregorii
1525 2931 1677 2989 XIII.

399 3030 459 3079 et
489 3021 637 3079 Sixti
672 3020 757 3089 V„
810 3025 882 3079 ut
925 3021 986 3079 in
1033 3022 1402 3079 conciliorum
1443 3039 1679 3096 qenero-

400 3112 540 3167 lium
589 3111 924 3183 collectione,
978 3129 1128 3184 quae
1178 3111 1394 3168 Romae
1458 3108 1681 3185 prodiit

409 3210 570 3261 1608
608 3218 664 3256 v.
689 3210 723 3260 4
747 3198 810 3256 in
829 3198 895 3268 f.;
930 3199 992 3255 in
1023 3199 1430 3256 emendatione
1463 3197 1680 3255 decreti

401 3288 668 3345 Gratiani
715 3291 776 3345 et
806 3288 1063 3345 editione
1112 3289 1372 3362 corporis
1391 3287 1555 3361 juris
1585 3305 1680 3343 ca-

400 3378 603 3445 nonici,
640 3394 793 3450 quae
811 3377 1002 3435 lucem
1025 3377 1250 3450 aspexit
1270 3377 1484 3433 Romae
1512 3384 1676 3440 1582

400 3485 451 3523 v.
490 3475 524 3526 4
558 3466 620 3523 10
652 3466 723 3533 f.;
754 3466 817 3522 in
850 3465 1211 3524 correctione
1234 3466 1507 3541 vulgatae
1541 3464 1680 3521 etin

399 3573 554 3612 nova
586 3554 848 3612 editione
879 3555 1157 3611 versionis
1189 3556 1556 3629 septuayinta
1588 3554 1677 3609 in-

401 3650 711 3717 terpretum
772 3643 837 3700 in
898 3644 1089 3700 lucem
1150 3643 1364 3701 emissa
1380 3640 1423 3721 ι)
1499 3648 1680 3709 1587,

348 3877 353 3881 .
476 3816 514 3881 ¹)
542 3811 689 3865 Huic
740 3810 985 3865 editioni
1033 3810 1335 3865 elaborand
1345 3829 1409 3864 ae
1453 3827 1682 3880 operam

400 3883 677 3938 dederunt
692 3886 914 3952 praeter
929 3882 1211 3935 Morinum
1226 3884 1328 3934 sub
1341 3882 1440 3935 Pio
1455 3882 1517 3935 V.
1534 3881 1684 3937 Guil.

401 3954 436 4007 S
452 3954 589 4009 irle
607 3957 685 4008 tu
701 3955 966 4023 s(p.258),
990 3956 1122 4007 Ant.
1144 3954 1683 4023 Caraffa(p.261.),

401 4026 634 4079 Latinus
686 4025 727 4077 L
744 4041 778 4078 a
794 4025 849 4077 ti
867 4043 904 4076 n
923 4025 944 4077 i
963 4042 998 4077 u
1015 4042 1038 4077 8
1076 4032 1148 4094 (ρ.
1190 4028 1349 4095 286.),
1401 4024 1684 4077 Marianus

403 4097 804 4150 Victorius
868 4104 942 4165 (p.
993 4100 1098 4167 88),
1172 4095 1543 4149 Paulinus
1620 4094 1681 4147 Ο.

402 4168 613 4231 Praed.‚
640 4166 976 4220 Emmanuel
1004 4169 1038 4220 S
1057 4184 1090 4221 a
1118 4167 1168 4221 S.
1189 4167 1238 4220 J.
1268 4170 1342 4235 (p.
1370 4170 1511 4237 222),
1531 4166 1574 4218 Ρ
1590 4183 1685 4219 01·-

399 4258 426 4292 1·
442 4256 492 4302 0,
537 4237 820 4292 Antonius
867 4240 915 4290 A
932 4257 970 4308 g
985 4239 1176 4292 elliu
1194 4255 1236 4294 8.
1309 4238 1429 4292 Sub
1479 4238 1684 4305 Grego-

401 4310 483 4363 rio
509 4310 655 4362 XIII.
692 4309 977 4363 Antonius
1017 4310 1058 4364 C
1075 4327 1194 4364 ara
1211 4309 1336 4373 ffa,
1379 4308 1642 4362 Laelia
1662 4326 1686 4361 8

402 4382 524 4449 ejus
598 4381 912 4449 theologuS,
995 4381 1324 4434 Franciscus
1399 4380 1442 4432 Τ
1460 4397 1496 4432 0
1512 4397 1539 4431 1
1554 4379 1617 4432 ri
1633 4396 1684 4432 a·

400 4471 438 4504 n
458 4470 493 4505 u
511 4470 537 4506 8
562 4458 638 4523 (p.
667 4454 809 4521 281),
845 4452 1043 4505 Petrus
1069 4453 1186 4507 Cia
1202 4469 1275 4506 co
1289 4470 1324 4503 n
1338 4470 1374 4504 u
1389 4469 1412 4504 s
1439 4454 1513 4521 (p.
1544 4455 1684 4522 279),

401 4522 649 4577 Joannes
701 4522 756 4574 Μ
773 4523 894 4576 ald
913 4540 945 4577 o
963 4542 999 4576 n
1017 4528 1142 4577 atu
1160 4542 1184 4576 8
1247 4526 1515 4604 10241),
1555 4524 1684 4575 Ant.

402 4594 768 4664 Agellius,
822 4594 1022 4648 Petrus
1075 4594 1508 4655 Comitolus,
1561 4593 1687 4647 Ful-

402 4665 531 4719 vius
562 4665 605 4719 U
622 4684 651 4718 r
666 4664 726 4719 81
743 4684 780 4717 n
798 4683 834 4718 u
852 4683 877 4718 8
923 4670 996 4737 (p.
1025 4671 1168 4733 288),
1219 4665 1461 4719 Joannes
1503 4664 1544 4716 L
1559 4664 1580 4717 i
1597 4680 1632 4717 v
1648 4665 1687 4716 i·

401 4756 438 4789 n
461 4739 522 4808 ej
545 4756 580 4790 u
598 4755 623 4791 s
675 4740 750 4809 (p.
801 4740 942 4806 275),
996 4738 1343 4792 Bartholom.
1387 4737 1431 4788 V
1457 4736 1525 4789 al
1545 4754 1569 4788 v
1595 4752 1686 4788 er·

1731 884 2154 944 concinnandis
2182 883 2307 942 suis
2324 884 2637 942 annalibus
2671 885 2884 944 utilem
2913 905 3019 944 na-

1733 973 1912 1032 vabat
1942 993 2195 1049 operam.
2260 973 2467 1030 Cetera
2499 973 2761 1047 ejusdem
2795 975 3018 1050 scripta

1732 1062 1921 1120 edidit
1968 1061 2238 1131 Quetif
2280 1062 2343 1120 O.
2377 1061 2583 1120 Praed.
2624 1062 2876 1121 Lutetiis
2907 1064 3016 1121 Pa-

1731 1151 2014 1210 risiorum
2054 1161 2240 1221 1675,
2292 1169 2359 1208 ex
2393 1150 2609 1223 quibus
2644 1151 2717 1209 ad
2750 1170 2872 1209 rem
2906 1170 3016 1209 no-

1734 1244 1916 1298 stram
1972 1243 2132 1299 sunt:
2184 1241 2475 1298 tractatus
2525 1240 2593 1297 de
2641 1241 2781 1299 bono
2828 1260 2936 1298 usu
2969 1247 3021 1298 et

1733 1330 1918 1387 abusu
1968 1331 2355 1397 scientiarum,
2420 1328 2484 1385 in
2535 1347 2652 1403 quo
2703 1329 3022 1405 prudentia

1734 1419 1911 1494 plena
1940 1417 2129 1477 tradit
2172 1421 2483 1493 praecepta
2525 1418 2602 1476 de
2650 1418 2926 1476 methodo
2959 1422 3023 1476 et

1734 1507 1938 1565 ordine
1955 1507 2251 1576 studendi,
2275 1506 2419 1581 quid
2433 1506 2760 1565 cavendum
2773 1507 2854 1565 sit
2875 1507 3019 1582 quid

1735 1597 2124 1654 adnitendum
2155 1614 2261 1671 pro
2294 1596 2711 1669 consequenda
2752 1615 2891 1654 sana
2924 1615 3019 1654 so-

1735 1685 1975 1759 lidaque
2009 1685 2258 1743 scientia
2275 1684 2623 1761 theologica,
2659 1704 2810 1751 (11100
2845 1686 3022 1744 etiam

1738 1793 1809 1831 ss.
1861 1777 2118 1849 patrum,
2172 1774 2495 1850 Augustini
2557 1775 2898 1849 praesertim
2963 1777 3023 1831 et

1734 1863 1960 1932 Basilii,
1995 1862 2191 1921 verbis
2223 1862 2545 1921 confirmat.
2614 1863 2857 1920 Concilii
2890 1863 3020 1922 Flo-

1738 1952 1960 2009 rentini
1993 1952 2243 2010 editioni
2273 1952 2604 2027 praemittit
2653 1951 3021 2012 adhortatio-

1735 2060 1871 2098 nem
1903 2040 1973 2096 ad
2009 2041 2276 2110 0100008,
2297 2041 2360 2098 10
2381 2059 2499 2114 qua
2521 2041 2592 2098 de
2613 2059 2815 2099 eorum
2838 2041 3020 2099 schis-

1734 2134 1907 2198 mate,
1971 2129 2234 2205 primatu
2293 2129 2518 2186 romani
2565 2130 2862 2204 pontificis
2913 2135 3023 2187 etc.

1736 2217 1967 2275 erudite
2000 2217 2256 2278 disserit.
2320 2217 2613 2275 Utebatur
2647 2218 2786 2275 stilo
2819 2218 3020 2275 admo-

1736 2308 1876 2363 dum
1910 2305 2100 2364 nitido
2132 2324 2197 2364 ac
2227 2304 2406 2375 facili,
2443 2308 2686 2380 eratque
2718 2306 2810 2363 vir
2841 2307 2901 2364 in
2936 2307 3020 2362 la·

1735 2396 1880 2464 tino,
1913 2414 2137 2471 graeco,
2172 2394 2462 2463 hebraicO,
2510 2394 2738 2469 syriaco
2771 2398 2832 2452 et
2862 2395 3020 2452 chal-

1734 2484 1901 2542 daico
1923 2483 2203 2542 idiomate
2237 2502 2302 2541 ac
2321 2482 2730 2542 ecclesiasticis
2759 2483 3022 2557 antiqui-

1736 2573 1963 2632 tatibus
1979 2578 2262 2643 versatuS,
2284 2571 2503 2632 laboris
2537 2573 2787 2648 patienS,
2824 2592 2857 2630 a
2889 2591 3024 2647 pro-

1737 2663 1854 2739 prii
1883 2667 2169 2737 quaestus
2204 2680 2270 2721 ac
2299 2662 2634 2721 novitatum
2664 2661 2861 2721 studio
2879 2662 3021 2720 alie—

1737 2771 1870 2820 0118,
1905 2771 2010 2827 pro
2043 2752 2336 2811 Ecclesiae
2385 2770 2451 2811 ac
2495 2751 2857 2826 reipublicae
2888 2751 3021 2809 lite-

1738 2842 1896 2899 rario
1912 2842 2064 2900 bono
2083 2860 2430 2917 propensus,
2458 2840 2746 2917 religione
2761 2844 2823 2899 et
2837 2841 3024 2916 pieta-

1737 2934 1797 2988 te
1830 2931 2117 2988 excellens
2145 2934 2325 3005 atque
2353 2930 2647 2988 Ecclesiae
2673 2926 3022 3007 addictus1).

1738 3104 1797 3153 et
1820 3100 2143 3153 Franciscus
2171 3100 2214 3152 Τ
2233 3115 2265 3151 o
2282 3098 2348 3153 le
2367 3104 2391 3152 t
2405 3117 2441 3152 u
2459 3117 2499 3153 8.
2528 3097 2610 3151 De
2637 3099 2744 3151 hac
2772 3099 3024 3153 editione

1738 3171 1934 3224 scribit
1972 3176 2092 3241 (pro
2120 3189 2222 3224 sua
2248 3174 2456 3231 aetate)
2497 3169 2527 3222 J
2534 3186 2745 3224 oannes
2772 3170 3025 3223 Mox-inus

1738 3241 2178 3296 Exercit.biblic.
2193 3246 2242 3297 9.
2264 3260 2306 3294 c.
2332 3248 2359 3297 1
2380 3263 2390 3293 :
2420 3240 2609 3294 Editio
2624 3257 2859 3294 romana
2880 3258 3023 3302 „om-

1742 3315 1898 3366 nium
1926 3313 2260 3377 editionum,
2290 3329 2436 3379 quae
2455 3315 2694 3373 exstant,
2723 3311 3027 3379 purissime

1738 3388 1798 3438 et
1822 3384 2267 3438 defaecatissime
2309 3383 2570 3436 divinum
2611 3382 2775 3435 illum
2804 3384 3024 3436 textum

1737 3456 1885 3508 LXX
1898 3456 2295 3523 interpretum,
2314 3454 2486 3522 quiin
2499 3452 2744 3505 Ecclesia
2763 3454 3029 3506 universa

1738 3530 1870 3579 ante
1900 3525 2199 3595 Origenem
2239 3525 2554 3594 legebatur,
2599 3524 2762 3578 nobis
2807 3540 3024 3593 reprae-

1738 3600 1943 3651 sentat.
1971 3596 2290 3651 Secundum
2322 3612 2443 3649 eam
2470 3612 2610 3664 pura
2626 3598 2710 3649 est
2727 3593 2900 3648 editio
2923 3594 3026 3647 Ve-

1739 3668 1907 3722 netiis
1935 3686 1985 3720 a.
2014 3668 2221 3722 Christi
2241 3671 2380 3724 1518
2410 3668 2480 3721 ab
2499 3666 2642 3720 Aldo
2658 3680 2840 3719 cusa.“
2876 3665 3025 3719 Bria-

1740 3757 1844 3792 nus
1892 3738 2197 3792 Waltonus
2240 3739 2302 3791 in
2346 3738 2559 3807 proleg.
2611 3738 2699 3790 IX.
2751 3754 2886 3792 suae
2930 3754 3025 3808 po-

1741 3811 1875 3880 lygl.
1904 3820 1930 3875 ξ
1956 3814 2056 3867 32ε
2088 3809 2241 3872 „Etsi
2263 3809 2569 3865 editionem
2587 3810 2733 3863 hanc
2753 3808 3024 3873 omnium,

1741 3898 1887 3950 quae
1901 3883 2142 3947 exstant,
2157 3882 2398 3935 maxime
2422 3882 2693 3935 sinceram
2702 3881 3029 3950 judicamus

1741 3958 1798 4006 et
1838 3953 2093 4022 proxime
2134 3953 2205 4006 ad
2235 3971 2436 4022 puram
2464 3952 2609 4005 LXX
2650 3952 3028 4021 inteipretum

1741 4025 2044 4078 editionem
2074 4024 2347 4087 accedere,
2375 4028 2567 4078 tamen
2594 4041 2657 4077 ex
2687 4024 2839 4077 omni
2870 4025 3029 4092 parte

1742 4097 2049 4165 perfectam
2071 4113 2186 4150 esse
2205 4113 2317 4150 non
2334 4095 2606 4149 audemus
2621 4112 2880 4159 asserere,
2899 4112 3027 4148 cum

1741 4167 1846 4220 hoc
1871 4185 1985 4220 non
2027 4169 2295 4229 asserant,
2338 4166 2441 4234 qui
2478 4167 2665 4236 ipsam
2709 4166 3029 4220 ediderunt.

1742 4238 2026 4303 Quaedam
2057 4238 2206 4291 enim
2247 4239 2451 4291 habere
2492 4240 2684 4307 potest
2708 4238 3030 4306 sphalmata

1743 4326 1805 4362 ex
1842 4308 2203 4363 librariorum
2243 4309 2480 4373 incuria,
2523 4308 2901 4378 incogitantia
2938 4307 3026 4361 vel

1742 4381 1981 4434 audacia
2009 4380 2386 4434 introducta.“
2419 4380 2500 4434 Cf.
2520 4380 2685 4448 plura
2701 4380 2758 4431 in
2777 4379 2850 4432 Le
2870 4379 3029 4447 Long

1743 4451 2011 4507 Biblioth.
2038 4472 2079 4505 8.
2109 4471 2161 4522 p.
2192 4458 2241 4508 1.
2269 4471 2321 4521 p.
2352 4457 2452 4508 187
2482 4469 2550 4506 se.

1824 4526 1858 4593 ¹)
1887 4524 1969 4576 Cf.
1998 4522 2044 4575 D
2063 4542 2098 4576 u
2115 4542 2153 4592 p
2170 4523 2189 4574 i
2206 4541 2241 4574 11
2271 4528 2355 4589 17,
2376 4526 2605 4585 12-18,
2634 4522 2732 4589 qui
2759 4520 3028 4575 notitiam

1742 4594 1827 4648 ita
1852 4594 2126 4649 absolvit:
2162 4592 2360 4657 „Enfm
2387 4594 2515 4647 l’on
2544 4597 2688 4662 peut
2713 4592 2848 4656 dire,
2878 4591 3028 4661 qu’il

1743 4667 1838 4733 n'y
1865 4684 1899 4718 a
1924 4666 2089 4734 point
2130 4682 2196 4717 eu
2238 4664 2305 4717 de
2342 4681 2401 4718 ce
2444 4664 2706 4733 temps-la
2745 4665 3027 4718 d'homme

1743 4737 1811 4789 de
1840 4737 2049 4797 1011108,
2079 4737 2179 4805 qui
2206 4740 2303 4789 eut
2328 4736 2459 4806 plus
2501 4735 2847 4789 d'erudition
2876 4739 2933 4788 et
2958 4734 3029 4789 de

404 4808 486 4861 de
537 4814 613 4879 (p.
661 4812 802 4878 164),
853 4808 1130 4864 Robertus
1185 4809 1225 4862 B
1243 4808 1435 4862 ellar
1453 4808 1644 4861 minu
1662 4825 1686 4861 s
1747 4809 1949 4862 beaute
1976 4808 2268 4877 d'esprit.··
