3625 5193
585 243 663 296 56
672 242 706 296 3
1167 229 1536 282 1601-1620.
1564 221 1814 278 Historia.
1840 223 1958 279 ord.
1986 222 2364 288 Novillanius,
2390 221 2621 282 Bertels.
3077 240 3207 292 564

579 429 759 487 penso
789 410 1180 469 illustrandae
1199 409 1483 469 historiae
1513 408 1864 468 lusitanicae
1918 410 2072 487 gorii
2104 410 2178 467 M.
2230 409 2343 468 sub
2374 409 2583 485 regula
2615 427 2659 467 s.
2693 407 2999 468 Benedicti
3030 408 3203 484 disp„

579 499 794 569 studio,
847 500 982 558 hinc
1030 498 1297 558 delatum
1346 498 1463 573 ipsi
1507 498 1624 557 fuit
1654 518 1688 556 a
1720 499 1861 556 Phi·
1918 498 2164 574 Neapoli
2205 509 2368 560 1616
2405 499 2470 557 in
2504 508 2559 561 4.
2593 497 2704 556 Sed
2725 498 2789 556 in
2820 516 2911 572 op.
2945 498 3209 558 editione

578 589 742 664 lippo
791 588 894 646 111.
962 587 1558 664 archichronographi
1624 588 1860 647 Lusita·
1917 588 2157 647 licentia
2186 606 2331 646 usus
2363 590 2456 646 est
2486 586 2774 657 abnormi,
2824 589 2897 645 ut
2925 606 3048 646 non
3076 589 3205 645 tam

578 679 709 736 niae
741 696 977 736 munus.
1039 676 1241 753 Coepit
1290 676 1511 753 grande
1552 695 1702 751 opus
1735 678 1861 735 Mo·
1916 677 2130 736 Leonis
2162 677 2471 736 historiam
2503 695 2683 751 quam
2714 695 2979 734 errorum
3013 676 3204 752 Odys·

578 768 830 843 marquia
861 767 1168 836 Lusitana,
1203 767 1373 840 cujus
1400 768 1638 824 tantum
1667 769 1860 824 tomos
1916 784 2071 825 seam
2106 765 2358 824 edidisse
2387 764 2683 834 videatur,
2718 768 2789 823 ut
2837 765 3036 824 verbis
3067 769 3206 824 uta-

578 856 727 914 duos
748 856 1111 931 conscripsit,
1131 855 1359 914 sodales
1378 854 1532 913 illud
1548 854 1858 914 continua·
1916 875 2051 914 mur
2082 855 2294 932 Angeli
2325 855 2399 913 de
2432 855 2599 914 Nuce
2649 855 2740 913 ab.
2782 854 3105 913 casinensis
3138 853 3207 912 in

575 948 721 1002 runt
753 948 932 1020 atque
962 944 1049 1002 ita
1078 943 1304 1019 prodiit
1325 943 1633 1018 Olisipone
1662 954 1859 1007 1597-
1915 944 2066 1019 prol.
2098 944 2187 1006 ed.
2218 944 2467 1002 ultimae
2510 943 2692 1019 hujus
2736 942 3016 1013 chronici,
3050 962 3205 1018 quae

586 1043 749 1095 1683
800 1036 843 1091 t.
895 1033 1035 1093 VIII
1084 1033 1149 1092 in
1192 1033 1230 1091 f.
1294 1032 1457 1092 Obiit
1495 1033 1559 1090 in
1591 1033 1861 1091 Almeida
1915 1032 2142 1108 prodiit
2214 1033 2494 1109 Lugduni
2545 1042 2730 1096 1668.
2804 1066 2889 1077 —-
2938 1031 3205 1090 Jacobus

577 1123 793 1198 oppido
836 1122 1019 1181 natali
1054 1123 1152 1184 27.
1185 1122 1352 1180 Febr.
1392 1132 1554 1185 1617
1603 1142 1650 1180 a.
1683 1125 1861 1181 natus
1916 1122 2285 1181 Cavacius
2322 1122 2386 1179 Ο.
2404 1122 2458 1179 S.
2480 1123 2544 1182 B.
2566 1121 2890 1180 Patavinus
2915 1116 2976 1201 (†
3005 1115 3203 1200 1614)

574 1211 841 1270 nondum
891 1220 990 1273 50.
1036 1245 1123 1254 -
1176 1211 1524 1269 Chronicam
1573 1211 1860 1270 abbatum
1915 1211 2152 1286 scripsit
2180 1212 2562 1270 historiarum
2610 1211 2861 1270 coenobii
2904 1211 2977 1268 D.
3009 1209 3203 1269 Justi-

575 1300 1072 1359 Eberbacensium
1092 1300 1154 1357 O.
1173 1300 1305 1358 Cist.
1324 1300 1665 1375 compilavit
1678 1301 1856 1359 Joan-
1915 1319 2024 1358 nae
2044 1303 2359 1375 patavinae
2403 1300 2465 1358 ll.
2503 1310 2559 1368 6,
2611 1299 2830 1375 quibus
2880 1299 3207 1357 casinensis

575 1408 681 1448 nes
713 1388 990 1449 Schaef
997 1408 1070 1448 er
1107 1389 1859 1450 O.Cist.monasteriieber-
1916 1389 2395 1466 congregationis
2411 1389 2668 1465 origines
2690 1391 2798 1447 etc.
2829 1386 3202 1447 interserun-

575 1478 845 1537 bacensis
879 1478 951 1536 ad
984 1498 1034 1537 a.
1074 1487 1262 1548 1618,
1295 1496 1475 1553 quam
1506 1477 1705 1554 plures
1721 1478 1860 1537 dein
1915 1482 2032 1549 tur,
2081 1478 2345 1537 Venetiis
2403 1488 2566 1540 1606
2614 1478 2680 1536 in
2730 1488 2785 1538 4.
2817 1510 2906 1520 —-
2937 1476 3204 1536 «Ioannes

577 1567 1020 1625 continuarunt.
1065 1568 1209 1625 Eam
1241 1567 1419 1625 habes
1449 1568 1609 1643 apud
1641 1568 1793 1627 Roth
1811 1562 1858 1648 ¹)
1915 1568 2224 1626 Bertels
2286 1567 2530 1626 Levanii
2591 1586 2647 1625 n.
2710 1566 2865 1625 circa
2916 1575 3104 1636 1544,
3138 1566 3205 1624 in

578 1655 770 1714 fontes
801 1654 863 1726 I.,
899 1675 952 1730 p.
990 1666 1045 1716 4.
1076 1675 1208 1732 pag.
1238 1666 1600 1718 104—136.
1634 1690 1720 1700 —
1754 1656 1857 1715 Ni·
1917 1656 2213 1715 academia
2242 1655 2433 1731 patria
2461 1655 2871 1731 philosophiae
2891 1655 3123 1718 vacavit
3141 1658 3207 1712 et

577 1744 794 1813 celeus,
828 1763 862 1802 a
893 1745 1021 1802 loco
1044 1745 1236 1819 patrio
1256 1745 1480 1804 Noevel
1512 1745 1859 1803 Novilla-
1915 1745 2251 1804 adolescens
2300 1764 2350 1802 a.
2394 1752 2464 1807 1'7
2514 1744 2804 1820 magister
2848 1746 2941 1802 est
2984 1743 3201 1802 dictus.

576 1834 752 1892 nius
786 1830 1107 1914 (Neuville)
1138 1833 1350 1904 dictuS,
1384 1838 1514 1892 erat
1545 1833 1608 1892 Ο.
1644 1835 1695 1892 S.
1717 1835 1859 1892 Ben.
1916 1835 2231 1911 Ingressus
2275 1836 2369 1893 est
2412 1834 2678 1893 ordinem
2721 1852 2764 1891 S.
2797 1832 3106 1892 Benedicti
3137 1831 3205 1889 in

576 1923 640 1980 in
701 1923 1062 1981 monasterio
1111 1922 1422 1981 trevirensi
1459 1941 1504 1982 s.
1536 1923 1858 1981 Maximini.
1913 1923 2268 1983 monasterio
2319 1923 2374 1980 b.
2426 1924 2499 1980 M.
2551 1922 2618 1982 V.
2665 1921 3201 1999 luxemburgensis.

577 2011 796 2069 Missus
828 2015 920 2069 est
951 2031 985 2069 a
1016 2029 1122 2071 suo
1154 2011 1366 2070 abbate
1386 2012 1457 2071 ad
1481 2013 1720 2071 comitia
1749 2013 1859 2070 im-
1915 2013 1985 2071 In
2017 2030 2086 2070 eo
2130 2030 2374 2071 munere
2417 2013 2658 2070 functus
2702 2015 2796 2069 est
2840 2011 3059 2069 cellarii
3108 2014 3201 2068 at-

575 2095 738 2176 perii‘
763 2100 1200 2159 ratisbonensis
1221 2096 1446 2181 (1608)
1480 2120 1587 2176 pro
1620 2100 1862 2160 tuendis
1917 2119 2033 2176 que
2063 2105 2199 2176 post
2231 2100 2461 2159 abbatis
2507 2100 2755 2169 obitum,
2803 2099 3072 2158 unanimi
3105 2116 3200 2159 so-

576 2190 922 2247 monasterii
964 2189 1205 2264 juribus
1254 2187 1313 2272 (†
1350 2200 1403 2253 3.
1438 2191 1605 2249 Mart.
1647 2188 1859 2269 1618).
1916 2190 2141 2249 dulium
2176 2189 2459 2265 suffragio
2490 2209 2538 2248 a.
2583 2199 2743 2252 1575
2780 2191 3006 2248 electus
3026 2188 3202 2246 estin

575 2277 708 2354 Ipse
756 2283 1026 2337 recenset
1074 2278 1277 2337 ordine
1326 2278 1735 2356 chronologico
1768 2279 1861 2337 sui
1920 2297 2330 2339 successorem.
2392 2278 2607 2355 Magna
2639 2281 2782 2336 sunt
2813 2280 2941 2353 ejus
2971 2277 3044 2335 de
3074 2295 3201 2336 mo-

574 2367 918 2426 monasterii
962 2367 1209 2427 abbates
1256 2367 1319 2425 in
1357 2368 1637 2427 Chronico
1680 2371 1861 2442 impe·
1915 2367 2173 2426 nasterio
2203 2368 2431 2426 merita.
2466 2367 2534 2425 In
2555 2368 2852 2426 sodalium
2871 2366 3200 2425 utilitatem

577 2458 747 2514 rialis
805 2459 1142 2515 monasterii
1201 2476 1246 2516 s.
1311 2458 1627 2515 Maximini
1693 2456 1861 2515 OSB.
1918 2457 2250 2532 composuit
2282 2457 2557 2532 Dialogos
2589 2456 2803 2514 XXVII
2836 2457 2899 2513 in
2927 2456 3198 2531 regulam

574 2564 757 2621 prope
788 2546 1057 2605 Treviros
1097 2545 1222 2604 sive
1254 2546 1316 2604 in
1349 2546 1545 2604 Gestis
1577 2545 1861 2605 abbatum
1917 2565 1959 2605 s.
1993 2545 2317 2616 Benedicti,
2350 2565 2499 2622 quos
2547 2545 2734 2604 edidit
2779 2563 2914 2605 cum
2944 2545 3202 2621 cataloqo

575 2653 617 2693 e.
669 2634 974 2693 Maximini
1023 2636 1096 2692 ab
1147 2653 1196 2691 a.
1253 2644 1665 2704 333-1583,
1702 2634 1862 2709 quod
1917 2643 1967 2693 et
1997 2638 2144 2693 serie
2188 2636 2455 2694 abbatum
2493 2635 2839 2694 monasterii
2870 2634 2926 2692 d.
2959 2633 3198 2702 Mariae,

575 2723 889 2784 chronicon
908 2722 1094 2780 edidit
1114 2722 1434 2780 Hontheim
1461 2723 1525 2780 in
1545 2723 1863 2782 Prodromo
1920 2725 2190 2783 Coloniae
2232 2732 2414 2786 1581.
2446 2727 2618 2783 Anno
2648 2733 2813 2786 1594
2844 2723 3199 2799 designatus

578 2811 861 2869 historiae
884 2810 1226 2869 trevirensis
1247 2813 1554 2888 Augustae
1588 2812 1653 2870 V.
1696 2819 1856 2874 1757
1918 2816 2012 2871 est
2057 2833 2092 2870 a
2137 2813 2411 2888 Philippo
2444 2814 2517 2870 ΙΙ.
2569 2813 2752 2871 abbas
2783 2812 3027 2871 celebris
3069 2829 3197 2869 mo-

576 2901 641 2957 in
672 2899 708 2956 f.
745 2900 820 2968 11,
859 2908 1268 2962 995—1040.
1329 2899 1460 2958 Etsi
1511 2900 1705 2974 quoad
1737 2920 1863 2960 mo·
1917 2902 2167 2960 nasterii
2198 2903 2668 2978 epternacensis:
2717 2902 2820 2959 sed
2852 2902 2926 2960 ob
2958 2900 3206 2959 bellicas

576 2986 825 3046 nasterii
840 2988 1074 3046 exordia
1085 2988 1282 3046 minus
1300 2988 1483 3047 fidum
1499 2990 1645 3059 sit,a
1665 3008 1775 3048 sec.
1796 2990 1863 3052 X.
1920 2989 2334 3049 seditiosorum
2412 2991 2475 3049 in
2551 2991 2758 3067 Belgio
2833 2989 3205 3049 incursiones

574 3077 904 3153 pretiosum
922 3077 996 3135 ob
1012 3078 1364 3137 documenta
1379 3079 1543 3153 operi
1560 3077 1861 3159 inserta2).
1917 3079 2107 3137 multa
2137 3079 2508 3138 incommoda
2522 3083 2616 3138 est
2630 3097 2840 3153 passus
2858 3075 2919 3160 (†
2942 3089 3039 3142 19.
3059 3078 3100 3136 J
3102 3096 3203 3136 un.

576 3198 662 3207 —
693 3165 1061 3225 Barnabas
1113 3166 1186 3224 de
1218 3167 1416 3226 Monte
1460 3168 1593 3226 albo
1628 3166 1692 3227 Ο.
1727 3168 1862 3226 Cist.
1926 3164 2140 3248 1607).
2202 3167 2552 3243 Compilavit
2599 3168 2922 3227 Historiam
2983 3169 3203 3226 luxem-

579 3249 641 3335 (†
686 3249 874 3335 1602)
908 3255 1102 3332 coepit
1134 3255 1417 3314 Chronica
1448 3255 1544 3315 del
1562 3257 1742 3314 orden
1763 3257 1862 3314 del
1919 3258 2251 3335 burqensem
2273 3275 2379 3315 seu
2395 3258 2904 3328 commentarium,
2938 3275 3057 3332 quo
3089 3255 3201 3314 du-

577 3344 773 3412 Cistel,
825 3343 1054 3403 Matriti
1112 3354 1276 3407 1602
1331 3364 1383 3419 p.
1426 3356 1476 3405 l.
1525 3343 1612 3426 (et
1642 3342 1859 3424 unica).
1918 3365 2054 3405 cum
2085 3346 2675 3422 luxemburgensium
2708 3352 2895 3416 ortus,
2929 3362 3203 3421 progres-

576 3466 661 3476 —
695 3434 1027 3492 Matthaeus
1060 3434 1288 3492 Loret
1331 3430 1671 3516 (Laui-etus)
1705 3435 1771 3492 Ο.
1805 3436 1858 3494 S.
1914 3454 2014 3494 sus
2075 3452 2141 3493 ac
2201 3453 2293 3492 res
2354 3438 2555 3511 gestae
2588 3480 2601 3493 .
2634 3483 2648 3498 .
2683 3484 2695 3496 .
2760 3434 3202 3503 describuntur,

575 3523 716 3579 Ben.
781 3522 1093 3581 Catalanus
1175 3524 1493 3581 chronicon
1569 3525 1862 3582 casinense
1915 3523 2187 3583 Coloniae
2227 3533 2411 3592 1606,
2445 3521 2533 3581 ed.
2566 3524 2873 3594 mendosa;
2904 3522 3201 3581 Amstelo-

577 3611 858 3670 Leonis
891 3612 1171 3670 ostiensis
1215 3608 1310 3691 (cf.
1347 3630 1527 3686 supra
1557 3612 1858 3671 Nomencl.
1916 3613 2073 3670 dami
2116 3621 2299 3682 1635,
2346 3612 2434 3671 ed.
2485 3632 2603 3671 non
2636 3613 2899 3690 integra;
2945 3612 3202 3671 Luxem-

577 3699 688 3768 11⁸,
729 3698 836 3779 51)
870 3700 1214 3776 recognovit
1262 3706 1323 3758 et
1372 3701 1860 3760 annotationibus
1914 3702 2067 3779 burg
2105 3709 2288 3764 1856.

574 3788 929 3857 illustravit;
960 3788 1175 3863 adjecit
1188 3788 1259 3847 de
1279 3790 1631 3847 monachatu
1651 3808 1694 3847 s.
1718 3791 1860 3849 Gre-
2070 3799 2214 3853 241.
2276 3791 2518 3848 Praeter
2578 3790 2821 3849 Ribad
2838 3790 3201 3858 eneiram,

658 3926 692 4003 ς)
723 3920 804 3975 cf.
834 3894 985 3975 R'oth
1011 3921 1141 3976 hist.
1167 3920 1363 3978 Jahrb.
1391 3922 1495 3975 vn
1524 3926 1860 4045 (1886),,230,
1916 3880 2176 3938 Maffei
2209 3881 2317 3937 etc.
2350 3878 2510 3938 ἱππ
2542 3874 2949 3981 h⁸3i⁰¹⁰g⁰⁸¹)
2997 3876 3204 3936 referri

577 4010 674 4061 qm
702 3992 770 4045 de
798 4008 862 4045 ea
888 3995 1108 4046 censet:
1159 3992 1417 4045 Schafers
1445 3993 1645 4048 Arbeit
1701 3998 1862 4049 ›ietet
1915 3968 2135 4027 debent
2173 3968 2431 4027 ‘Ioannes
2475 3970 2845 4027 Marletta
2895 3967 2959 4026 Ο·
2994 3964 3202 4027 Praed-

579 4063 670 4116 fur
697 4062 789 4116 die
816 4063 1030 4117 alteren
1057 4063 1248 4116 Zeiten
1277 4063 1480 4133 wenig‚
1509 4082 1567 4118 er
1593 4066 1861 4119 benutzte
1915 4056 2213 4133 Hispanus
2262 4052 2327 4135 (†
2375 4068 2486 4119 161
2512 4054 2589 4138 1),
2636 4058 2741 4132 qui
2788 4059 3026 4132 praeter
3072 4054 3202 4114 bio-

575 4134 740 4188 keine
772 4132 1099 4201 Urkunden,
1119 4134 1207 4188 die
1224 4134 1595 4205 Reihenfolge
1612 4136 1709 4190 der
1725 4136 1862 4218 iibte
1915 4146 2189 4223 graphius
2221 4145 2486 4204 virorum
2505 4146 2834 4205 illustrium
2867 4145 3201 4221 singulares

575 4208 832 4331 ἰὲξῑέἒῃ
859 4206 1229 4330 ἕὲξέἲὲθίζὲῗ
1259 4208 1862 4349 Χξζεᾟξᾙὲιὲῖςέὲὲ
1917 4235 2157 4311 collegit
2203 4235 2469 4293 Historia
2516 4236 2888 4293 ecclesiastica
2933 4235 3000 4291 de
3043 4232 3203 4291 todos

579 4347 893 4402 Erlebnisee
907 4347 1863 4420 Quelle‚dieDarstellunggewinnt
1917 4325 2001 4383 1⁰3
2032 4331 2257 4382 ³⁰”0t03
2287 4325 2355 4382 de
2385 4324 2653 4397 E⁸P⁰33⁰⁹
2688 4324 2878 4382 donde
2925 4340 2988 4381 ΒΘ
3019 4339 3203 4421 ΟΠΘῙΫ·

577 4419 828 4473 dadurch
854 4436 929 4472 an
946 4419 1121 4484 Wert,
1138 4419 1280 4473 doch
1298 4420 1449 4489 zeigt
1463 4420 1865 4476 Schafernicht
1917 4415 2022 4471 tan
2052 4432 2192 4488 muy
2225 4413 2750 4488 particularmente
2782 4412 2954 4471 todas
2985 4411 3076 4469 las
3109 4430 3202 4468 v1-

574 4489 777 4543 immer
815 4493 995 4559 guten
1021 4490 1372 4544 Geschmack
1411 4492 1501 4545 bei
1528 4492 1863 4562 Mitteilung

576 4560 762 4615 seiner
807 4561 1189 4616 Nachrichten
1236 4563 1355 4616 und
1401 4564 1505 4617 hat
1542 4564 1654 4619 viel
1681 4563 1863 4617 Unbe-

578 4632 904 4688 deutendes.
1994 4638 2032 4707 ¹)
2061 4635 2144 4689 Cf.
2183 4635 2344 4690 Edm.
2386 4636 2692 4690 Schneider
2735 4635 2897 4690 stud.
2926 4653 2980 4688 u.
3009 4634 3201 4688 Mitth.

576 4708 691 4832 693)
721 4703 803 4758 Cf.
834 4703 1031 4772 Doyen
1071 4705 1257 4774 Biogr.
1300 4709 1419 4760 nat.
1458 4706 1527 4760 de
1554 4705 1713 4775 Belg.
1742 4705 1863 4770 XV,
1918 4723 2022 4760 aus
2047 4707 2175 4760 dem
2202 4707 2553 4764 Ben.—Orden
2594 4707 2752 4763 XVII
2796 4709 2996 4779 (1896),
3024 4710 3199 4763 269—
