3625 5193
618 210 783 264 1023
1034 197 1399 251 1641---1663
1427 193 1620 248 Theol.
1645 192 1759 262 pol.
1786 192 2106 246 Germania.
2134 192 2379 262 Stengel,
2407 191 2676 248 Wittfeld
2703 197 2807 247 etc.
3068 211 3232 263 1024

612 379 889 456 Friburgi
943 390 1105 443 1559
1153 380 1217 438 in
1251 390 1325 448 4.‚
1374 380 1532 455 quod
1576 380 1891 455 impugna·
1947 380 2205 438 racensis
2226 375 2287 460 (†
2315 380 2568 443 12.Jun.
2600 378 2793 459 1655)
2816 380 3064 455 reliquit
3084 377 3242 461 (ger-

613 470 757 527 runt
786 468 1126 528 Froereisen
1155 472 1218 529 et
1236 468 1608 528 Hannecken.
1632 502 1719 512 —
1739 468 1893 526 Mul·
1947 464 2200 549 manice)
2248 468 2514 546 dialogos
2568 478 2640 531 21
2700 468 2768 526 de
2819 471 3244 541 controversiis,

612 561 807 617 torum
831 576 1079 633 operum
1101 555 1164 639 (7
1173 567 1211 619 4
1232 563 1472 635 praeter
1494 565 1574 620 20
1595 552 1729 637 ms.)
1754 575 1893 616 auc·
1950 556 2169 631 quibus
2186 557 2562 634 explicantur
2588 576 2799 617 causae
2823 561 3099 633 quatuor,
3134 577 3248 617 cur

611 652 708 705 tor
751 650 844 705 est
876 647 1163 725 Georgius
1210 647 1529 724 Stengel
1573 648 1626 706 S.
1659 646 1734 716 J„
1785 645 1895 721 qui
1949 651 2225 721 oporteat
2272 647 2597 706 haereticos
2630 646 2823 706 redire
2871 646 2945 706 ad
2989 648 3244 707 catholi-

613 737 961 812 ,Augustae
981 739 1160 796 natus
1192 741 1327 812 post
1348 735 1781 813 philosophicas
1801 735 1890 793 di·
1949 753 2071 794 eam
2119 735 2314 805 fidem,
2361 736 2690 812 Ambergae
2734 745 2893 799 1653
2944 736 3007 793 in
3061 753 3127 802 m
3180 742 3245 796 et

612 824 890 901 sciplinas
939 825 1222 894 traditas,
1275 826 1635 902 theologicas
1684 825 1893 883 multis
1948 825 2276 883 mernoriale
2319 826 2657 884 catholicum
2698 843 2804 884 seu
2847 825 3240 901 alphabetum

611 914 782 972 annis
813 914 1017 973 docuit
1048 933 1281 989 semper
1299 916 1372 973 ab
1404 914 1645 992 ingenio
1677 919 1740 974 et
1769 913 1892 972 cla·
1953 922 2029 976 25
2079 914 2400 972 veritatum
2447 914 2897 983 catholicarum,
2943 915 3021 972 ih.
3079 923 3241 976 1649

612 1004 790 1062 ritate
836 1003 1292 1066 commendatus
1345 1003 1698 1062 Politiorum
1744 1022 1892 1077 quo·
1949 1002 2012 1061 in
2048 1012 2103 1065 4.
2139 1035 2224 1046 --
2256 1003 2458 1079 Longe
2503 1004 2677 1079 plura
2722 1003 2911 1062 edidit
2927 1001 2971 1083 ¹)
3011 1023 3239 1080 germa-

612 1111 727 1167 que
759 1093 1067 1151 literarum
1087 1093 1355 1168 apprime
1374 1091 1737 1151 eruditusad
1758 1110 1893 1150 con-
1949 1092 2078 1151 nice
2112 1091 2373 1150 Hilarius
2409 1112 2444 1150 a
2475 1110 2519 1149 s.
2553 1093 2998 1160 Anastasio,
3044 1092 3148 1167 qui
3180 1092 3246 1150 in

610 1183 837 1240 cionem
869 1185 930 1240 et
949 1181 1021 1239 ad
1051 1181 1284 1241 sodales
1304 1181 1644 1258 parthenios
1664 1200 1894 1239 summa
1951 1181 2147 1239 seculo
2198 1179 2396 1239 dictus
2444 1181 2795 1240 Anastasius
2827 1180 2877 1238 V
2895 1200 2928 1240 o
2949 1201 2978 1240 c
2997 1183 3126 1240 het
3171 1200 3241 1239 ex

611 1270 966 1329 eruditionis
997 1271 1190 1340 laude,
1237 1272 1489 1330 maxima
1520 1270 1894 1345 eloquentiae
1951 1270 2229 1328 canonico
2262 1270 2522 1346 regulari
2567 1270 2640 1328 ad
2673 1288 2718 1328 s.
2752 1270 2997 1329 Crucem
3029 1273 3240 1347 Augu-

611 1361 669 1417 vi
702 1363 763 1418 et
792 1361 1121 1418 animarum
1154 1359 1353 1418 fructu
1397 1360 1671 1435 pluribus
1719 1357 1892 1417 annis
1952 1363 2077 1416 stae
2132 1357 2322 1416 factus
2372 1361 2465 1417 est
2510 1358 2822 1417 Carmelita
2871 1361 3240 1419 excalceatus

612 1448 779 1506 dixit.
814 1449 926 1508 Sed
956 1467 1074 1508 non
1106 1449 1305 1507 minus
1339 1467 1440 1507 ore
1471 1467 1653 1524 quam
1672 1447 1894 1506 calamo
1953 1444 2013 1528 (†
2054 1457 2148 1509 11.
2180 1447 2322 1506 Jun.
2365 1443 2573 1527 1656).
2615 1480 2686 1491 —-
2729 1449 3008 1507 Matthias
3052 1449 3106 1506 N
3122 1467 3240 1506 en-

613 1537 885 1607 celebris‚
939 1538 1173 1612 scriptis
1217 1537 1495 1613 plurimis
1540 1537 1613 1595 de
1662 1535 1895 1594 diverso
1951 1536 2231 1593 nichen
2265 1537 2319 1594 S.
2352 1536 2407 1594 J.
2441 1540 2617 1612 gente
2648 1537 3007 1606 Pruthenus‚
3042 1537 3246 1613 patria

613 1629 965 1702 argumento
986 1627 1155 1684 libris
1174 1626 1505 1685 immortale
1526 1625 1641 1684 sibi
1658 1643 1892 1694 nomen,
1950 1624 2465 1692 Allensteinensis‚
2513 1630 2792 1685 strenuus
2825 1627 3129 1701 operarius
3177 1627 3243 1683 in

612 1733 821 1790 regum
852 1715 1302 1790 principumque
1352 1715 1604 1792 gratiam
1639 1718 1701 1773 et
1746 1714 1891 1772 ami·
1952 1714 2229 1772 Austriae
2276 1714 2599 1789 provinciis
2647 1711 2707 1795 (†
2751 1724 2804 1776 4.
2842 1716 2976 1773 Dee.
3030 1711 3242 1794 1656),

613 1804 814 1861 citiam
844 1804 1221 1878 comparavit.
1274 1805 1599 1879 Postquam
1644 1803 1894 1879 collegio
1952 1802 2048 1860 cui
2080 1803 2374 1861 tribuitur
2419 1802 2659 1861 libellus
2701 1805 3239 1863 controversiarum

613 1896 673 1949 et
692 1892 1021 1951 academiae
1041 1893 1377 1969 dilingauae
1404 1897 1595 1952 rector
1613 1891 1891 1966 praefuit,
1948 1892 2095 1949 mire
2113 1891 2280 1949 utilis
2299 1892 2643 1967 pluriesque
2665 1910 2915 1952 excusus
2927 1892 2993 1967 2),
3011 1893 3103 1952 Ad
3123 1893 3237 1950 tri-

613 1981 904 2056 reliquam
954 1981 1138 2040 vitam
1189 1982 1479 2042 librorum
1530 1999 1771 2040 suorum
1832 1981 1895 2038 in
1951 1979 2240 2038 tissimam
2291 1981 2354 2038 in
2385 1981 2519 2039 fidei
2558 1981 2975 2041 controversiis
3014 2001 3067 2056 q.
3133 1982 3240 2039 Ubi

612 2071 1014 2128 monumentis
1048 2070 1468 2129 concinnandis
1500 2075 1562 2129 et
1582 2069 1895 2146 parthenio
1950 2077 2029 2126 est
2058 2070 2380 2143 scriptum?
2419 2070 2726 2146 Herbipoli
2771 2080 2966 2140 16683
2999 2071 3138 2129 item
3171 2072 3246 2128 de

612 2162 787 2217 coetu
817 2159 1134 2219 excolendo
1177 2160 1559 2219 laudabiliter
1603 2159 1895 2235 transegit
1949 2159 2343 2216 communione
2373 2159 2478 2217 sub
2511 2163 2755 2235 utraque
2784 2162 2983 2235 specie,
3021 2160 3237 2235 Glogo-

613 2247 982 2324 Iugolstadii‚
1016 2249 1099 2307 ibi
1120 2254 1181 2307 et
1202 2253 1473 2308 mortuus
1498 2257 1552 2308 4.
1585 2248 1726 2306 Idus
1751 2249 1892 2321 Apr.
1952 2246 2080 2304 viae
2124 2256 2308 2309 1626.
2341 2281 2427 2290 —
2461 2248 2660 2307 Petri
2708 2247 2889 2306 witt.
2905 2248 3048 2306 feld
3091 2248 3146 2306 S.
3180 2248 3239 2305 J.

611 2357 657 2398 a.
704 2346 857 2398 1651
900 2338 1115 2397 aetatis
1146 2346 1284 2401 673¹
1323 2339 1415 2396 Ita
1448 2336 1707 2413 elogium
1742 2357 1777 2396 a
1807 2336 1892 2394 fa·
1952 2335 2404 2394 Coesfeldiensis
2455 2334 2515 2416 (†
2560 2347 2615 2399 5.
2660 2338 2802 2412 Apr.
2858 2335 3085 2416 1657),
3135 2337 3243 2411 qui

608 2426 833 2484 cultate
863 2427 1198 2504 theologica
1231 2426 1560 2485 academiae
1603 2426 1894 2502 ingolsta-
1950 2425 2310 2500 theologiam
2370 2431 2433 2485 et
2475 2427 2577 2500 jus
2641 2426 2991 2485 canonicum
3038 2426 3242 2484 docuit

610 2514 829 2573 diensis
861 2516 913 2573 ei
960 2516 1362 2589 conscriptum
1377 2511 1443 2593 ¹).
1496 2514 1687 2588 Opera
1733 2515 1894 2590 ejus·
1951 2514 2170 2589 partim
2187 2515 2546 2582 Monasterii.
2571 2515 2792 2589 partim
2810 2514 3239 2582 Paderbornae‚

609 2604 741 2663 dem
775 2603 977 2684 sunt2)
998 2608 1234 2680 praeter
1257 2604 1507 2663 ascetica
1527 2608 1588 2662 et
1606 2606 1897 2663 conciones
1951 2607 2146 2661 exstat
2177 2607 2412 2680 praeter
2457 2600 2632 2684 alia⁸)
2667 2606 2944 2680 tleeoloyia
2989 2605 3240 2662 cateche-

609 2693 1046 2768 disputationes
1094 2693 1533 2769 philosophicae
1576 2698 1636 2751 et
1677 2693 1894 2751 disser-
1951 2694 2066 2750 tica
2112 2691 2166 2754 h.
2201 2713 2248 2752 e.
2295 2693 2564 2752 doctrina
2613 2692 2939 2752 christiana
2989 2703 3021 2754 5
3066 2694 3127 2751 ll.
3175 2694 3243 2751 in

608 2784 866 2840 tationes
887 2782 1249 2857 theologicae
1266 2786 1335 2841 ut
1352 2784 1421 2840 de
1439 2783 1636 2841 merito
1656 2789 1706 2839 et
1716 2801 1895 2856 prae-
1951 2781 2205 2857 gratiam
2228 2783 2616 2856 parochorum
2639 2785 2699 2840 et
2719 2783 2996 2841 literatae
3022 2784 3244 2857 juven-

612 2873 725 2928 mio
756 2872 1105 2947 angelorum,
1142 2870 1493 2948 Ingolstadii
1538 2880 1697 2933 1626
1733 2872 1796 2928 in
1833 2881 1893 2939 43
1959 2870 2111 2927 tutis
2133 2871 2438 2946 explicata,
2473 2871 2775 2929 illustrata
2794 2875 2855 2929 et
2883 2877 3088 2929 contra
3107 2871 3243 2929 eth-

607 2960 678 3017 de
720 2967 943 3034 peccato
987 2967 1037 3018 et
1080 2961 1359 3036 supplicio
1405 2961 1760 3036 amplorum,
1815 2959 1893 3017 ib.
1950 2958 2130 3025 nicos,
2179 2959 2456 3027 Judaeos‚
2509 2960 2833 3019 haereticos
2883 2960 3247 3018 auctoritate

620 3057 781 3110 1626
817 3048 880 3106 in
916 3057 985 3120 43
1019 3049 1087 3108 de
1113 3056 1331 3107 natura
1362 3056 1413 3107 et
1440 3049 1896 3124 proprietatibus
1952 3066 2028 3109 ss.
2064 3048 2524 3124 scripturarum,
2560 3049 2870 3108 sententiis
2891 3068 2964 3107 SS.
2999 3054 3236 3124 patrum

607 3139 954 3215 anqelorum,
995 3147 1161 3200 1624
1195 3139 1257 3196 in
1294 3150 1361 3206 43
1394 3140 1462 3197 de
1494 3145 1713 3196 natura
1745 3139 1893 3196 theo·
1950 3137 2207 3195 decretis
2242 3138 2622 3196 conciliorum
2658 3137 2911 3207 defensa,
2947 3137 3242 3205 roborata,

608 3230 804 3304 loyiae,
840 3227 922 3292 ib.
962 3236 1127 3290 1629
1176 3229 1240 3286 in
1276 3237 1350 3296 43
1395 3228 1463 3284 de
1492 3228 1729 3285 scientia
1761 3227 1890 3303 Dei,
1953 3226 2302 3284 Monasterii
2331 3237 2492 3289 1656
2528 3227 2594 3284 in
2616 3236 2685 3295 83
2730 3235 3016 3289 1675.-
3038 3229 3240 3285 Artem

607 3317 688 3381 ib.
730 3326 927 3387 16293
977 3318 1045 3374 de
1076 3316 1445 3390 providentia
1489 3317 1763 3383 numinis,
1814 3315 1893 3374 ib.
1951 3333 2152 3373 novam
2178 3317 2326 3374 dicto
2357 3337 2400 3378 s,
2426 3316 2767 3390 Scripturae
2785 3318 2953 3374 unico
2973 3317 3247 3374 lucrandi

615 3415 811 3472 16293
858 3406 927 3463 de
957 3414 1110 3464 statu
1158 3406 1391 3463 viatoris
1435 3412 1484 3462 et
1526 3404 1892 3479 comprehen-
1949 3422 1977 3461 e
2006 3406 2320 3478 pontificiis
2362 3405 2648 3483 plurimos
2693 3405 2755 3462 in
2788 3408 2986 3480 partes
3017 3405 3241 3463 Luthe-

606 3497 778 3569 soris,
821 3495 900 3555 ib.
944 3504 1141 3563 1629;
1186 3496 1257 3552 de
1287 3494 1501 3551 divinis
1533 3501 1582 3551 et
1622 3495 1895 3553 humanis
1948 3511 2227 3551 ranorum
2259 3492 2482 3551 detexit
2515 3498 2577 3551 et
2614 3494 2917 3570 suggessit
2946 3494 3242 3570 theologis

604 3585 836 3661 leyibus,
886 3585 960 3642 ib.
1013 3593 1210 3653 16293
1261 3584 1331 3640 de
1374 3584 1799 3658 dispensatione
1843 3590 1893 3640 et
1949 3580 2543 3651 helmstadiensibu8‚
2598 3583 2661 3640 G.
2717 3582 3021 3641 Calixto
3068 3601 3242 3657 prae-

598 3675 940 3750 pt·ivileyii3‚
973 3673 1050 3734 ib.
1081 3681 1278 3741 16293
1312 3672 1600 3747 polemica
1626 3690 1889 3747 praeser-
1948 3670 2149 3728 sertim
2197 3674 2256 3727 et
2302 3671 2357 3728 C.
2392 3671 2646 3729 Horne
2656 3672 2680 3746 j
2705 3690 2738 3729 o
2760 3715 2773 3741 ‚
2824 3671 3240 3730 Hildesheimii

604 3763 712 3820 tim
746 3763 1027 3819 adversus
1060 3766 1391 3835 apostatam
1421 3760 1887 3837 JacReihing,

605 3857 667 3908 et
696 3851 973 3923 opuscula
1004 3850 1252 3907 collecta
1283 3856 1343 3907 et
1376 3853 1549 3907 eruta
1580 3868 1649 3907 ex
1682 3849 1889 3907 adver-

606 3938 777 3995 sariis
820 3937 1188 3996 Gret'seri·
1224 3970 1305 3980 “““
1339 3937 1557 3995 contra
1598 3936 1889 3995 calinum
2043 3971 2078 4031 ι)
2109 3966 2192 4018 Cf.
2235 3964 2509 4019 Hem-icus
2544 3967 2614 4019 M.
2643 3983 2677 4018 a
2719 3983 2787 4023 ss.
2831 3965 2981 4019 Sacr.
3021 3966 3080 4018 in
3109 3965 3240 4019 coll.

605 4031 667 4082 et
698 4024 964 4083 Crocium
1010 4026 1077 4081 de
1116 4027 1310 4083 missis
1348 4027 1603 4095 privatis
1646 4033 1697 4082 ec
1733 4044 1887 4098 pur·
1946 4036 2139 4107 script.
2169 4037 2287 4091 ord.
2315 4037 2493 4090 Carm.
2523 4038 2562 4101 1,
2592 4043 2712 4096 264,
2743 4036 2909 4090 Alius
2935 4046 3022 4090 est
3049 4036 3120 4089 ab
3141 4035 3235 4088 Hi-

602 4114 829 4189 qatorio
861 4110 1253 4189 disputavitff)
1288 4113 1545 4171 «Ioannes
1579 4114 1886 4173 Miilman
1944 4108 2085 4162 lario
2128 4125 2160 4160 a
2197 4126 2238 4161 ⁸·
2281 4109 2706 4176 Augustino
2745 4107 2925 4161 Sodali
2965 4108 3232 4176 Hispano,

606 4204 660 4261 S.
693 4203 748 4260 J.
782 4200 1100 4277 Lipsiensis
1130 4201 1203 4258 de
1236 4202 1579 4276 parentibus
1626 4204 1886 4261 luthera·
1945 4196 2047 4259 1³3¹?
2073 4179 2332 4261 Reii—{ium
2361 4185 2418 4233 et
2443 4178 3238 4260 Burgundiam.pr⁰l'i¹¹⁰iali‘

1946 4267 2046 4317 qul
2074 4251 2255 4303 edidit
2293 4253 2467 4305 Vocem
2499 4254 2651 4304 tubae
2677 4250 2867 4317 angeli
2896 4251 3057 4314 lucis,
3100 4249 3238 4302 Bru—

604 4293 904 4392 nisffmtus
928 4290 1147 4371 (16009
1181 4288 1217 4357 †
1256 4301 1352 4354 ¹0·
1376 4291 1541 4353 Febr·
1574 4291 1887 4392 165¹)j—
1946 4322 2132 4375 xellae
2174 4326 2328 4383 1635,
2377 4322 2476 4389 qui
2519 4320 2708 4375 libello
2747 4321 3064 4375 calumnias
3104 4338 3232 4390 apo·

603 4381 1057 4456 Christophorus
1107 4381 1497 4439 Pilaumer
1530 4385 1584 4444 S.
1618 4381 1674 4439 J.
1707 4382 1885 4439 Bibe·
1946 4396 2223 4445 statarum
2251 4394 2309 4446 et
2334 4392 2746 4446 haereticorum
2787 4396 2985 4445 contra
3011 4391 3232 4461 religio·

1942 4480 2031 4517 sos
2058 4464 2281 4518 ordines
2307 4466 2366 4518 et
2390 4464 2698 4518 catholicos
2723 4463 2953 4517 refellit.

2017 4540 2055 4603 ιἑ)
2084 4535 2191 4589 Sed
2232 4537 2304 4590 cf.
2344 4535 2761 4603 Sommervogel
2805 4535 2872 4596 V,
2914 4538 3088 4593 1622,
3134 4534 3230 4600 qui

678 4614 713 4661 ¹»
743 4609 846 4675 Ap.
875 4607 1121 4659 Mederer
1147 4607 1218 4659 ad
1248 4624 1296 4660 a..
1326 4610 1481 4662 1651.
1943 4607 2219 4673 plurimos
2259 4609 2507 4660 recenset
2532 4606 2827 4671 editiones,
2869 4605 2964 4660 sed
2992 4604 3230 4659 dubium

676 4684 716 4729 91
746 4678 817 4729 «ff
856 4676 1068 4730 Backer
1095 4677 1188 4739 111,
1216 4682 1336 4733 933.
1942 4676 2228 4744 relinquit,
2257 4677 2420 4746 cujus
2446 4677 2519 4730 sit
2545 4677 2794 4735 libellus.

676 4757 713 4799 δι
743 4747 825 4802 Cf.
854 4748 1275 4817 Sommervogel
1302 4747 1369 4812 V,
1400 4752 1553 4805 1394.
2016 4752 2056 4817 ³)
2086 4749 2168 4803 (ss'f.
2201 4748 2411 4802 Backer
2441 4748 2533 4814 ΙΙΙ,
2563 4754 2718 4805 1651.
