3625 5193
388 251 506 303 533

380 419 543 477 nales
579 416 728 475 adiit
775 434 873 473 eos
925 413 1133 471 multis
1178 411 1485 470 obtestans
1533 428 1664 484 pre-

1554 219 1845 273 Batonius.

2877 224 3001 278 534

1812 412 1955 464 228.
1988 401 2122 459 Jam
2154 398 2225 457 ad
2256 397 2384 472 ejus
2436 413 2611 470 opera
2642 393 3004 453 accedamus,

381 509 565 576 cibus,
619 511 692 563 ut
742 524 914 563 suam
961 501 1376 577 praepedirent
1425 499 1663 559 electio·
1723 492 1910 562 ,Quis
1956 489 2160 557 nescit,
2210 486 2418 544 scribit
2465 484 2702 541 Isaacus
2737 482 3005 539 Casau-

382 616 544 655 nem:
580 596 766 653 electo
786 612 923 652 vero
960 591 1152 649 Leone
1172 590 1270 659 XI,
1305 594 1364 648 et
1395 591 1503 647 hoc
1533 608 1664 647 mox

383 685 661 744 defuncto
694 683 878 740 Paulo
901 680 963 742 V.
984 680 1205 755 gratias
1239 679 1521 738 maximas
1543 679 1668 754 egit

383 775 498 833 Deo
530 792 750 849 magno
797 771 963 846 quasi
1018 769 1272 827 donatus
1302 768 1584 827 beneficio
1600 764 1665 847 ¹).

381 864 446 921 In
479 863 772 939 dignitate
805 858 1180 919 cardinalitia
1224 858 1589 917 constitutus
1622 876 1666 915 s.

384 952 654 1011 Carolum
705 952 1127 1008 Borromaeum
1181 950 1502 1022 patronum
1554 947 1671 1006 sibi

385 1041 597 1118 selegit
644 1043 824 1114 atque
871 1036 1185 1112 exemplar,
1238 1054 1429 1111 neque
1462 1036 1668 1111 pristi-

384 1151 510 1188 nam
547 1129 883 1204 religiosam
917 1126 1102 1185 vitum
1134 1126 1414 1195 deseruit,
1437 1129 1667 1184 sancte-

382 1240 493 1293 que
527 1219 739 1276 vivens
762 1220 1022 1275 sanctam
1045 1215 1115 1272 ad
1138 1218 1387 1273 mortem
1406 1215 1670 1273 animum

380 1308 634 1385 paravit,
670 1326 702 1364 0
739 1305 1184 1364 aeternitatem!
1220 1303 1547 1362 identidem
1578 1304 1668 1362 in-

386 1397 708 1474 geminans
762 1393 1140 1452 valetudinis
1173 1412 1348 1450 causa
1378 1392 1451 1450 de
1482 1393 1669 1452 medi-

383 1504 582 1544 corum
617 1481 924 1559 consilioss)
958 1482 1283 1541 Tusculum
1328 1501 1388 1540 se
1433 1501 1669 1557 recepe·

384 1580 515 1645 rat3
570 1592 704 1631 cum
756 1591 896 1631 vero
943 1571 1097 1630 vitae
1143 1572 1396 1629 instaret
1458 1572 1669 1639 exituS,

384 1664 624 1723 Romam
656 1661 851 1719 redire
885 1660 1218 1719 festinabat.
1268 1661 1544 1730 ,Eamu8,
1578 1660 1666 1718 in-

387 1753 647 1826 quiebat,
711 1753 771 1809 et
820 1750 1035 1807 Romae
1084 1749 1426 1818 moriamur,
1477 1767 1672 1823 neque

386 1842 540 1900 enim
572 1841 743 1898 decet
794 1838 1152 1897 cardinalem
1204 1838 1348 1896 mori
1401 1839 1465 1895 in
1497 1857 1669 1914 agro;

386 1934 617 1988 eamus!
671 1927 1149 2004 quandoquidem
1194 1927 1343 1985 nihil
1392 1928 1538 1985 mibi
1568 1946 1671 2002 op-

386 2020 572 2077 tatius
605 2035 733 2076 esse
764 2020 979 2092 potest,
1015 2036 1191 2090 quam
1225 2018 1296 2073 ut
1327 2017 1389 2073 in
1423 2034 1670 2091 congre-

386 2109 622 2185 gatione
670 2125 798 2165 mea
847 2106 1004 2181 apud
1055 2111 1253 2180 patres
1303 2124 1465 2163 meos
1517 2105 1670 2163 diem

388 2203 565 2272 atque
600 2196 802 2255 oculos
836 2194 1160 2253 claudam.¹<
1195 2193 1424 2269 Magnis
1458 2194 1673 2251 ultimo

389 2288 451 2344 in
487 2286 690 2344 morbo
740 2283 1117 2360 affligebatur
1165 2282 1481 2349 doloribus,
1532 2283 1674 2340 adeo

393 2380 457 2434 ut
521 2375 614 2433 illi
679 2374 816 2431 haec
879 2374 931 2430 ei
986 2375 1405 2445 extorquerent
1467 2372 1672 2430 verba:

392 2465 687 2534 ,Fratres,
723 2481 841 2520 non
875 2480 1114 2538 possum
1157 2461 1433 2535 ampliu8‚
1455 2460 1674 2530 audite,

390 2572 629 2629 quaeso,
665 2552 964 2611 Caesarem
1009 2550 1458 2626 pauperculum,
1494 2549 1674 2608 susti-

388 2648 522 2701 nete
589 2642 911 2716 paululum
962 2659 1068 2715 pro
1120 2642 1317 2698 vestra
1368 2640 1675 2697 caritate.⁴¹

390 2732 648 2789 Tan-iem
681 2730 881 2788 illuxit
916 2748 1188 2804 suprema
1219 2728 1342 2786 dies
1382 2739 1479 2792 30.
1511 2727 1680 2784 Junii

401 2831 582 2888 1607,
619 2839 736 2895 qua
767 2819 1023 2876 animam
1054 2820 1145 2875 tot
1176 2817 1404 2875 meritis
1439 2816 1680 2875 virtuti·

389 2910 625 2984 busque
658 2911 926 2967 ornatam
960 2907 1020 2964 in
1042 2926 1249 2963 manu-3
1270 2905 1533 2963 reddidit
1554 2904 1678 2962 Sal-

396 2999 633 3056 vatoris.
666 2998 917 3071 Propter
955 2994 1287 3053 sanctitatis
1322 2995 1678 3068 opinionem,

398 3107 512 3162 qua
557 3086 764 3144 vivens
829 3085 1202 3157 moriensque
1268 3082 1424 3159 apud
1475 3099 1680 3140 omnes

395 3170 787 3256 fruebatur3)‚
810 3169 1681 3231 VenerabilisaBenedictoXIV.

401 3265 736 3340 appellatus
770 3266 863 3320 est
904 3270 999 3323 18.
1030 3261 1165 3319 Jan.
1210 3269 1391 3322 1745.

478 3441 511 3502 ¹)
538 3435 622 3488 Cf.
651 3433 841 3485 Vitam
881 3432 919 3485 l.
958 3435 1007 3486 2.
1036 3447 1081 3485 c.
1108 3434 1158 3487 8.
1200 3433 1257 3483 et
1295 3429 1480 3497 ipsum
1521 3427 1683 3480 Baro-

404 3507 554 3559 nium
581 3506 639 3558 in
668 3505 779 3557 fine
810 3505 850 3555 t.
876 3503 996 3555 XII.
1024 3502 1213 3554 annal.
1242 3499 1314 3553 ad
1342 3516 1390 3553 a.
1420 3503 1575 3554 1198.

473 3582 514 3641 2)
542 3582 681 3631 Cum
731 3575 902 3628 iidem
955 3572 1156 3626 medici
1198 3571 1568 3632 consulerent,
1615 3585 1684 3621 ne

404 3650 539 3702 adeo
568 3646 941 3702 meditaretur
967 3645 1223 3697 mortem:
1255 3640 1510 3705 ..Quidni‚
1528 3656 1684 3710 repo·

408 3721 572 3773 nebat
596 3719 680 3771 vir
707 3719 948 3781 sanctus,
975 3731 1079 3784 ego
1107 3714 1176 3768 de
1205 3716 1382 3766 morte
1404 3711 1647 3779 cogitem
1665 3719 1687 3761 t>

406 3809 609 3843 numne
638 3807 725 3842 me
755 3789 949 3842 timere
994 3787 1161 3854 putas
1205 3784 1381 3847 illam,
1421 3802 1546 3837 cum
1575 3799 1687 3849 qua

407 3862 658 3931 quotidie
687 3858 1043 3913 familiariter
1069 3873 1176 3925 ago
1198 3857 1256 3909 et
1274 3856 1475 3922 loquor
1491 3863 1512 3906 ?
1539 3854 1686 3923 Apa-

405 3934 579 4003 gesis:
632 3930 780 3984 haud
832 3929 1090 3998 equidem
1132 3927 1328 3980 timere
1366 3924 1525 3979 illam
1565 3941 1685 3994 pos·

405 4022 539 4069 sum,
558 4021 728 4072 quam
744 4005 811 4055 ut
828 4017 1072 4055 sororem
1088 3997 1433 4052 carissimam
1453 3996 1681 4066 dilig0.“

478 4083 517 4140 ³)
544 4074 624 4129 De
652 4075 759 4127 hac
784 4070 1105 4126 sanctitatis
1121 4069 1390 4139 opinione
1406 4068 1475 4123 cf.
1498 4067 1685 4120 vitam

405 4146 440 4201 l.
467 4152 515 4204 3.
546 4164 591 4202 c.
621 4150 707 4203 14.
752 4142 991 4197 Maximi
1018 4159 1144 4196 eum
1172 4140 1458 4193 faciebant
1483 4137 1685 4192 Bellat-

405 4220 602 4283 minus‚
657 4217 755 4285 qui
805 4213 1072 4268 morienti
1132 4210 1372 4265 Baronio
1425 4225 1480 4262 se
1543 4226 1685 4262 com·

406 4291 712 4342 mendabat
738 4286 869 4341 boni
894 4283 1133 4340 latronis
1164 4282 1378 4337 verbis:
1428 4284 1689 4336 Memento

408 4365 516 4425 mei,
546 4363 673 4415 dum
700 4362 900 4413 veneris
940 4362 996 4411 in
1037 4375 1258 4423 reynum
1297 4363 1445 4408 tuum
1472 4353 1686 4405 uberes-

408 4450 511 4500 que
538 4432 605 4486 de
634 4431 754 4501 ejus
776 4432 954 4483 morte
974 4427 1125 4481 fudit
1140 4425 1427 4492 lacrimas;
1460 4423 1687 4478 Bernar-

405 4502 504 4557 ‹lus
539 4502 808 4572 ColnagO,
850 4499 1116 4554 Nicolaus
1167 4493 1434 4561 Serarius,
1478 4494 1687 4548 Stanis-

404 4575 522 4628 laus
548 4575 794 4637 Bessum,
820 4571 1059 4626 Jacobus
1085 4568 1432 4628 Sir-mondus,
1460 4566 1557 4634 qui
1584 4569 1685 4619 tes-

406 4649 554 4700 tatus
582 4649 670 4700 est
699 4662 788 4706 „se
813 4660 1103 4710 nunquam
1131 4640 1294 4694 illum
1311 4637 1532 4700 adiisse,
1550 4635 1687 4705 quin

405 4718 604 4773 melior
629 4714 859 4770 redierit
886 4715 956 4768 ob
977 4712 1291 4782 praeclaras
1311 4710 1431 4779 ejus
1453 4709 1689 4762 virtutes

411 4791 466 4841 et
491 4785 964 4843 ferventissimam
1005 4783 1314 4848 caritatem,
1345 4797 1457 4848 qua
1483 4781 1604 4833 tum
1629 4779 1687 4830 in

1720 582 1978 649 bonus,
2032 579 2366 654 protestans
2384 570 2449 655 ¹),
2485 571 2839 631 cardinalem
2894 571 3005 626 Ba·

1721 671 1956 731 ronium
1989 686 2229 743 operam
2246 665 2303 723 in
2327 662 2574 722 historia
2611 658 3008 717 ecclesiastica

1724 760 1868 819 adeo
1919 758 2215 834 insignem
2267 752 2547 830 posuisse,
2598 753 2668 806 ut
2731 747 3006 805 omnibus

1724 869 1833 907 sua
1893 846 2202 923 diligentia
2268 842 2520 916 palmam
2595 836 3007 914 praeripuerit.

1723 939 1833 997 Hic
1864 937 2021 995 enim
2056 938 2161 1003 est,
2214 931 2318 1008 qui
2350 931 2580 1006 primus
2613 926 2880 985 omnium
2912 928 3006 983 to—

1723 1028 1847 1085 tius
1893 1025 2050 1084 orbis
2102 1020 2409 1080 christiani
2461 1036 2552 1076 res
2585 1018 2802 1092 gestas,
2836 1034 3006 1089 prae·

1726 1116 1931 1174 sertim
1964 1118 2165 1171 autem
2196 1129 2346 1186 quae
2379 1109 2450 1166 ad
2474 1104 2788 1164 Ecclesiam
2825 1104 3008 1178 perti·
3047 1090 3054 1095 ⁹

1724 1205 1965 1273 nebant,
2000 1202 2063 1260 in
2095 1201 2433 1258 cont-inuam
2477 1196 2687 1254 seriem
2720 1211 3012 1250 annorum

1726 1295 1809 1353 sic
1842 1292 2108 1368 digessit,
2161 1294 2234 1347 ut.
2284 1288 2334 1345 si
2386 1285 2566 1344 unius
2615 1281 2782 1340 urbis
2826 1281 3011 1339 fastos

1726 1383 2103 1442 concinnaret
2115 1382 2221 1439 etc.
2239 1385 2264 1413 ‘
2274 1375 2426 1445 Quid
2440 1370 2812 1432 celeberrimo
2828 1369 3012 1445 operi,

1725 1472 1887 1547 quod
1936 1470 2029 1527 hic
2080 1467 2340 1542 respicit,
2395 1482 2598 1522 ansam
2651 1458 3010 1534 praebuerit,

1726 1561 1996 1621 omnibus
2031 1561 2121 1615 est
2151 1561 2378 1614 notum.
2413 1551 2855 1611 centuriatores
2887 1547 3014 1605 scil.

1726 1647 2279 1725 magdeburgense&
2319 1644 2388 1700 ut
2423 1642 2610 1716 ajunt,
2647 1638 2796 1696 duce
2817 1636 3016 1694 Flacio

1727 1738 1968 1814 Illyrico
1989 1737 2110 1793 fata
2132 1733 2422 1792 Ecclesiae
2444 1735 2505 1788 et
2524 1728 2831 1787 doctrinae
2852 1724 3010 1784 chri-

1728 1829 1954 1885 stianae
2002 1844 2112 1900 per
2163 1822 2399 1899 singula
2433 1819 2647 1887 secula,
2704 1814 2806 1873 sed
2839 1814 3012 1872 modo

1728 1936 1853 1984 suo,
1869 1916 2182 1989 depravate
2203 1917 2378 1984 atque
2393 1910 2663 1982 corrupte
2686 1903 3015 1979 descripse-

1726 2008 1886 2063 runt.
1919 2004 2104 2060 Tanto
2139 2002 2350 2057 damno
2370 2001 2441 2055 ut
2460 1996 2796 2055 occurreret
2814 2011 2855 2049 s.
2879 1992 3013 2048 Phi-

1728 2095 1927 2169 lippus
1963 2091 2196 2159 NeriuS‚
2231 2086 2555 2145 Baronium
2603 2085 2872 2141 hortatus
2924 2084 3016 2138 est

1729 2184 1799 2241 al
1877 2178 2168 2238 Ecclesiae
2231 2176 2469 2234 annales
2541 2169 3014 2237 conscribendos,

1732 2272 1834 2345 qui
1867 2269 2130 2327 modeste
2176 2285 2237 2323 se
2283 2280 2570 2322 excusans
2604 2258 3014 2318 doctissimum

1731 2358 2044 2436 proposuit
2078 2353 2452 2430 Onuphrium
2490 2348 2754 2407 Panvini.
2784 2346 3018 2403 Institit

1733 2451 1990 2516 sanctus,
2027 2450 2085 2503 et
2106 2443 2396 2502 Baronius
2431 2437 2766 2497 obedientia
2800 2435 3017 2492 ductus

1731 2543 1855 2596 tam
1890 2535 2126 2594 difficile
2161 2531 2642 2603 laboriosumque
2675 2542 2824 2601 opus
2859 2523 2920 2581 in
2957 2542 3018 2581 se

1735 2627 2015 2702 suscepit.
2079 2623 2344 2699 Triginta
2375 2636 2664 2677 annorum
2700 2613 2896 2673 studio
2928 2613 3019 2670 in-

1735 2718 1962 2776 defesso
1983 2719 2162 2788 atque
2184 2710 2496 2786 diligentia
2531 2705 2769 2764 assidua
2787 2702 3022 2779 paravit

1737 2922 1933 2985 Deum,
1955 2927 2075 2974 tum
2098 2921 2273 2974 etiam
2291 2919 2352 2970 in
2372 2914 2659 2986 proximos
2676 2911 3018 2965 aestuabat.·⁴

1738 2993 1870 3046 Alia
1922 3007 2144 3059 quoque
2195 2991 2262 3043 de
2303 2986 2532 3041 Batonii
2584 2984 2704 3037 vita
2755 2985 2824 3037 cf.
2874 2979 3026 3049 apud

1738 3063 2105 3133 Spondanum
2154 3061 2214 3114 in
2267 3059 2467 3140 Elogio
2531 3073 2661 3109 suae
2727 3052 3025 3122 Epitomae

1739 3135 2079 3205 praemisso;
2123 3133 2291 3185 Lar-ra
2333 3132 2466 3183 Vita
2505 3126 2598 3181 del
2640 3144 2690 3179 v.
2720 3127 2779 3179 C.
2806 3125 2884 3185 B„
2924 3123 3026 3175 Ro·

1738 3225 1864 3261 mae
1893 3210 2046 3262 1882.

1815 3283 1854 3350 ¹)
1883 3276 2101 3345 Proleg.
2129 3276 2200 3327 ad
2229 3272 2454 3326 exercit.
2483 3270 2555 3323 ad
2582 3267 2811 3321 Baronii
2851 3282 3023 3318 anna-

1738 3349 1836 3404 les.
1867 3347 2168 3409 Fabricius,
2196 3344 2296 3413 qui
2319 3344 2380 3396 in
2397 3341 2529 3394 hist.
2548 3338 2809 3393 biblioth.
2832 3336 3024 3389 fabric.

1742 3422 1807 3485 11,
1837 3427 1942 3475 429
1969 3436 2039 3471 ss.
2067 3434 2235 3485 quam
2266 3413 2537 3484 plurimos
2565 3410 2878 3477 scriptoreS,
2925 3406 3025 3474 qui

1739 3493 1828 3545 vel
1856 3493 2051 3546 contra
2067 3487 2372 3540 Baronium
2391 3483 2734 3550 scripserunt
2753 3479 2843 3531 vel
2864 3477 3024 3547 plura

1738 3564 1798 3616 in
1827 3579 1891 3615 eo
1918 3557 2351 3628 reprehendunt,
2379 3556 2643 3615 recenset,
2669 3551 2806 3603 haec
2833 3555 3024 3601 tamen

1740 3634 1806 3686 de
1836 3649 1899 3686 eo
1926 3632 2127 3684 habet:
2159 3628 2329 3691 „Erat
2357 3627 2440 3680 vir
2469 3624 2609 3693 piuS,
2638 3621 2926 3683 candidus,
2946 3620 3023 3672 la-

1740 3704 2008 3766 boriosus,
2056 3700 2334 3770 plurimae
2410 3695 2686 3758 lectioniS,
2750 3709 3024 3746 secessum

1740 3793 1952 3836 amane,
2016 3771 2318 3826 acerrimus
2369 3767 2597 3837 quidem
2662 3764 3028 3835 pontificatus

1741 3845 2101 3917 partiumque
2151 3839 2718 3896 hildebrandinarum
2783 3853 3026 3907 propug-

1740 3923 1922 3982 nator,
1951 3921 2012 3971 at
2036 3916 2104 3970 de
2132 3913 2506 3968 ecclesiastica
2548 3913 2738 3962 tamen
2784 3906 3028 3974 antiqui·

1742 3993 1878 4054 tate,
1906 3988 2138 4043 testibus
2155 3985 2483 4040 (Jasaubono
2502 3999 2592 4051 op.
2606 3980 2784 4033 dedic.
2802 3978 3029 4033 exercit.

1742 4080 1786 4117 c.
1816 4067 1897 4119 2.;
1926 4062 1989 4114 G.
2017 4059 2102 4112 J0.
2135 4057 2330 4112 Vossio
2359 4057 2426 4110 de
2453 4052 2650 4123 philol.
2678 4069 2722 4106 c.
2753 4056 2834 4114 14,
2877 4049 3029 4102 Mon-

1744 4133 1954 4186 tacutio
1980 4131 2155 4200 praef.
2186 4130 2256 4182 ad
2284 4145 2497 4197 appar„
2531 4124 2866 4192 Hottiugcro
2905 4119 3028 4173 bib

1739 4204 1963 4258 liothec.
1979 4221 2034 4272 p.
2052 4206 2173 4265 419,
2193 4201 2257 4254 G.
2276 4199 2497 4254 Calixto
2511 4213 2704 4266 appar.
2723 4193 3034 4254 thecl.186,

1742 4274 2049 4354 Contingio
2063 4273 2130 4325 de
2144 4273 2282 4341 orig.
2301 4273 2401 4335 jur.
2429 4266 2730 4338 germanie.
2744 4269 2827 4320 123.
2845 4284 2895 4330 p.
2910 4267 3030 4326 145,

1742 4346 1836 4400 Lei
1846 4345 2021 4399 bnitio
2035 4345 2093 4397 in
2107 4342 2338 4397 miscell.
2351 4361 2406 4412 p.
2417 4345 2539 4405 420,
2553 4335 2829 4403 Koenigio
2844 4353 2896 4402 p.
2916 4337 3030 4388 160.

1744 4415 2198 4472 Schurzfleischio
2239 4414 2297 4467 in
2325 4430 2354 4467 e
2398 4430 2453 4482 p.
2495 4410 2590 4463 sel.
2617 4425 2671 4475 p.
2700 4409 2824 4470 548,
2879 4404 3032 4473 Pope

1744 4489 1953 4542 Blount
1979 4506 2033 4556 p.
2060 4491 2163 4544 862
2195 4502 2360 4555 praec
2384 4499 2476 4536 are
2505 4478 2789 4534 meritus.“
2825 4475 3034 4528 Eodem

1744 4563 1887 4614 teste
1907 4556 2169 4613 nonnulli
2183 4574 2249 4610 ex
2263 4558 2459 4609 horum
2474 4548 2768 4604 annalium
2787 4547 3036 4602 lectione

1743 4630 1986 4701 permoti
2016 4631 2161 4686 sunt.
2204 4633 2266 4680 ut
2305 4626 2372 4679 ad
2405 4622 2706 4677 Ecclesiam
2738 4635 3035 4673 romanam

1745 4702 2010 4765 redirent,
2073 4697 2408 4754 nominatim
2483 4695 2643 4762 Casp.
2715 4689 3034 4759 SJioppius,

1743 4774 1938 4827 Justus
1965 4770 2232 4826 Calvinus
2257 4771 2313 4822 et
2341 4767 2520 4826 Nicol,
2549 4764 2737 4818 StenO.
