3625 5193
665 301 830 355 1123
899 287 1267 341 1641—1663.
1297 283 1438 337 Hist.
1466 283 1596 338 eccl.
1623 284 1823 353 partic.
1856 284 2142 350 Gelenius,
2169 282 2594 347 Starevolscius,
2634 281 2897 336 Puricelli
2923 284 3028 337 etc.
3098 301 3121 352 1
3146 300 3269 353 124

742 476 885 531 485.
908 461 1196 545 Aegidius
1229 469 1602 527 Gelenius
1633 468 1930 544 Kempen-
1984 502 2073 512 —-
2104 468 2423 543 Philippus
2455 468 2732 526 Caesar
2767 485 2899 525 acer
2930 468 3191 543 primum
3211 471 3271 526 et

650 558 733 617 sis
749 552 794 637 1)
828 576 885 616 n.
916 567 1100 627 1595,
1136 557 1369 634 collegii
1391 557 1716 635 germanici
1735 558 1929 616 alum·
1985 557 2248 616 fervidus
2278 559 2483 633 pastor
2519 556 2869 627 bremensis,
2917 555 3023 632 qui
3066 562 3272 616 tamen

647 665 781 717 nus,
828 645 1040 705 ardens
1085 664 1130 705 s.
1171 642 1577 723 christophori
1618 647 1928 722 parochu8‚
1995 657 2088 708 16.
2122 645 2253 705 Jan.
2297 655 2462 709 1630
2497 644 2571 703 ad
2601 645 3141 704 Ecclesiamrediit
3168 663 3272 704 ca-

647 735 1156 811 historiographus
1176 735 1599 811 archiepiscopi
1632 736 1928 794 colonien·
1984 735 2287 806 tholicam,
2337 754 2405 793 ex
2437 739 2641 794 vetere
2672 733 2803 793 cod.
2844 734 3271 811 hamburgensi

650 825 751 894 sis,
813 825 1020 900 postea
1077 824 1390 900 episcopus
1453 824 1928 899 aureopolitanus
1985 824 2052 883 in
2082 825 2273 884 lucem
2306 823 2564 899 protulit
2605 818 3103 897 Triaposlolatum
3123 824 3273 898 Sep-

646 913 906 989 episcopi
977 912 1439 990 osnabrugensis
1499 913 1807 972 auxiliaris
1870 908 1931 995 (†
1985 915 2287 972 tenti-ionis
2318 931 2425 971 seu
2456 912 2647 972 vitam
2679 915 2741 971 et
2770 916 3007 989 gestas.
3026 912 3271 971 Wille·

656 998 870 1082 1656),
916 1002 982 1059 in
1011 1002 1204 1060 lucem
1246 1001 1438 1061 dedit:
1497 1001 1715 1061 Vindex
1761 1003 1928 1061 liber·
1986 1002 2180 1073 hadi,
2246 1020 2290 1061 s.
2342 1001 2729 1079 Ansgarii,
2793 1019 2837 1060 s.
2887 1001 3272 1061 Bimberti

649 1094 786 1150 tatis
829 1092 1232 1149 ecclesiasticae
1275 1098 1327 1149 et
1368 1098 1597 1169 martyr
1634 1110 1681 1150 s.
1721 1091 1930 1168 Enycl-
1984 1091 2167 1150 trium
2198 1090 2621 1167 principalium
2640 1090 2918 1149 ecclesiae
2937 1090 3269 1149 bremensis

647 1179 838 1239 bertus
885 1180 1139 1255 archiep.
1185 1181 1370 1239 colon.
1416 1200 1538 1240 una
1581 1200 1718 1240 cum
1761 1180 1930 1239 brevi
1985 1180 2410 1256 episcoporum,
2474 1179 2906 1255 Septentrionis
2966 1181 3267 1256 apostolo-

646 1287 789 1328 suae
820 1268 1031 1328 aetatis
1063 1268 1378 1339 annalium,
1426 1269 1720 1329 nobilium
1755 1269 1927 1327 fami-

644 1357 948 1416 miliarum
992 1361 1053 1416 et
1098 1362 1618 1417 monumentorum
1662 1358 1928 1435 agrippi-

644 1447 924 1505 nensium
970 1446 1455 1524 depromptorum
1503 1447 1781 1520 editione,
1822 1448 1928 1506 Oo-

646 1535 843 1594 loniae
873 1535 1237 1612 Agrippinae
1276 1545 1440 1598 1633
1491 1537 1552 1594 in
1602 1545 1672 1606 43
1729 1546 1929 1606 1634;

648 1642 801 1698 quae
835 1624 959 1682 vita
989 1624 1447 1683 commentarius
1479 1626 1569 1683 est
1597 1624 1755 1683 vitae
1787 1625 1927 1683 Cae·

647 1712 788 1770 sarii
820 1712 1310 1771 heisterbacensis
1344 1707 1441 1794 (cf.
1463 1712 1578 1785 11⁸,
1615 1709 1787 1794 276).
1822 1712 1927 1772 Sa-

647 1801 908 1860 crarium
940 1819 1045 1860 seu
1076 1802 1145 1859 de
1175 1802 1534 1861 admiranda
1565 1821 1737 1861 sacra
1769 1809 1821 1860 et
1849 1804 1928 1860 ci-

645 1890 745 1947 vili
783 1891 1175 1967 maqnitudine
1211 1889 1476 1950 Coloniae
1519 1891 1577 1967 L,
1626 1890 1704 1949 ib.
1761 1901 1923 1954 1645

646 1977 710 2036 in
745 1987 803 2049 4,
848 1997 998 2053 opus
1045 1980 1172 2055 ejus
1203 1980 1623 2056 praecipuum3
1665 1982 1929 2054 pretiosa

643 2067 964 2126 hierothcca
992 2068 1287 2127 duodecim
1315 2069 1625 2127 unionibus
1654 2070 1931 2127 historiae

641 2158 980 2216 coloniensis
1009 2165 1310 2232 exornata,
1342 2157 1420 2218 ib.
1452 2167 1615 2221 1634
1636 2158 1701 2217 in
1724 2167 1780 2219 4.
1814 2156 1928 2215 Sed

637 2246 759 2321 jam
793 2246 1098 2322 grandiori
1130 2265 1192 2305 se
1224 2247 1479 2306 accinxit
1496 2247 1676 2323 operi.
1721 2247 1929 2305 Frater

644 2335 774 2410 ejus
810 2334 1069 2394 Joannes
1118 2331 1200 2415 (n.
1243 2333 1457 2420 1585),
1503 2335 1928 2412 archiepiscopi

643 2422 900 2482 vicarius
940 2425 1252 2500 generalis,
1298 2424 1393 2483 vir
1437 2425 1672 2502 egregie
1716 2424 1928 2484 doctus

642 2514 841 2571 totum
870 2530 932 2570 se
952 2512 1196 2572 dederat
1214 2513 1555 2590 colligendis
1576 2531 1927 2573 monumen-

644 2601 726 2659 tis
776 2604 838 2659 et
885 2602 1119 2662 notitiis
1171 2603 1245 2662 ad
1294 2603 1603 2663 historiam
1650 2603 1927 2663 ecclesiae

644 2689 997 2748 coloniensis
1033 2691 1453 2750 illustrandam
1498 2692 1926 2768 spectantibus.

644 2777 779 2836 Jam
832 2778 1187 2854 impleverat
1245 2780 1551 2839 volumina
1610 2799 1726 2851 sex,
1791 2798 1928 2839 cum

643 2884 802 2924 mors
823 2884 960 2924 eum
974 2867 1135 2925 hisce
1157 2867 1374 2926 studiis
1394 2869 1662 2945 abripuit
1677 2866 1734 2951 (1
1751 2865 1925 2950 631).

643 2954 899 3013 Moriens
946 2955 1184 3032 rogavit
1231 2956 1492 3028 fratrem,
1552 2961 1624 3016 ut
1663 2959 1927 3017 laborem

645 3043 1039 3116 continuaret,
1073 3045 1178 3120 qui
1209 3064 1417 3105 revera
1446 3045 1736 3106 indefessa
1766 3047 1926 3106 solli·

643 3131 908 3192 citudine
954 3133 1155 3192 fratris
1202 3134 1400 3193 studia
1445 3139 1536 3194 est
1581 3139 1927 3211 prosecutus

641 3224 820 3297 atque
853 3223 1149 3299 stupenda
1180 3223 1489 3300 diligentia
1528 3224 1769 3300 collegit
1798 3243 1924 3283 mo-

641 3314 1067 3371 numentorum
1098 3313 1211 3372 vol.
1249 3320 1350 3384 30,
1402 3332 1579 3388 quam
1626 3313 1925 3371 collectio-

637 3419 771 3460 nem
798 3401 1106 3476 inscripsit
1137 3401 1405 3479 Farraqo
1441 3401 1836 3476 diplomatum
1867 3405 1929 3460 et

642 3491 1017 3549 notationum
1047 3509 1155 3566 pro
1175 3490 1441 3550 historia.
1489 3489 1765 3549 Collectio
1786 3509 1927 3548 sane

642 3579 904 3653 pretiosa
935 3574 1227 3661 (inedita),
1280 3579 1441 3654 quod
1473 3579 1778 3638 contineat
1823 3579 1924 3638 do·

643 3671 919 3727 cumenta
949 3669 1222 3744 plurima,
1266 3687 1417 3744 quae
1440 3669 1566 3744 jam
1598 3668 1922 3743 perierunt,

639 3773 833 3832 neque
864 3758 999 3831 ipsa
1029 3757 1286 3834 amplius
1326 3757 1561 3834 integra
1592 3753 1925 3838 habetur8).

681 4045 691 4056 ⁸
719 3981 754 4044 ι)
782 3975 865 4031 cf.
892 3976 1222 4032 Hartzheim
1245 3981 1402 4060 bibl.
1436 3979 1619 4035 colon.
1644 3998 1701 4061 p.
1729 3985 1793 4040 9;
1834 3981 1925 4034 Sa.

640 4062 764 4098 nus
803 4046 876 4099 ad
917 4063 966 4099 a.
994 4052 1150 4105 1633.
1191 4048 1327 4130 EJus
1369 4053 1547 4104 frater
1579 4050 1836 4105 Victor
1863 4053 1924 4105 O.

1985 1289 2137 1338 rum,
2160 1269 2426 1327 Coloniae
2455 1277 2642 1338 1642,
2676 1286 2826 1343 opus
2856 1267 3029 1326 valde
3048 1288 3268 1327 rarum.

1986 1390 2071 1403 --
2092 1357 2374 1416 Claudius
2407 1356 2502 1415 Su
2518 1357 2663 1414 dan
2695 1357 2750 1418 S.
2771 1356 2826 1414 J.
2846 1356 3269 1433 Friburgensis

1986 1442 2047 1527 (†
2081 1456 2135 1508 2.
2168 1448 2303 1508 Dec.
2344 1441 2539 1526 1655)
2574 1448 2785 1504 auctor
2824 1449 2915 1504 est
2945 1446 3142 1521 operis
3174 1466 3270 1504 ra·

1985 1536 2239 1595 rissimi:
2271 1535 2513 1594 Basilea
2542 1553 2713 1593 sacra
2744 1534 2870 1594 sive
2889 1534 3270 1611 episcopatus

1985 1627 2046 1683 et
2076 1624 2511 1683 Basileensium
2543 1623 2709 1700 origo
2740 1641 2807 1681 ac
2838 1624 3039 1693 series,
3071 1625 3271 1683 Brun-

1984 1714 2139 1773 truti
2198 1722 2360 1778 1658
2415 1712 2480 1771 111
2528 1720 2583 1775 8.
2635 1746 2715 1755 —
2765 1710 2967 1773 Simon
3012 1713 3271 1772 Stare-

1984 1803 2335 1862 volscius
2356 1798 2836 1882 (Staravolscius,
2860 1800 3273 1859 Starawol·

1985 1892 2105 1950 ski
2138 1889 2174 1958 †
2209 1885 2403 1972 1656)
2439 1889 2679 1966 collegit
2695 1885 2741 1971 ¹)
2773 1892 2919 1948 vitae
2947 1891 3273 1949 antistitum

1984 1982 2450 2055 cracoviensium,
2485 1979 2797 2038 Cracoviae
2838 1988 2998 2042 1655
3036 1978 3101 2036 in
3133 1978 3173 2036 f.
3206 1982 3269 2038 et

1984 2070 2293 2144 Epitomen
2324 2070 2583 2128 omnium
2611 2068 2981 2126 conciliorum
3012 2074 3132 2125 tam
3166 2086 3270 2144 ge·

1984 2159 2279 2217 neralium
2312 2176 2489 2233 quam
2523 2156 2966 2232 particularium
2984 2200 2999 2228 ‚
3052 2156 3273 2215 Romae

1994 2256 2155 2311 1653
2189 2248 2254 2304 in
2284 2246 2353 2318 f.;
2391 2246 2745 2304 breviarium
2774 2245 2939 2319 juris
2960 2247 3269 2321 pontificii,

1983 2336 2063 2394 ib.
2102 2344 2267 2399 1653
2301 2335 2365 2393 in
2398 2344 2470 2405 4;
2502 2340 2867 2392 monumenta
2898 2335 3273 2408 cispitaphia

1985 2425 2400 2483 Sarmatarum
2429 2424 2745 2482 illustrium
2773 2422 2980 2480 beatae
3009 2423 3272 2482 aeterni-

1982 2513 2101 2573 tati
2149 2513 2584 2590 adscriptorum
2634 2512 2902 2581 collecta,
2956 2511 3272 2571 cracoviae

1992 2612 2155 2666 1655
2190 2604 2255 2661 in
2285 2603 2341 2674 f.,
2377 2620 2526 2677 opus
2559 2601 2726 2660 valde
2765 2620 2969 2659 rarum
3002 2594 3105 2683 (m.
3143 2599 3270 2684 75).

2075 2789 2219 2843 486.
2267 2780 2351 2840 Ι)6
2396 2780 2639 2839 ecclesia
2678 2778 3099 2838 mediolanensi
3144 2799 3269 2838 me-

1982 2871 2235 2928 ruerunt
2272 2868 2498 2945 Joseph
2528 2869 2990 2944 Ripamonte
3035 2870 3268 2928 ambro-

1983 2958 2134 3017 siani
2166 2958 2400 3035 collegii
2433 2958 2643 3028 socius,
2676 2957 3135 3016 mediolanensis
3165 2977 3268 3017 ur-

1982 3048 2076 3106 bis
2109 3046 2410 3106 chronista
2440 3049 2502 3105 et
2529 3046 2729 3123 regius
2751 3045 3269 3122 historiographus

1984 3133 2042 3210 (†
2064 3144 2182 3198 164
2195 3133 2254 3217 1)
2281 3136 2388 3211 qui
2406 3134 2742 3211 composuit
2758 3135 3034 3193 historiae
3054 3136 3268 3194 modio-

1982 3226 2235 3283 lauensis
2264 3226 2523 3284 ecclesiae
2540 3245 2637 3300 pp.
2662 3232 2718 3294 3,
2753 3222 3075 3283 Mediolani
3097 3232 3263 3286 1617

1982 3322 2155 3376 —28
2188 3313 2253 3371 in
2288 3323 2357 3383 43
2390 3317 2451 3372 et
2471 3314 2851 3373 historiarum
2860 3314 3098 3387 patriae
3115 3330 3268 3389 opus

1982 3423 2015 3459 a
2047 3402 2321 3461 Tristano
2348 3402 2557 3463 Calcho
2577 3404 2852 3478 coeptum
2875 3402 3266 3472 continuavit,

1983 3493 2054 3551 ut
2085 3490 2344 3551 diximus
2376 3490 2451 3563 ΙΙ,
2489 3501 2555 3555 11
2573 3499 2649 3553 52
2669 3510 2718 3548 6.
2750 3522 2840 3534 -
2868 3490 3131 3549 Joannes
3158 3491 3265 3548 Pe·

1982 3583 2115 3639 trus
2166 3579 2549 3639 Puricelli
2598 3573 2680 3660 (n.
2728 3587 2827 3641 23.
2869 3579 3017 3638 Nov.
3076 3586 3263 3649 1589,

1983 3667 2018 3736 †
2058 3678 2110 3729 7.
2143 3668 2288 3730 Nov.
2333 3664 2527 3752 1659)
2570 3668 2662 3728 vir
2692 3667 2961 3727 eruditus
3010 3672 3070 3726 et
3100 3667 3263 3726 labo-

1982 3758 2192 3826 riosus,
2239 3759 2483 3833 propter
2512 3756 2772 3834 insignia
2813 3756 3028 3815 merita
3071 3756 3264 3815 factus

1982 3867 2015 3903 a
2045 3845 2205 3905 Frid.
2234 3847 2559 3907 Boromaeo
2590 3843 3068 3921 archipresbyter
3112 3844 3185 3903 ad
3219 3863 3264 3903 s.

1981 3934 2390 4004 Laurentium,
2423 3938 2659 4010 praeter
2689 3927 2871 4016 alia2)
2898 3932 3087 3992 edidit
3117 3934 3262 3992 Am·

1982 4024 2287 4082 brosianae
2319 4024 2636 4082 Mediolani
2665 4023 2933 4081 basilicae
2963 4042 3032 4081 ac
3062 4040 3265 4081 mona-

640 4115 773 4186 Cap.
800 4120 889 4171 ter
913 4134 1045 4172 suae
1073 4121 1394 4188 provinciae
1420 4122 1800 4191 praepositus,
1838 4122 1926 4174 vir
1980 4115 2142 4170 sterit·
2158 4113 2322 4170 hodie
2334 4113 2708 4170 cisterciensis
2721 4118 3104 4180 monumenta,
3127 4111 3262 4185 qui-

638 4187 924 4257 Ρὶἱθθῑῐᾙῦὓ
949 4188 1233 4260 inflignflm
1253 4192 1487 4260 reliquit
1501 4196 1771 4247 Summam
1789 4213 1924 4262 ΡΜ·
1979 4201 2093 4259 bus
2122 4200 2375 4260 historia
2417 4200 2873 4260 mediolanensis
2917 4199 3265 4258 illustratur

639 4266 824 4313 cticam
866 4264 1150 4329 theoloyiae
1187 4269 1460 4332 mysticae,
1515 4263 1577 4316 in
1618 4280 1812 4317 omnes
1853 4265 1924 4316 ab
1981 4292 2040 4347 et

639 4329 850 4383 infimis
889 4349 1066 4399 usque
1093 4332 1165 4387 ad
1209 4350 1498 4402 supremos
1526 4333 1709 4386 divini
1749 4334 1923 4387 animi

640 4403 841 4464 status,
869 4404 1228 4470 operationes
1248 4409 1306 4458 et
1323 4404 1722 4473 dispositiones
1743 4406 1924 4476 magis

2085 4291 2159 4348 ab
2192 4290 2494 4348 erroribus
2540 4288 2898 4359 vindicatur,
2946 4287 3263 4347 Mediolani

1990 4387 2151 4440 1645
2187 4379 2248 4435 111
2284 4387 2359 4449 4.,
2393 4378 2571 4436 etiam
2603 4378 2668 4436 in
2702 4376 2937 4436 Graevii
2969 4378 3106 4436 thes.
3142 4376 3262 4435 Ita·

639 4471 923 4525 notabiles
967 4474 1163 4528 ordine
1220 4475 1571 4529 consecutivo
1623 4475 1924 4545 digestam,
1980 4467 2091 4524 liae
2121 4467 2218 4537 IV,
2273 4477 2295 4528 1
2338 4484 2446 4537 ss.;
2497 4468 2567 4524 de
2608 4486 2680 4525 ss.
2728 4466 3086 4542 martyribus
3134 4465 3261 4524 Na·

641 4540 907 4596 Coloniae
924 4547 1089 4603 1646:
1119 4549 1289 4606 1652;
1317 4561 1440 4598 eam
1461 4548 1779 4615 germanice
1808 4565 1923 4600 ver·
1978 4558 2143 4614 zario
2181 4563 2230 4613 et
2263 4555 2440 4629 Celso,
2486 4574 2555 4613 ac
2583 4554 2852 4614 Protasio
2898 4562 2949 4614 ct
2984 4555 3263 4614 Ger-vasio

639 4612 1239 4752 t¹12)ssCLi'thiffiutroque
1267 4685 1500 4739 Gelenio
1533 4686 1732 4740 Ennen
1771 4687 1923 4756 Aug.

644 4747 696 4799 d.
725 4748 827 4801 Bio
870 4768 909 4802 r.
938 4751 1087 4816 vm,
1114 4759 1390 4814 534—37z
1433 4756 1500 4810 de
1527 4757 1710 4811 Greek
1735 4759 1923 4812 Leben

644 4818 762 4868 und
860 4818 1025 4873 irken
1050 4822 1147 4877 des
1172 4825 1355 4894 Aegid
1380 4825 1573 4892 Gelen,
1600 4827 1750 4881 Koln
1766 4831 1922 4886 1835.

2054 4767 2093 4826 ¹)
2122 4760 2204 4815 Cf.
2231 4760 2423 4815 Zedler
2446 4761 2692 4825 XXXIX,
2720 4765 2874 4819 1258.

2052 4837 2093 4897 ²)
2121 4831 2202 4885 Cf.
2231 4832 2491 4901 Argelati
2515 4833 2583 4900 11,
2613 4837 2750 4890 1137
2766 4850 2839 4885 ss.
