3625 5193
1511 247 1676 313 Greg.
1705 244 1866 299 Eder.

372 265 499 318 201
2867 263 2990 317 202

373 432 656 509 menta1),
691 434 762 490 ut
791 450 878 489 ex.
909 450 1026 507 gr.:
1061 430 1319 488 Kurizcr
1348 449 1403 488 u.
1438 431 1656 488 bestc'in-
1714 431 1995 507 erzelung
2023 430 2127 488 der
2157 430 2520 489 namhafften
2554 430 2838 489 Irrlehrer
2869 432 2992 489 und

372 524 539 598 diyer
570 522 805 578 Bericht
835 538 969 578 vom
1019 539 1135 595 pur
1179 520 1446 577 lauteren
1492 519 1659 578 Wort
1713 521 1941 588 Ketzer‚
1993 519 2210 578 welche
2256 537 2373 577 von
2417 520 2655 595 Anfang
2699 520 2804 577 der
2844 521 2995 579 Welt

371 611 580 669 Gottes
613 630 670 668 u.
700 609 908 667 Liecht
925 608 1027 667 des
1044 609 1099 666 h.
1120 607 1444 684 Evangelii,
1466 612 1657 683 sampt
1713 609 1838 666 biss
1869 609 1996 666 auff
2020 627 2230 667 unsere
2264 607 2465 665 Zeiten
2498 609 2874 678 entstanden‚
2907 609 2990 667 ib.

373 698 826 775 nothwendiger
891 697 1309 774 Widerlegung
1369 698 1473 754 der
1536 715 1656 755 zwo
1721 707 1884 760 1576
1920 700 2027 755 etc.
2065 697 2337 755 Facultas
2372 697 2699 772 theologica
2719 698 2993 772 sequenti

372 787 675 846 Schriften
691 789 758 845 D.
780 787 818 845 J
821 806 871 846 o.
888 787 1155 845 Andreae
1176 786 1213 844 S
1231 805 1260 843 c
1276 786 1314 843 h
1329 786 1478 843 mid
1497 786 1514 843 l
1535 786 1654 843 ein
1711 786 1900 862 elogio
1933 785 1995 843 in
2027 786 2227 844 schola
2253 785 2666 862 theologorum
2684 786 2854 845 affixo
2876 787 2993 846 col-

371 897 430 936 u.
454 877 545 936 Jo.
581 878 754 935 Cele
773 878 933 933 stin
964 876 1146 934 wider
1165 875 1259 933 die
1278 875 1654 952 wolgegriin-
1711 876 1903 952 legam
1955 893 2131 932 suum
2183 875 2525 934 honoravit:
2582 875 2679 943 ‚C.
2730 876 2775 932 F
2780 895 2991 934 rancus

376 967 553 1024 deten
587 966 875 1024 ursachen
908 965 1009 1022 des
1027 965 1373 1023 Abtrettens
1393 982 1509 1022 von
1541 963 1656 1022 den
1713 983 1788 1022 ss.
1824 963 2154 1039 theologiae
2187 963 2408 1031 doctor,
2444 963 2737 1038 professor
2783 968 2843 1022 et
2889 984 2991 1039 pa-

375 1057 605 1123 Secten‚
656 1055 733 1112 ib.
798 1062 997 1124 1570;
1052 1063 1250 1122 15T13
1301 1071 1653 1126 responsum
1713 1053 1927 1111 rochus
1960 1053 2031 1110 ad
2066 1051 2120 1109 d.
2154 1052 2502 1110 Mauritium
2549 1055 2673 1111 tam
2718 1058 2992 1111 constans

379 1163 510 1202 acre
541 1144 615 1201 ad
648 1161 839 1201 acrem
872 1142 1377 1218 impugnationem
1411 1141 1656 1199 illorum
1713 1141 2008 1200 Ecclesiae
2039 1141 2294 1216 fideique
2340 1159 2612 1200 romanae
2657 1161 2992 1218 propugna-

375 1233 629 1291 duorum
645 1231 1132 1289 adversariorum.
1153 1231 1385 1288 Grandi
1398 1232 1497 1288 des
1512 1231 1653 1287 cath.
1711 1233 1823 1300 tor,
1858 1249 2035 1305 quam
2068 1248 2201 1288 acer
2231 1233 2367 1288 ante
2400 1230 2518 1287 fuit
2537 1230 2782 1288 Lutheri
2802 1237 2991 1289 secta-

383 1322 690 1396 Glaubens,
741 1320 1032 1378 darinnen
1082 1329 1160 1381 63
1199 1319 1493 1377 Ursachen
1552 1319 1656 1377 be·
1713 1323 1824 1379 tor.
1859 1321 2180 1393 Postquam
2221 1320 2379 1377 enim
2426 1319 2645 1395 agnitis
2690 1320 2992 1378 erroribus

375 1409 888 1487 griffen,warumb
900 1409 1016 1466 alle
1032 1407 1478 1483 rechtglaubige
1495 1407 1655 1465 Chri·
1713 1409 1784 1465 ad
1819 1427 1991 1467 verae
2010 1407 2305 1467 Ecclesiae
2336 1408 2628 1483 gremium
2661 1426 2723 1466 se
2756 1409 2992 1484 recepit,

375 1505 510 1557 sten
541 1500 652 1574 bey
685 1499 790 1556 der
820 1497 1208 1574 allgemainen
1240 1497 1459 1554 christl.
1481 1517 1538 1555 u.
1560 1503 1656 1555 τὸ-
1714 1497 1961 1555 eandem
1994 1497 2133 1554 stilo
2166 1497 2523 1572 scriptisque
2544 1497 2779 1573 egregie
2800 1496 2992 1557 vindi-

373 1589 638 1646 mischen
671 1588 925 1645 Kirchen
970 1585 1096 1645 biss
1142 1605 1216 1643 an
1262 1585 1355 1644 ihr
1399 1585 1543 1643 endt
1585 1605 1658 1642 zu
1715 1587 1872 1645 cavit
1902 1590 2055 1647 etc.‘

373 1678 694 1736 verharren
725 1675 997 1752 schuldig
1018 1694 1179 1750 seyn,
1218 1674 1292 1731 ib.
1317 1685 1342 1736 1
1362 1683 1518 1743 580;
1551 1693 1656 1731 von

373 1768 498 1824 dem
557 1766 953 1823 Ordcntlichen
1002 1764 1192 1836 beruff
1244 1765 1348 1821 der
1408 1764 1659 1820 Priester
1806 1773 1905 1826 92.
1958 1764 2271 1838 Gregorius
2329 1763 2523 1821 Eder
2582 1762 2887 1838 Frisingae
2936 1783 2992 1821 n.

375 1875 431 1912 u.
469 1854 760 1931 Prediyer,
792 1853 872 1911 ib.
917 1863 1098 1921 1571,
1133 1853 1193 1909 in
1224 1852 1431 1928 primis
1452 1852 1656 1910 adver·
1727 1863 1907 1923 1523,
1943 1852 2220 1910 undecies
2252 1855 2448 1911 rector
2481 1851 2810 1910 academiae
2829 1852 2993 1910 vien-

375 1962 480 2001 sus
495 1943 810 2019 Georgium
831 1942 1167 2018 Nigrinum,
1191 1942 1254 2000 in
1274 1959 1392 2015 quo
1412 1959 1655 2016 respon·
1714 1942 1929 2011 nensiS,
1965 1942 2135 2016 cujus
2167 1942 2486 2000 salutarem
2518 1941 2993 1999 reformationem

374 2033 552 2090 detur
585 2032 661 2089 ad
694 2052 747 2106 q.
781 2031 963 2100 illam,
997 2050 1073 2088 an
1104 2030 1376 2106 papistici
1410 2034 1516 2087 aut
1562 2030 1656 2086 lu·
1714 2033 1954 2089 strenue
1987 2031 2298 2106 promovit,
2326 2030 2483 2105 juris
2514 2030 2742 2104 peritus
2773 2033 2833 2088 et
2858 2029 2992 2088 doc-

372 2122 608 2179 therani
630 2120 1067 2195 calvinianique
1088 2119 1524 2177 concionatores
1544 2118 1658 2176 rite
1714 2123 1822 2186 tor,
1875 2142 1907 2176 a
1958 2118 2218 2177 consiliis
2268 2118 2465 2177 tribus
2519 2118 2993 2192 imperatoribUS‚

376 2229 445 2268 ac
477 2210 740 2286 legitime
772 2209 967 2267 vocati
1001 2208 1123 2266 sint
1145 2211 1206 2265 et
1225 2213 1659 2266 sacramentum
1713 2227 1848 2266 acer
1870 2206 2172 2284 religionis
2191 2207 2509 2265 catholicae
2530 2207 2859 2283 apologeta,
2882 2206 2993 2264 etsi

376 2299 766 2357 eucharistiae
812 2315 1150 2357 consecrare
1200 2296 1448 2371 possint.
1509 2295 1657 2354 Item
1715 2297 1900 2356 laicus
1933 2296 2204 2372 pluribus
2237 2293 2532 2371 scriptis1)
2565 2295 2849 2364 innotuit,
2893 2313 2992 2353 cu-

376 2388 537 2463 apud
571 2406 720 2461 quos
753 2386 1067 2446 Christiani
1100 2404 1269 2444 verae
1301 2384 1516 2444 Christi
1534 2404 1655 2442 car·
1708 2386 1973 2461 jusmodi
1996 2389 2168 2443 sunt:
2206 2383 2450 2442 Malle-us
2480 2385 2895 2442 haereticorum
2929 2385 2997 2441 de

376 2477 471 2534 nis
515 2482 759 2551 verique
810 2475 1117 2551 sanguinis
1167 2474 1479 2550 participes
1532 2473 1658 2531 fieri
1715 2477 1898 2532 variis
1924 2475 2213 2548 falsorum
2261 2475 2592 2549 doymatum
2636 2473 2787 2531 notis
2831 2479 2995 2548 atque

375 2571 614 2641 queant.
650 2566 763 2623 Pro
798 2583 915 2639 quo
949 2581 1122 2639 opere
1169 2563 1466 2639 duplicem
1517 2581 1658 2638 apo·
1716 2566 1974 2623 censuris
1994 2565 2054 2623 ll.
2077 2565 2152 2635 11,
2186 2563 2249 2620 in
2283 2563 2504 2637 quibus
2536 2561 2814 2620 universa
2846 2579 2994 2637 pene

375 2655 594 2731 logiam
639 2655 716 2713 ib.
767 2664 932 2717 1573
968 2657 1028 2712 et
1069 2662 1228 2716 1575
1265 2652 1532 2727 scripsit;
1585 2652 1659 2710 si·
1721 2656 1985 2712 haereses
2007 2658 2065 2712 et
2087 2650 2823 2729 cognoscendietfugiendi
2844 2650 2996 2710 ratio

375 2745 536 2802 milis
569 2742 906 2820 argumenti
940 2745 1034 2800 est
1065 2743 1133 2799 de
1164 2748 1413 2817 externo,
1448 2741 1659 2798 visibili
1718 2743 2072 2810 continetur,
2105 2743 2227 2800 sive
2249 2741 2563 2799 methodus
2584 2743 2788 2798 contra
2809 2744 2996 2798 sectas

375 2841 426 2891 et
457 2833 815 2890 hierarchice
843 2831 1129 2890 Ecclesiae
1148 2832 1451 2888 catholicae
1469 2849 1658 2887 sacer-

373 2924 531 2980 dotio
577 2921 860 2979 adversus
906 2920 1334 2979 haereticorum
1382 2920 1662 2994 figmenta

377 3030 446 3068 ex
480 3025 525 3068 s.
560 3011 869 3086 Scriptura
899 3013 960 3067 et
1000 3008 1340 3067 orthodoxis
1387 3007 1660 3082 patribus

377 3100 645 3161 assertio,
698 3099 969 3158 Coloniae
1022 3107 1221 3165 15753
1273 3097 1459 3155 oratio
1507 3096 1658 3171 apol.

375 3208 481 3264 pro
515 3187 853 3247 defensione
884 3186 1262 3262 professionis
1303 3185 1661 3244 orthodoxae

374 3278 515 3335 fidei
537 3279 714 3353 juxta
744 3275 1045 3334 decretum
1093 3293 1251 3334 conc.
1298 3273 1436 3331 trid.
1468 3275 1537 3331 de
1568 3275 1659 3330 di-

377 3369 526 3423 vim's
557 3366 885 3440 apostolicis
904 3372 954 3422 et
974 3360 1369 3423 ecclesiastic-is
1388 3364 1657 3420 traditio-

377 3456 543 3514 nibus
573 3455 766 3529 deque
798 3473 1001 3511 earum
1033 3452 1092 3510 vi
1113 3456 1173 3510 et
1188 3452 1556 3521 auctoritate,
1581 3451 1658 3509 ib.

386 3555 540 3607 1581
571 3564 585 3610 ;
635 3544 884 3619 Rettunq
917 3562 969 3603 u.
1005 3539 1347 3617 Erklc'iruny
1377 3542 1476 3598 des
1523 3541 1657 3597 trid.

380 3632 600 3691 concils
655 3643 704 3693 1.
736 3650 855 3691 von
887 3632 1001 3689 den
1046 3630 1437 3689 canonischen
1481 3648 1659 3706 regu·

378 3721 590 3780 lierten
621 3721 746 3779 und
798 3722 1093 3778 bewerten
1136 3720 1410 3777 Biichern
1455 3718 1559 3776 des
1592 3720 1657 3776 A.

380 3811 504 3868 und
535 3812 606 3868 N.
641 3810 703 3867 T.
739 3818 792 3870 2.
827 3809 955 3867 Wie
987 3809 1138 3867 auch
1182 3806 1502 3883 dieselbige
1535 3807 1658 3865 ein-

379 3900 538 3975 glich
571 3899 694 3957 und
728 3898 1020 3956 wahrhaft
1053 3898 1242 3955 sollen
1283 3896 1657 3963 verstanden,

379 3989 603 4046 erklart
639 4008 692 4045 u.
728 3988 1040 4063 ausgelegt
1085 3985 1335 4055 werden,
1372 3985 1449 4056 ib,
1493 3994 1654 4049 1582

380 4078 439 4135 in
472 4090 528 4138 4.
563 4076 849 4135 adversus
883 4076 1122 4133 Martini
1168 4074 1482 4133 Chemnitii
1527 4094 1660 4131 exa-

380 4185 511 4224 men
573 4166 946 4224 decretorum
1022 4164 1252 4222 concilii
1313 4163 1659 4232 tridentini3

1718 2833 1789 2890 ad
1823 2831 2159 2908 arguendos
2191 2836 2251 2889 et
2284 2828 2710 2888 convincendos
2742 2829 2995 2887 haereti-

1717 2939 1815 2979 cos
1850 2921 1957 2978 hoc
1987 2924 2253 2994 tempore
2285 2918 2524 2977 omnino
2567 2918 2897 2977 necessaria
2929 2935 2997 2975 ex

1703 3027 2041 3084 ,paucorum
2061 3008 2302 3084 quidem
2325 3007 2427 3066 sed
2448 3008 2997 3083 probatissimorum

1716 3101 1960 3173 patrum
1990 3096 2557 3172 praescriptionibus
2591 3096 2654 3154 in
2685 3115 2874 3154 unum
2898 3114 2995 3154 ve-

1717 3188 1810 3245 lut
1846 3204 2059 3261 corpus
2093 3188 2384 3262 congesta,
2421 3184 2772 3260 Ingolstadii
2820 3193 2996 3256 1580,

1717 3275 1877 3351 quod
1909 3278 2006 3333 est
2037 3274 2450 3350 compendium
2485 3291 2575 3348 op.
2596 3273 3000 3350 Evanyclischc

1717 3364 2062 3440 Inquisition
2096 3364 2326 3423 wahrer
2370 3361 2496 3420 und
2540 3361 2795 3420 falscber
2841 3361 2995 3418 Reli-

1716 3453 1860 3529 gion
1911 3452 2092 3510 wider
2143 3453 2244 3509 das
2293 3451 2529 3527 gemain
2569 3448 2997 3507 unchristliche

1718 3542 2160 3618 Claggeschray,
2174 3540 2305 3597 dass
2322 3539 2511 3596 schier
2530 3535 2998 3595 niemandsmebr

1716 3631 1932 3689 wissen
1961 3631 2167 3697 kiinte‚
2201 3628 2310 3685 wie
2342 3627 2482 3686 oder
2517 3644 2636 3685 was
2658 3644 2721 3683 er
2740 3625 2998 3701 glauben

1718 3720 1882 3788 solle,
1916 3718 1978 3776 in
2004 3719 2214 3775 Forma
2234 3717 2394 3775 eines
2415 3714 2799 3774 christlichen
2816 3713 2995 3771 Rath-

1719 3809 1951 3883 schlags
1995 3807 2104 3865 wie
2151 3806 2248 3865 ein
2290 3805 2457 3880 jeder
2487 3801 2997 3863 Christenmensch

1717 3898 1911 3955 seines
1963 3896 2261 3953 Glaubens
2311 3894 2516 3951 halber
2557 3892 2820 3969 ganzlich
2867 3909 2997 3948 ver-

1717 3986 1928 4062 gwisst
1958 3984 2083 4042 und
2115 3984 2410 4060 gesichert
2450 3982 2576 4040 sein
2621 3987 2820 4057 moge:
2869 3978 2997 4037 der-

1718 4092 1951 4132 massen
1982 4073 2116 4131 dass
2157 4091 2221 4131 er
2250 4071 2553 4130 leichtlich
2603 4070 2768 4127 nicht
2813 4068 2999 4126 kiinte

1719 4163 2006 4239 betrogen
2037 4163 2191 4220 noch
2221 4160 2494 4220 verfiihrt
2524 4159 2775 4229 werden,
2808 4157 2999 4215 Dilin-

381 4256 688 4330 Cataloffles
717 4255 1134 4311 lia-ereticorum
1161 4252 1212 4309 d.
1236 4253 1272 4309 i.
1293 4252 1661 4327 warhafftige
1718 4272 1826 4328 gae
1873 4250 2206 4328 germanice
2268 4253 2328 4308 et
2373 4249 2556 4306 latine
2608 4256 2772 4309 1573
2832 4246 2894 4302 in
2943 4254 2997 4307 4.

455 4449 492 4513 ¹)
522 4442 676 4496 Haec
691 4446 804 4513 (24)
822 4440 1129 4511 diligenter
1142 4442 1397 4493 recenset
1412 4438 1664 4493 Mederer

378 4516 434 4567 in
464 4514 673 4567 Annal.
702 4512 860 4567 acad.
888 4513 1118 4582 ingolst.
1147 4511 1219 4564 ad
1247 4514 1404 4568 1584.
1446 4511 1527 4565 Cf.
1559 4510 1662 4562 En-

377 4586 585 4656 gerdus
612 4585 785 4639 Acad.
922 4583 1043 4637 olst.
1070 4583 1218 4643 VIII,
1245 4586 1349 4638 113
1375 4599 1475 4641 ss.;
1518 4582 1664 4635 Stre·

1718 4360 1775 4415 p.
1802 4353 1871 4411 1.,
1894 4358 2045 4414 quae
2067 4343 2311 4415 propter
2330 4338 2456 4396 stili
2477 4337 2854 4396 acerbitatem
2875 4334 2998 4391 Ma-

1799 4587 1836 4654 1)
1865 4580 1947 4641 Cf,
1988 4580 2243 4646 Werner‚
2286 4578 2617 4633 Geschichte
2658 4577 2756 4629 der
2797 4575 2999 4644 polem.

379 4657 478 4711 ber
504 4656 851 4712 Kirchenl.1
912 4695 924 4717 ‚
948 4658 1112 4713 1683:
1166 4654 1238 4708 N.
1269 4653 1482 4706 Paulus
1507 4652 1663 4707 hist„
1721 4653 1891 4707 Liter.
1930 4657 1983 4719 4,
2022 4657 2144 4715 364,
2186 4656 2320 4708 580:
2376 4650 2446 4704 N.
2477 4647 2688 4702 Paulus
2729 4645 3000 4715 hist-pol.

382 4729 492 4797 pol.
521 4730 606 4799 El.
635 4726 866 4781 CXXIV
894 4730 1092 4799 (1899),
1120 4729 1433 4783 545—5572
1486 4729 1662 4780 617-—
1719 4724 1802 4778 Bl.
1834 4724 1975 4778 CXV
2005 4728 2204 4794 (1895),
2233 4726 2299 4778 13
2327 4738 2427 4777 ss.:
2480 4720 2772 4772 Aschbach
2802 4717 2998 4772 Gesch.

375 4804 495 4856 627.

1721 4796 1822 4850 der
1847 4795 2075 4848 Wiener
2102 4794 2265 4847 Univ.
2295 4793 2387 4855 111,
2417 4794 2714 4848 166—180.
