3625 5193
448 220 569 275 789

1355 200 1697 267 Paludanus,
1725 201 2028 257 Jansenius
2058 202 2170 273 Ipr.

2954 221 3082 274 790

443 389 626 464 mos);
671 389 913 448 Parisiis
966 398 1126 451 1857
1166 408 1219 449 v.
1267 398 1347 449 20
1397 389 1459 446 in
1510 398 1564 451 8.
1597 406 1732 457 cum
1787 388 1933 446 dum
1966 388 2251 446 librorum
2278 387 2620 463 Scripturae
2651 388 2917 447 ordinem
2950 388 3086 446 vin-

444 478 694 538 Pinedae
727 478 1149 537 commentario
1182 478 1247 535 in
1277 476 1316 534 J
1320 477 1394 535 ob
1425 481 1487 536 et
1500 477 1728 535 Bellar·
1787 477 2011 536 dicavit
2023 476 2062 534 J
2065 494 2286 536 oannes
2306 497 2341 535 v
2359 497 2448 537 an
2479 477 2515 535 d
2534 496 2565 535 e
2581 496 2612 533 r
2630 477 2721 535 Br
2736 496 2768 535 o
2784 495 2816 535 e
2833 477 2919 535 ck
2942 474 3085 558 (Pa-

439 568 588 626 mini
632 568 698 625 in
742 566 1043 636 Psalmos3
1089 567 1308 625 iterum
1351 574 1512 629 1859
1558 585 1611 625 v.
1649 574 1726 629 22
1787 560 2076 648 ludanus)
2089 566 2505 625 Mechlinensis
2521 561 2794 646 ¹),clarus
2805 566 3078 625 ecclesia-

441 657 504 715 in
527 666 582 718 4.
616 674 752 714 cum
774 657 1096 715 memoriali
1104 651 1606 729 praedicatorum,
1627 673 1731 714 seu
1788 657 1928 726 stes,
1969 655 2213 715 Lovanii
2258 655 2474 731 viginti
2518 672 2704 713 annos
2748 655 3085 731 theologiae

444 763 650 805 eorum
698 745 961 821 synopsi,
1008 763 1187 820 quam
1230 745 1277 803 P
1290 762 1321 802 e
1340 764 1372 802 r
1386 764 1417 801 r
1430 762 1463 802 o
1479 763 1521 803 n
1537 762 1569 802 e
1586 788 1600 814 ,
1634 761 1729 802 ca·
1788 746 1851 803 et
1864 745 2125 820 exegesis
2139 744 2453 820 professor,
2472 743 2565 803 bis
2582 741 2636 825 (1
2655 755 2688 806 6
2701 755 2735 804 0
2748 753 2779 806 7
2799 747 2860 802 et
2882 738 3080 824 1615)

441 835 710 903 nonicus,
775 834 1028 893 confecit
1075 833 1382 908 ediditque
1430 833 1508 891 ib.
1571 840 1731 896 1864

441 944 494 981 v.
532 933 566 984 2
604 923 668 981 in
703 933 758 984 4.
807 923 933 982 Hae
977 922 1268 1000 repetitae
1314 922 1604 981 editiones
1637 924 1733 981 sat

441 1014 597 1071 clare
641 1012 853 1071 horum
898 1010 1460 1071 commentariorum
1501 1011 1731 1070 utilita-

442 1106 561 1161 tem
616 1097 990 1181 (praesertim
1036 1119 1144 1178 pro
1191 1096 1730 1179 concionatoribus)

441 1190 842 1249 manifestant.
892 1190 1157 1249 Dicimus
1203 1190 1548 1259 utilitatem,
1596 1208 1730 1247 cum

439 1298 559 1338 non
591 1298 895 1356 negemus,
927 1278 1212 1339 nonnulla
1252 1278 1314 1336 in
1347 1278 1468 1336 illis
1499 1277 1729 1336 deside·

439 1369 578 1439 rari,
612 1367 662 1426 si
694 1369 848 1428 ratio
869 1372 1106 1427 tantum
1127 1368 1418 1426 habeatur
1436 1368 1728 1443 interpre-

441 1458 693 1517 tationis
728 1458 801 1516 al
835 1476 1038 1515 omnes
1058 1456 1531 1517 hermeneuticae
1551 1475 1728 1532 regu·

441 1547 531 1605 las
561 1546 755 1623 rigide
787 1550 1056 1605 exactae:
1105 1545 1360 1603 subinde
1405 1548 1499 1604 est
1544 1545 1728 1621 proli·

440 1637 588 1707 xior,
638 1653 849 1694 sensus
900 1651 1021 1693 non
1066 1633 1350 1704 literaleS,
1398 1633 1726 1710 tropologi-

438 1743 572 1784 cum
606 1725 730 1782 scil.
764 1727 825 1782 et
870 1723 1272 1799 allegoricum,
1306 1723 1502 1782 fusius
1533 1742 1726 1799 perse·

437 1814 664 1888 quitur,
698 1831 817 1872 non
849 1817 1048 1870 tamen
1081 1816 1393 1887 propterea
1414 1817 1573 1870 caret
1594 1831 1725 1887 pre·

439 1903 542 1971 tio,
575 1902 928 1978 praesertim
974 1902 1037 1959 in
1070 1901 1477 1959 Pentateucho
1508 1904 1569 1959 et
1600 1901 1724 1976 epi·

436 1990 606 2051 stolis
627 1990 905 2066 paulinis,
928 2010 1065 2049 nam
1088 1990 1153 2048 in
1173 1990 1263 2048 his
1286 1990 1485 2048 sensui
1505 1990 1726 2047 literali

439 2079 628 2156 magis
677 2079 965 2138 inhaeret.
1033 2078 1185 2137 Hinc
1233 2078 1445 2137 merito
1495 2100 1528 2135 a
1577 2078 1725 2137 viris

438 2168 625 2227 doctis
656 2168 861 2245 magni
896 2168 1249 2227 aestimatur
1264 2164 1327 2247 ¹).

528 2373 669 2426 332.
723 2363 1020 2422 Adversus
1078 2364 1545 2438 protestantium
1596 2379 1720 2420 cor-

433 2453 703 2528 ruptelas
736 2452 1080 2510 testimonia
1113 2457 1492 2510 controversa
1514 2469 1721 2510 secun-

511 2680 547 2744 ι)
580 2675 772 2740 „Nach
799 2676 1189 2744 allgemeiuem
1219 2675 1494 2740 Urtheile,
1529 2676 1725 2732 scribit

432 2745 612 2816 Alzog
638 2746 748 2800 KL.
780 2747 872 2811 11¹,
898 2751 1021 2812 880,
1062 2747 1283 2800 werden
1321 2747 1588 2816 fibrigens
1628 2748 1720 2801 die

433 2817 890 2872 Commentarien
916 2818 1054 2871 iiber
1080 2818 1191 2871 den
1219 2817 1574 2872 Pentateuch
1601 2820 1723 2873 und

434 2890 571 2942 iiber
595 2889 689 2943 die
731 2889 1123 2958 paulinischen
1158 2888 1344 2942 Briefe
1385 2889 1476 2941 fiir
1516 2889 1605 2942 die
1631 2905 1722 2957 ge-

431 2959 776 3031 lungenaten
817 2964 984 3014 untcr
1009 2959 1156 3013 allen
1199 2959 1593 3028 exegetischen
1622 2963 1721 3013 Ar-

431 3031 619 3085 beiten
646 3031 823 3085 dieses
841 3032 1130 3101 gelehrten
1156 3030 1415 3084 Jesuiten
1435 3030 1719 3099 gehalteu.

433 3100 732 3157 Dieselben
749 3103 876 3155 sind
893 3103 1147 3156 ott'enbar
1161 3119 1251 3154 am
1271 3101 1719 3155 meistendurch-

431 3173 1461 3314 tias&tzaffissfiffd‘sssffegizssz
1474 3172 1719 3298 ῗῗᾶῗέιζ

430 3320 698 3384 sti-engen
728 3319 999 3370 Gesetzen
1033 3315 1133 3369 der
1157 3316 1508 3384 Aualegung,
1548 3316 1719 3370 allzu-

429 3389 626 3452 grosser
653 3387 1005 3457 Anhaufung
1043 3387 1195 3441 eines
1237 3388 1323 3440 oft
1362 3404 1466 3456 gar
1505 3405 1575 3440 zu
1601 3391 1718 3440 ent-

431 3458 585 3510 fernt
631 3456 930 3528 liegenden
975 3457 1265 3512 Materiale
1283 3499 1296 3522 ,
1346 3458 1720 3511 ermssdender

434 3527 1000 3597 Weitschweifigkeit
1041 3529 1568 3599 verbaltnissmassig
1614 3545 1717 3582 we-

432 3599 593 3669 niger
619 3600 861 3654 fahlbar.
908 3600 1011 3653 Die
1037 3600 1097 3653 in
1139 3600 1534 3653 siimtntlichen
1562 3601 1718 3653 Com-

430 3670 745 3724 mentarien
769 3671 1092 3725 bekundete
1111 3671 1394 3724 Kenntniss
1423 3672 1519 3725 der
1540 3671 1717 3725 orien-

427 3741 705 3795 talischen
733 3742 1019 3811 Spracheu
1060 3743 1133 3795 ist
1160 3743 1282 3795 eine
1310 3760 1419 3795 nur
1447 3747 1554 3795 ma?
1573 3742 1713 3810 ige.“

430 3811 664 3876 Reinke,
710 3813 800 3866 die
839 3813 1099 3867 messian.
1124 3813 1465 3881 Weisungen
1493 3817 1531 3866 t.
1563 3819 1608 3870 1.
1636 3815 1717 3866 in·

431 3883 575 3937 trod.
616 3888 755 3950 511.
798 3902 853 3952 p.
880 3889 980 3940 30:
1030 3884 1228 3944 „Diese
1268 3885 1718 3938 Commentarien

431 3953 508 4010 (in
537 3958 782 4023 quatuor
807 3956 1115 4025 prophetas
1136 3956 1395 4024 majores)
1424 3956 1550 4009 sind
1575 3957 1717 4010 noch

1789 833 2201 893 universitatis
2247 836 2459 903 rector,
2492 837 2699 908 pastor
2728 832 2802 890 ad
2835 850 2880 892 s.
2911 832 3075 890 Petri

1787 925 1849 981 et
1893 922 2201 997 plebanus,
2247 923 2354 997 qui
2378 922 2622 998 juvenis
2652 924 2854 981 tamen
2886 920 3082 980 haesit

1788 1010 1963 1070 lateri
1996 1011 2295 1070 Michaelis
2325 1011 2453 1087 Baji
2491 1007 2552 1092 (†
2586 1020 2686 1074 20.
2720 1012 2863 1087 Apr.
2908 1019 3072 1074 1630

1788 1121 1841 1169 a,
1876 1100 2088 1158 aetatis
2124 1095 2250 1181 64).
2283 1101 2521 1159 Titulus
2552 1100 2748 1176 operis
2780 1103 2903 1158 est:
2940 1098 3080 1157 Vin-

1787 1190 1973 1247 diciae
2035 1189 2371 1266 theoloyicae
2419 1189 2701 1248 adversus
2750 1188 2915 1248 verbi
2964 1187 3079 1246 Dei

1788 1279 2175 1353 corruptelaS,
2210 1278 2588 1354 Antwerpiae
2628 1286 2791 1342 1620
2839 1296 2894 1338 V.
2932 1285 2966 1339 2
3010 1277 3075 1334 in

1791 1376 1846 1430 8.
1880 1367 1965 1425 De
1995 1368 2427 1443 praerogativis
2457 1368 2513 1425 b.
2548 1367 2808 1445 Virginis
2838 1365 3081 1425 disserit

1786 1456 1850 1514 in
1896 1450 2078 1536 (raro)
2125 1457 2467 1533 apoloqeeico
2509 1458 2794 1525 mar-iano,
2828 1454 3074 1515 Lovanii

1795 1554 1961 1608 1623
2015 1546 2078 1604 in
2114 1555 2169 1607 4.
2222 1544 2475 1620 officina
2513 1546 2843 1621 spiritualis
2888 1546 3075 1604 sacris

1785 1634 2170 1693 concionibus
2190 1635 2486 1710 adaptata,
2510 1635 2589 1693 ib.
2615 1643 2733 1696 162
2745 1644 2799 1696 4.
2817 1668 2902 1677 ——
2921 1634 3070 1692 Pen-

1785 1723 2129 1781 tateuchum
2174 1725 2437 1797 aliosque
2477 1723 2660 1782 libros
2692 1740 2884 1782 sacros
2917 1741 3080 1781 com-

1785 1816 2091 1870 mentatus
2136 1819 2230 1872 est
2276 1812 2582 1871 Cornelius
2624 1812 2663 1870 J
2680 1811 3077 1880 anseniuS,

1783 1902 1877 1957 vir
1908 1901 2119 1959 doctus
2151 1901 2412 1976 quidem,
2448 1901 2551 1959 sed
2585 1901 2967 1960 tristissimae
2988 1900 3072 1958 fa·

1785 2007 1911 2046 mae
1971 1993 2215 2064 propter
2265 1990 2568 2060 haeresim,
2621 1991 2791 2065 cujus
2842 1991 3075 2048 exstitit

1783 2080 1991 2135 auctor
2021 2082 2081 2136 et
2111 2074 2403 2158 parens-¹).
2441 2079 2631 2136 Natus
2651 2079 2701 2136 is
2723 2082 2812 2136 est
2832 2079 3080 2153 Accojae

1859 2322 1898 2389 ¹)
1925 2318 2087 2373 Alius
2113 2319 2184 2372 ab
2209 2336 2273 2373 eo
2314 2321 2400 2371 est
2424 2320 2469 2371 A
2486 2336 2565 2370 rn
2582 2316 2705 2372 old
2723 2335 2760 2370 u
2778 2335 2802 2370 s
2830 2315 3076 2371 Paluda·

1780 2409 1888 2444 nus
1915 2393 1978 2444 O.
2005 2390 2140 2445 Min.
2168 2409 2210 2445 ι·.
2252 2391 2369 2443 obs.
2410 2388 2668 2443 minister
2708 2388 3076 2457 provincialis

1781 2479 1880 2531 per
1903 2461 2247 2522 Flandriam,
2289 2461 2448 2531 cujus
2489 2463 2576 2515 est
2600 2464 2668 2514 tr.
2696 2463 2757 2514 de
2795 2463 2917 2527 foro
2957 2465 3070 2515 ‹mi-

1779 2553 1898 2587 mae
1920 2533 1956 2587 i.
1980 2549 2025 2587 e.
2048 2533 2117 2586 de
2137 2536 2439 2604 potestate,
2468 2549 2641 2603 quam
2662 2531 2876 2592 habent
2894 2547 3075 2586 sacer-

1779 2606 1941 2660 dotes
1965 2605 2293 2661 confessarii
2319 2607 2437 2659 tam
2479 2604 2766 2675 regulares
2791 2621 2964 2671 quam
2991 2619 3072 2656 se-

1779 2677 1999 2731 culares
2017 2679 2184 2747 juxta
2212 2693 2366 2731 conc.
2406 2675 2704 2730 tridentini
2730 2676 2968 2729 formam
2995 2675 3075 2729 le-

1779 2749 1977 2819 gitime
2004 2747 2325 2818 approbati,
2356 2747 2554 2802 Leodii
2580 2751 2735 2804 1636.
2763 2778 2830 2789 —-
2859 2745 2900 2799 F
2918 2763 2993 2799 ra
3010 2765 3071 2798 n·

1778 2837 1807 2872 c
1826 2820 1885 2873 is
1902 2837 1931 2874 c
1948 2838 1984 2873 u
2001 2837 2026 2873 s
2054 2820 2382 2873 Paludanus
2398 2823 2530 2889 (van
2552 2818 2660 2872 den
2678 2818 2912 2888 Broeck)
2934 2820 3072 2870 Ant·

1780 2891 2106 2960 werpiensis
2148 2892 2361 2960 pariter
2389 2892 2452 2951 Ο,
2479 2891 2532 2947 S.
2560 2890 2756 2949 Franc,
2797 2906 2910 2958 reg.
2952 2890 3069 2942 obs.

1777 2961 2035 3014 minister
2072 2962 2436 3031 provincialis
2485 2973 2512 3023 †
2540 2965 2718 3033 1631),
2758 2961 2828 3014 de
2856 2976 2969 3027 quo
2997 2962 3067 3013 cf.

1777 3031 1949 3085 Dirks
1976 3033 2120 3090 Hist.
2149 3032 2236 3089 lit.
2263 3039 2320 3087 et
2346 3034 2479 3089 biob
2504 3032 2646 3102 iogr.
2675 3033 2771 3086 des
2798 3031 2900 3091 FF,
2929 3032 3067 3085 Min.

1777 3103 1847 3157 de
1876 3103 2059 3161 l'Obs.
2086 3151 2099 3164 .
2129 3145 2141 3158 .
2171 3146 2183 3158 .
2213 3121 2281 3158 en
2319 3105 2474 3174 Belg.
2519 3122 2574 3173 p.
2603 3107 2722 3161 151.
2751 3136 2817 3143 -
2845 3103 2925 3156 De
2954 3103 3071 3155 Mi-

1775 3191 1804 3226 c
1824 3174 1859 3226 h
1875 3191 1909 3227 a
1925 3175 1991 3230 el
2008 3191 2037 3228 e
2063 3175 2356 3229 Paludano
2384 3185 2432 3239 (†
2450 3180 2607 3240 1652)
2636 3175 2789 3227 infra
2813 3190 2839 3224 a
2890 3192 3066 3227 emus,

1781 3279 1840 3286 -
1873 3245 1955 3300 De
1982 3247 2109 3300 aliis
2135 3249 2207 3302 cf.
2226 3247 2412 3316 Biogr.
2441 3249 2558 3300 nat.
2589 3245 2655 3298 de
2673 3244 2827 3312 Belg.
2886 3245 2921 3308 ',
2945 3249 3065 3301 507.

1849 3324 1891 3386 ²)
1920 3318 2295 3372 Continentur
2321 3318 2443 3385 ejus
2471 3317 2725 3370 haereses
2752 3315 2785 3368 l.
2815 3313 3068 3383 alioquin

1777 3389 2020 3453 eruditO,
2061 3389 2153 3441 cui
2195 3389 2427 3441 titulus:
2474 3390 2822 3454 Auyustinus,
2848 3385 2909 3438 in
2952 3403 3071 3453 quo

1775 3459 2031 3513 haereses
2046 3459 2263 3528 Pelagii
2281 3463 2475 3512 contra
2487 3461 2725 3511 naturae
2741 3457 3066 3520 sanitatem,

1775 3531 2191 3598 aegritudinem
2212 3571 2224 3593 ,
2290 3529 2625 3582 medicinam
2685 3530 3069 3592 recensentur,

1777 3601 2199 3671 Lovanii1640;
2230 3605 2387 3663 1652,
2414 3600 2500 3653 eui
2522 3599 2756 3654 editioni
2784 3599 3069 3666 adjectum

1776 3674 1862 3726 est
1878 3676 2197 3727 Parallelum
2225 3678 2431 3726 erroris
2447 3674 2865 3726 Massiliensium
2888 3678 2934 3723 et
2958 3675 3067 3738 opi-

1777 3747 1949 3797 nionis
1976 3746 2309 3812 quorundam
2336 3746 2703 3798 recentiorum.
2740 3740 2957 3794 Ultimo
2986 3745 3069 3794 ta·

1775 3832 1904 3868 meu
1931 3815 2081 3869 vitae
2103 3831 2236 3868 suae
2261 3814 2504 3869 instanti
2530 3813 2871 3868 declaravit:
2904 3812 3069 3874 ..Sen-

1776 3886 1859 3939 tio
1887 3886 2103 3953 aliquid
2123 3885 2434 3942 difficulter
2452 3886 2665 3940 mutari
2692 3901 2884 3954 posse:
2914 3884 2961 3937 si
2987 3889 3067 3937 ta-

1776 3973 1906 4011 men
1933 3973 2165 4011 romana
2205 3957 2362 4011 sedes
2407 3956 2625 4025 aliquid
2668 3955 2881 4010 mutari
2909 3956 3069 4019 velit,

430 4025 537 4077 mit
556 4026 781 4079 Nutzen
800 4044 869 4079 zu
890 4027 1261 4095 gebrauchen‚
1284 4026 1358 4079 da
1378 4027 1475 4079 der
1499 4028 1718 4080 Verfas·
1774 4046 1896 4081 sum
1926 4029 2190 4082 obediens
2218 4028 2386 4098 filine,
2413 4032 2471 4084 et
2494 4028 2655 4082 illius
2682 4027 2979 4092 Ecclesiae,
3008 4027 3069 4080 in

429 4113 516 4147 ser
537 4096 697 4149 nicht
717 4097 837 4150 blos
864 4096 1029 4151 einen
1049 4101 1257 4167 groflen
1275 4097 1606 4150 Scharfsinn
1628 4099 1717 4151 be·
1774 4116 1888 4167 qua
1914 4116 2134 4168 semper
2171 4098 2286 4153 vixi
2329 4118 2507 4170 usque
2550 4100 2623 4154 ad
2665 4101 2817 4153 hunc
2858 4099 3065 4151 lectum

428 4170 538 4230 sass,
567 4168 810 4221 sondern
838 4169 980 4222 auch
1008 4170 1099 4224 die
1138 4169 1403 4222 t'.iiheren
1431 4169 1713 4237 Ausleger‚
1774 4171 1986 4234 mortis,
2025 4171 2289 4225 obediens
2318 4190 2459 4227 sum.
2502 4172 2587 4225 Ita
2614 4173 2901 4240 postrema
2942 4186 3071 4223 mea

431 4237 781 4291 namentlich
798 4239 1043 4294 Sanchez
1059 4240 1179 4294 und
1204 4239 1296 4292 die
1312 4239 1718 4294 Kirchenvater
1774 4241 2042 4295 voluntas
2082 4244 2184 4296 est.
2223 4244 2431 4298 Actum
2468 4249 2516 4300 6.
2547 4242 2901 4310 Maji1638.··
2948 4239 3067 4292 Hoc

430 4306 618 4386 tleissig
659 4309 891 4363 benutzt
914 4312 1030 4365 hat.
1079 4313 1141 4364 In
1171 4310 1553 4380 sprachlicher
1580 4311 1715 4365 Hin·
1773 4314 1860 4366 est
1883 4312 2028 4367 illud
2054 4330 2211 4382 opus,
2254 4314 2408 4383 quod
2437 4317 2523 4368 tot
2566 4313 2855 4365 turbarum
2894 4327 3064 4363 causa

430 4377 577 4430 sicht
604 4378 677 4431 ist
715 4379 897 4435 dieser
923 4381 1283 4437 Commentar
1323 4381 1482 4435 nicht
1508 4383 1714 4436 ausrei·
1773 4383 2014 4444 exstitit,
2040 4384 2373 4439 damnatum
2394 4387 2468 4439 ab
2490 4384 2715 4438 Urbano
2736 4382 2881 4435 Vlll.
2909 4381 3058 4433 bulla

427 4447 637 4505 chend:
681 4451 829 4504 auch
866 4454 1089 4508 enthalt
1121 4471 1180 4508 er
1219 4457 1486 4508 manches
1527 4453 1714 4508 Unno·
1772 4459 1821 4511 6.
1852 4454 2037 4508 Martii
2066 4461 2221 4518 1641,
2250 4459 2307 4509 et
2332 4473 2360 4508 e
2389 4472 2503 4523 quo
2531 4456 2901 4522 depromptae
2929 4455 3071 4505 sunt

428 4519 587 4590 thige
614 4519 675 4573 in
703 4521 811 4575 den
840 4525 1153 4593 typischen,
1194 4524 1571 4579 moralischen
1598 4526 1716 4578 und
1772 4526 2241 4580 notissimaeillae
2254 4527 2512 4596 quinque
2525 4524 2937 4596 propositiones
2949 4541 3066 4577 sae·

427 4592 1372 4722 issgss‘iiffifflizssssissssifffiiffil
1385 4595 1715 4736 “3223‘35333
1770 4597 2224 4737 gusfflmffi
2245 4595 3060 4724 P‘ffi335ss233t930053ffi33}

452 4701 465 4715 .
525 4701 539 4714 .
608 4704 620 4716 .
776 4685 788 4732 ;
879 4707 891 4720 .
1275 4708 1287 4721 .
1375 4709 1387 4721 .
1702 4707 1714 4721 .
1848 4706 1861 4720 .
2153 4690 2185 4725 ο
2241 4690 2252 4726 ;
2758 4709 2769 4721 .
2884 4707 2896 4720 .
3050 4706 3063 4719 .

429 4738 728 4788 comment.
755 4734 828 4787 du
857 4737 927 4792 N.
955 4737 1015 4792 T.
1045 4755 1090 4795 c,
1115 4745 1206 4797 44.

1785 4742 1924 4795 1656
1963 4744 2021 4793 et
2064 4744 2145 4796 15.
2176 4739 2332 4794 Febr.
2378 4745 2531 4804 1664,
2572 4757 2606 4794 a
2645 4737 2931 4794 Clemente
2969 4738 3066 4792 XI.
