<?xml version="1.0" encoding="UTF-8"?>
<!DOCTYPE html PUBLIC "-//W3C//DTD XHTML 1.0 Transitional//EN"
    "http://www.w3.org/TR/xhtml1/DTD/xhtml1-transitional.dtd">
<html xmlns="http://www.w3.org/1999/xhtml" xml:lang="en" lang="en">
 <head>
  <title>
</title>
<meta http-equiv="Content-Type" content="text/html;charset=utf-8" />
  <meta name='ocr-system' content='tesseract 3.04.00' />
  <meta name='ocr-capabilities' content='ocr_page ocr_carea ocr_par ocr_line ocrx_word'/>
</head>
<body>
  <div class='ocr_page' id='page_1' title='image "./nomenclatorlite11hurtgoog_0564.png"; bbox 0 0 3625 5193; ppageno 0'>
   <div class='ocr_carea' id='block_1_1' title="bbox 979 234 2857 305">
    <p class='ocr_par' dir='ltr' id='par_1_1' title="bbox 979 234 2857 305">
     <span class='ocr_line' id='line_1_1' title="bbox 979 234 2857 305; baseline -0.001 -13"><span class='ocrx_word' id='word_1_1' title='bbox 979 240 1349 293; x_wconf 83' lang='lat'>1641—1663.</span> <span class='ocrx_word' id='word_1_2' title='bbox 1381 234 1633 289; x_wconf 76' lang='lat' dir='ltr'><strong>Historia</strong></span> <span class='ocrx_word' id='word_1_3' title='bbox 1658 234 1787 289; x_wconf 88' lang='lat' dir='ltr'>eccl.</span> <span class='ocrx_word' id='word_1_4' title='bbox 1812 238 1961 305; x_wconf 89' lang='lat' dir='ltr'>part.</span> <span class='ocrx_word' id='word_1_5' title='bbox 1989 237 2267 303; x_wconf 78' lang='lat' dir='ltr'>Inchofer,</span> <span class='ocrx_word' id='word_1_6' title='bbox 2293 236 2511 302; x_wconf 83' lang='lat' dir='ltr'>Alford,</span> <span class='ocrx_word' id='word_1_7' title='bbox 2540 236 2726 291; x_wconf 86' lang='lat' dir='ltr'>Smith</span> <span class='ocrx_word' id='word_1_8' title='bbox 2754 240 2857 290; x_wconf 87' lang='lat' dir='ltr'>etc.</span> 
     </span>
    </p>
   </div>
   <div class='ocr_carea' id='block_1_2' title="bbox 604 254 3225 309">
    <p class='ocr_par' dir='ltr' id='par_1_2' title="bbox 604 254 3225 309">
     <span class='ocr_line' id='line_1_2' title="bbox 604 254 3225 309; baseline -0 0"><span class='ocrx_word' id='word_1_9' title='bbox 604 257 763 309; x_wconf 92' lang='grc'><strong>1111</strong></span> <span class='ocrx_word' id='word_1_10' title='bbox 3059 254 3225 308; x_wconf 87' lang='grc'><strong>1112</strong></span> 
     </span>
    </p>
   </div>
   <div class='ocr_carea' id='block_1_3' title="bbox 590 418 3233 1739">
    <p class='ocr_par' dir='ltr' id='par_1_3' title="bbox 590 418 3233 1739">
     <span class='ocr_line' id='line_1_3' title="bbox 592 418 3228 502; baseline 0 -20"><span class='ocrx_word' id='word_1_11' title='bbox 592 424 899 482; x_wconf 71' lang='lat' dir='ltr'>latinitatis</span> <span class='ocrx_word' id='word_1_12' title='bbox 927 442 1146 493; x_wconf 78' lang='lat' dir='ltr'>sacrae,</span> <span class='ocrx_word' id='word_1_13' title='bbox 1179 423 1481 483; x_wconf 74' lang='lat' dir='ltr'>Messanae</span> <span class='ocrx_word' id='word_1_14' title='bbox 1524 430 1683 486; x_wconf 88' lang='grc'><strong>1635</strong></span> <span class='ocrx_word' id='word_1_15' title='bbox 1707 444 1720 492; x_wconf 89' lang='grc'><strong>;</strong></span> <span class='ocrx_word' id='word_1_16' title='bbox 1750 424 1877 481; x_wconf 83' lang='lat' dir='ltr'>Mo·</span> <span class='ocrx_word' id='word_1_17' title='bbox 1932 424 2062 500; x_wconf 89' lang='lat' dir='ltr'>prie</span> <span class='ocrx_word' id='word_1_18' title='bbox 2094 423 2433 482; x_wconf 82' lang='lat' dir='ltr'>Griffith</span> <span class='ocrx_word' id='word_1_19' title='bbox 2465 418 2809 502; x_wconf 78' lang='lat' dir='ltr'>(aliquoties</span> <span class='ocrx_word' id='word_1_20' title='bbox 2831 423 3074 481; x_wconf 90' lang='lat' dir='ltr'>nomine</span> <span class='ocrx_word' id='word_1_21' title='bbox 3092 426 3228 482; x_wconf 88' lang='lat' dir='ltr'>ute-</span> 
     </span>
     <span class='ocr_line' id='line_1_4' title="bbox 593 506 3230 591; baseline 0 -20"><span class='ocrx_word' id='word_1_22' title='bbox 593 511 792 571; x_wconf 87' lang='lat' dir='ltr'>nachii</span> <span class='ocrx_word' id='word_1_23' title='bbox 849 522 1029 577; x_wconf 87' lang='lat'>1638.</span> <span class='ocrx_word' id='word_1_24' title='bbox 1081 512 1293 571; x_wconf 82' lang='lat' dir='ltr'>Notior</span> <span class='ocrx_word' id='word_1_25' title='bbox 1336 514 1538 570; x_wconf 86' lang='lat' dir='ltr'>tamen</span> <span class='ocrx_word' id='word_1_26' title='bbox 1588 512 1739 571; x_wconf 86' lang='lat' dir='ltr'>forte</span> <span class='ocrx_word' id='word_1_27' title='bbox 1787 515 1881 571; x_wconf 88' lang='lat' dir='ltr'>est</span> <span class='ocrx_word' id='word_1_28' title='bbox 1932 514 2112 571; x_wconf 87' lang='lat' dir='ltr'>batur</span> <span class='ocrx_word' id='word_1_29' title='bbox 2173 512 2212 572; x_wconf 89' lang='lat' dir='ltr'><strong>J</strong></span> <span class='ocrx_word' id='word_1_30' title='bbox 2216 511 2424 570; x_wconf 87' lang='lat' dir='ltr'>oannis</span> <span class='ocrx_word' id='word_1_31' title='bbox 2486 511 2624 569; x_wconf 86' lang='lat' dir='ltr'>Flo</span> <span class='ocrx_word' id='word_1_32' title='bbox 2644 530 2678 569; x_wconf 95' lang='lat' dir='ltr'>o</span> <span class='ocrx_word' id='word_1_33' title='bbox 2697 506 2760 591; x_wconf 90' lang='lat' dir='ltr'>d)</span> <span class='ocrx_word' id='word_1_34' title='bbox 2829 511 3230 571; x_wconf 88' lang='lat' dir='ltr'>Londinensis</span> 
     </span>
     <span class='ocr_line' id='line_1_5' title="bbox 593 598 3233 676; baseline 0.001 -19"><span class='ocrx_word' id='word_1_35' title='bbox 593 598 925 661; x_wconf 86' lang='lat' dir='ltr'>Inchofer</span> <span class='ocrx_word' id='word_1_36' title='bbox 953 606 1198 676; x_wconf 89' lang='lat' dir='ltr'>propter</span> <span class='ocrx_word' id='word_1_37' title='bbox 1217 601 1566 674; x_wconf 73' lang='lat' dir='ltr'>LEpistolae</span> <span class='ocrx_word' id='word_1_38' title='bbox 1586 602 1632 659; x_wconf 87' lang='lat' dir='ltr'>b.</span> <span class='ocrx_word' id='word_1_39' title='bbox 1647 601 1880 659; x_wconf 76' lang='lat' dir='ltr'>Mariae</span> <span class='ocrx_word' id='word_1_40' title='bbox 1934 622 1991 661; x_wconf 92' lang='lat' dir='ltr'>n.</span> <span class='ocrx_word' id='word_1_41' title='bbox 2050 610 2212 665; x_wconf 86' lang='lat'>1587</span> <span class='ocrx_word' id='word_1_42' title='bbox 2238 645 2252 671; x_wconf 92' lang='lat'>,</span> <span class='ocrx_word' id='word_1_43' title='bbox 2316 603 2599 660; x_wconf 87' lang='lat' dir='ltr'>strenuus</span> <span class='ocrx_word' id='word_1_44' title='bbox 2649 600 2957 675; x_wconf 87' lang='lat' dir='ltr'>operarius</span> <span class='ocrx_word' id='word_1_45' title='bbox 3009 601 3075 660; x_wconf 89' lang='lat' dir='ltr'>in</span> <span class='ocrx_word' id='word_1_46' title='bbox 3128 600 3233 659; x_wconf 87' lang='lat' dir='ltr'>illa</span> 
     </span>
     <span class='ocr_line' id='line_1_6' title="bbox 608 689 3230 767; baseline 0 -20"><span class='ocrx_word' id='word_1_47' title='bbox 608 689 668 747; x_wconf 82' lang='lat' dir='ltr'>V.</span> <span class='ocrx_word' id='word_1_48' title='bbox 700 691 779 749; x_wconf 86' lang='lat' dir='ltr'>ad</span> <span class='ocrx_word' id='word_1_49' title='bbox 811 690 1203 749; x_wconf 73' lang='lat' dir='ltr'>Messanenses</span> <span class='ocrx_word' id='word_1_50' title='bbox 1231 692 1444 749; x_wconf 72' lang='lat' dir='ltr'>veritas</span> <span class='ocrx_word' id='word_1_51' title='bbox 1492 691 1782 748; x_wconf 72' lang='lat' dir='ltr'>vindicata</span> <span class='ocrx_word' id='word_1_52' title='bbox 1814 708 1880 748; x_wconf 88' lang='lat' dir='ltr'>ac</span> <span class='ocrx_word' id='word_1_53' title='bbox 1935 691 2105 750; x_wconf 81' lang='lat' dir='ltr'>vinea</span> <span class='ocrx_word' id='word_1_54' title='bbox 2126 710 2234 767; x_wconf 91' lang='lat' dir='ltr'>per</span> <span class='ocrx_word' id='word_1_55' title='bbox 2267 699 2346 752; x_wconf 88' lang='grc'>20</span> <span class='ocrx_word' id='word_1_56' title='bbox 2370 706 2576 761; x_wconf 83' lang='lat' dir='ltr'>annos,</span> <span class='ocrx_word' id='word_1_57' title='bbox 2609 706 2898 748; x_wconf 88' lang='lat' dir='ltr'>carcerem</span> <span class='ocrx_word' id='word_1_58' title='bbox 2926 689 3110 748; x_wconf 91' lang='lat' dir='ltr'>etiam</span> <span class='ocrx_word' id='word_1_59' title='bbox 3129 708 3230 748; x_wconf 86' lang='lat' dir='ltr'>ex-</span> 
     </span>
     <span class='ocr_line' id='line_1_7' title="bbox 593 773 3231 860; baseline 0.001 -24"><span class='ocrx_word' id='word_1_60' title='bbox 593 779 866 854; x_wconf 88' lang='lat' dir='ltr'>plurimis</span> <span class='ocrx_word' id='word_1_61' title='bbox 954 779 1434 855; x_wconf 78' lang='lat' dir='ltr'>gravissimorum</span> <span class='ocrx_word' id='word_1_62' title='bbox 1523 779 1879 853; x_wconf 87' lang='lat' dir='ltr'>scriptorum</span> <span class='ocrx_word' id='word_1_63' title='bbox 1936 783 2142 856; x_wconf 87' lang='lat' dir='ltr'>pertus</span> <span class='ocrx_word' id='word_1_64' title='bbox 2175 774 2239 860; x_wconf 90' lang='lat'>(†</span> <span class='ocrx_word' id='word_1_65' title='bbox 2278 788 2374 841; x_wconf 93' lang='lat'>11.</span> <span class='ocrx_word' id='word_1_66' title='bbox 2396 780 2547 853; x_wconf 86' lang='lat' dir='ltr'>Aug.</span> <span class='ocrx_word' id='word_1_67' title='bbox 2577 773 2789 858; x_wconf 83' lang='lat'>1652).</span> <span class='ocrx_word' id='word_1_68' title='bbox 2822 777 3057 837; x_wconf 86' lang='lat' dir='ltr'>Prodiit</span> <span class='ocrx_word' id='word_1_69' title='bbox 3079 796 3231 854; x_wconf 89' lang='lat' dir='ltr'>opus</span> 
     </span>
     <span class='ocr_line' id='line_1_8' title="bbox 590 866 3231 944; baseline -0.001 -16"><span class='ocrx_word' id='word_1_70' title='bbox 590 868 953 928; x_wconf 76' lang='lat' dir='ltr'>testimoniis</span> <span class='ocrx_word' id='word_1_71' title='bbox 998 871 1061 926; x_wconf 89' lang='lat' dir='ltr'>et</span> <span class='ocrx_word' id='word_1_72' title='bbox 1091 866 1426 926; x_wconf 78' lang='lat' dir='ltr'>rationibus</span> <span class='ocrx_word' id='word_1_73' title='bbox 1457 868 1688 927; x_wconf 86' lang='lat' dir='ltr'>erudite</span> <span class='ocrx_word' id='word_1_74' title='bbox 1738 868 1878 926; x_wconf 86' lang='lat' dir='ltr'>illu·</span> <span class='ocrx_word' id='word_1_75' title='bbox 1936 869 2292 944; x_wconf 88' lang='lat' dir='ltr'>inscriptum</span> <span class='ocrx_word' id='word_1_76' title='bbox 2332 868 2476 940; x_wconf 81' lang='lat' dir='ltr'>fides</span> <span class='ocrx_word' id='word_1_77' title='bbox 2519 869 2681 944; x_wconf 74' lang='lat' dir='ltr'>reqia</span> <span class='ocrx_word' id='word_1_78' title='bbox 2727 868 3055 926; x_wconf 56' lang='lat' dir='ltr'>britannica</span> <span class='ocrx_word' id='word_1_79' title='bbox 3104 868 3231 927; x_wconf 79' lang='lat' dir='ltr'>sive</span> 
     </span>
     <span class='ocr_line' id='line_1_9' title="bbox 594 955 3229 1032; baseline 0 -17"><span class='ocrx_word' id='word_1_80' title='bbox 594 960 800 1027; x_wconf 86' lang='lat' dir='ltr'>strata,</span> <span class='ocrx_word' id='word_1_81' title='bbox 851 957 1155 1016; x_wconf 75' lang='lat' dir='ltr'>Messanae</span> <span class='ocrx_word' id='word_1_82' title='bbox 1212 965 1373 1019; x_wconf 88' lang='grc'><strong>1629</strong></span> <span class='ocrx_word' id='word_1_83' title='bbox 1421 956 1485 1014; x_wconf 89' lang='lat' dir='ltr'>in</span> <span class='ocrx_word' id='word_1_84' title='bbox 1529 956 1598 1028; x_wconf 88' lang='lat' dir='ltr'>f.,</span> <span class='ocrx_word' id='word_1_85' title='bbox 1650 956 1715 1016; x_wconf 91' lang='lat' dir='ltr'>in</span> <span class='ocrx_word' id='word_1_86' title='bbox 1759 974 1879 1032; x_wconf 90' lang='lat' dir='ltr'>quo</span> <span class='ocrx_word' id='word_1_87' title='bbox 1935 957 2179 1017; x_wconf 89' lang='lat' dir='ltr'>annales</span> <span class='ocrx_word' id='word_1_88' title='bbox 2223 955 2504 1016; x_wconf 85' lang='lat' dir='ltr'>eeclesiae</span> <span class='ocrx_word' id='word_1_89' title='bbox 2548 955 2932 1025; x_wconf 89' lang='lat' dir='ltr'>britannicae,</span> <span class='ocrx_word' id='word_1_90' title='bbox 2981 956 3088 1014; x_wconf 90' lang='lat' dir='ltr'>ubi</span> <span class='ocrx_word' id='word_1_91' title='bbox 3119 974 3229 1030; x_wconf 90' lang='lat' dir='ltr'>po-</span> 
     </span>
     <span class='ocr_line' id='line_1_10' title="bbox 594 1044 3231 1122; baseline -0 -18"><span class='ocrx_word' id='word_1_92' title='bbox 594 1048 801 1104; x_wconf 88' lang='lat' dir='ltr'>tuetur</span> <span class='ocrx_word' id='word_1_93' title='bbox 843 1045 1010 1104; x_wconf 88' lang='lat' dir='ltr'>illius</span> <span class='ocrx_word' id='word_1_94' title='bbox 1041 1065 1131 1121; x_wconf 91' lang='lat' dir='ltr'>ep.</span> <span class='ocrx_word' id='word_1_95' title='bbox 1171 1044 1606 1122; x_wconf 87' lang='lat' dir='ltr'>genuinitatem</span> <span class='ocrx_word' id='word_1_96' title='bbox 1651 1048 1724 1104; x_wconf 92' lang='lat' dir='ltr'>ut</span> <span class='ocrx_word' id='word_1_97' title='bbox 1753 1064 1878 1105; x_wconf 88' lang='lat' dir='ltr'>cer·</span> <span class='ocrx_word' id='word_1_98' title='bbox 1935 1046 2236 1105; x_wconf 81' lang='lat' dir='ltr'>tissimum</span> <span class='ocrx_word' id='word_1_99' title='bbox 2281 1045 2708 1104; x_wconf 82' lang='lat' dir='ltr'>Britannorum</span> <span class='ocrx_word' id='word_1_100' title='bbox 2757 1044 3049 1104; x_wconf 87' lang='lat' dir='ltr'>catholica</span> <span class='ocrx_word' id='word_1_101' title='bbox 3065 1088 3078 1115; x_wconf 92' lang='lat'><strong><em>‚</em></strong></span> <span class='ocrx_word' id='word_1_102' title='bbox 3133 1063 3231 1103; x_wconf 91' lang='lat' dir='ltr'>ro-</span> 
     </span>
     <span class='ocr_line' id='line_1_11' title="bbox 592 1131 3231 1211; baseline -0 -18"><span class='ocrx_word' id='word_1_103' title='bbox 592 1138 731 1193; x_wconf 90' lang='lat' dir='ltr'>tam.</span> <span class='ocrx_word' id='word_1_104' title='bbox 765 1134 920 1194; x_wconf 85' lang='lat' dir='ltr'>Hinc</span> <span class='ocrx_word' id='word_1_105' title='bbox 953 1154 988 1193; x_wconf 90' lang='lat' dir='ltr'>a</span> <span class='ocrx_word' id='word_1_106' title='bbox 1025 1134 1483 1211; x_wconf 80' lang='lat' dir='ltr'>congregatione</span> <span class='ocrx_word' id='word_1_107' title='bbox 1513 1133 1731 1192; x_wconf 90' lang='lat' dir='ltr'>Indicis</span> <span class='ocrx_word' id='word_1_108' title='bbox 1765 1135 1879 1193; x_wconf 85' lang='lat' dir='ltr'>Ro-</span> <span class='ocrx_word' id='word_1_109' title='bbox 1936 1154 2110 1194; x_wconf 88' lang='lat' dir='ltr'>mana</span> <span class='ocrx_word' id='word_1_110' title='bbox 2141 1137 2202 1193; x_wconf 89' lang='lat' dir='ltr'>et</span> <span class='ocrx_word' id='word_1_111' title='bbox 2245 1131 2572 1193; x_wconf 85' lang='lat' dir='ltr'>orthodoxa</span> <span class='ocrx_word' id='word_1_112' title='bbox 2614 1133 2760 1191; x_wconf 87' lang='lat' dir='ltr'>fides</span> <span class='ocrx_word' id='word_1_113' title='bbox 2806 1151 2915 1210; x_wconf 91' lang='lat' dir='ltr'>per</span> <span class='ocrx_word' id='word_1_114' title='bbox 2959 1134 3231 1209; x_wconf 90' lang='lat' dir='ltr'>quinque</span> 
     </span>
     <span class='ocr_line' id='line_1_12' title="bbox 593 1223 3231 1300; baseline 0 -19"><span class='ocrx_word' id='word_1_115' title='bbox 593 1242 753 1282; x_wconf 90' lang='lat' dir='ltr'>mam</span> <span class='ocrx_word' id='word_1_116' title='bbox 771 1224 1010 1293; x_wconf 88' lang='lat' dir='ltr'>citatus,</span> <span class='ocrx_word' id='word_1_117' title='bbox 1044 1228 1116 1283; x_wconf 92' lang='lat' dir='ltr'>ut</span> <span class='ocrx_word' id='word_1_118' title='bbox 1147 1223 1437 1282; x_wconf 86' lang='lat' dir='ltr'>rationem</span> <span class='ocrx_word' id='word_1_119' title='bbox 1457 1224 1552 1281; x_wconf 86' lang='lat' dir='ltr'>sui</span> <span class='ocrx_word' id='word_1_120' title='bbox 1586 1223 1728 1282; x_wconf 88' lang='lat' dir='ltr'>libri</span> <span class='ocrx_word' id='word_1_121' title='bbox 1745 1223 1879 1282; x_wconf 91' lang='lat' dir='ltr'>red·</span> <span class='ocrx_word' id='word_1_122' title='bbox 1934 1224 2128 1300; x_wconf 89' lang='lat' dir='ltr'>prima</span> <span class='ocrx_word' id='word_1_123' title='bbox 2158 1224 2355 1282; x_wconf 89' lang='lat' dir='ltr'>secula</span> <span class='ocrx_word' id='word_1_124' title='bbox 2387 1223 2449 1282; x_wconf 90' lang='lat' dir='ltr'>et</span> <span class='ocrx_word' id='word_1_125' title='bbox 2477 1241 2688 1298; x_wconf 85' lang='lat' dir='ltr'>regum</span> <span class='ocrx_word' id='word_1_126' title='bbox 2723 1225 2784 1281; x_wconf 91' lang='lat' dir='ltr'>et</span> <span class='ocrx_word' id='word_1_127' title='bbox 2813 1224 3231 1298; x_wconf 83' lang='lat' dir='ltr'>Augustorum</span> 
     </span>
     <span class='ocr_line' id='line_1_13' title="bbox 594 1310 3229 1387; baseline 0 -17"><span class='ocrx_word' id='word_1_128' title='bbox 594 1313 778 1382; x_wconf 90' lang='lat' dir='ltr'>deret,</span> <span class='ocrx_word' id='word_1_129' title='bbox 827 1313 974 1371; x_wconf 88' lang='lat' dir='ltr'>scite</span> <span class='ocrx_word' id='word_1_130' title='bbox 1015 1331 1077 1371; x_wconf 91' lang='lat' dir='ltr'>se</span> <span class='ocrx_word' id='word_1_131' title='bbox 1125 1311 1391 1370; x_wconf 85' lang='lat' dir='ltr'>defendit</span> <span class='ocrx_word' id='word_1_132' title='bbox 1429 1312 1761 1387; x_wconf 86' lang='lat' dir='ltr'>effecitque,</span> <span class='ocrx_word' id='word_1_133' title='bbox 1808 1316 1881 1371; x_wconf 88' lang='lat' dir='ltr'>ut</span> <span class='ocrx_word' id='word_1_134' title='bbox 1936 1313 2104 1371; x_wconf 87' lang='lat' dir='ltr'>factis</span> <span class='ocrx_word' id='word_1_135' title='bbox 2123 1316 2186 1371; x_wconf 90' lang='lat' dir='ltr'>et</span> <span class='ocrx_word' id='word_1_136' title='bbox 2204 1312 2455 1371; x_wconf 89' lang='lat' dir='ltr'>aliorum</span> <span class='ocrx_word' id='word_1_137' title='bbox 2476 1315 2816 1369; x_wconf 88' lang='lat' dir='ltr'>sanctorum</span> <span class='ocrx_word' id='word_1_138' title='bbox 2836 1310 3017 1369; x_wconf 89' lang='lat' dir='ltr'>rebus</span> <span class='ocrx_word' id='word_1_139' title='bbox 3047 1330 3081 1370; x_wconf 90' lang='lat' dir='ltr'>e</span> <span class='ocrx_word' id='word_1_140' title='bbox 3102 1311 3229 1371; x_wconf 80' lang='lat' dir='ltr'>vir-</span> 
     </span>
     <span class='ocr_line' id='line_1_14' title="bbox 595 1396 3223 1481; baseline 0 -21"><span class='ocrx_word' id='word_1_141' title='bbox 595 1401 804 1460; x_wconf 88' lang='lat' dir='ltr'>saltem</span> <span class='ocrx_word' id='word_1_142' title='bbox 852 1402 1144 1460; x_wconf 88' lang='lat' dir='ltr'>editiones</span> <span class='ocrx_word' id='word_1_143' title='bbox 1194 1401 1469 1460; x_wconf 89' lang='lat' dir='ltr'>nonnihil</span> <span class='ocrx_word' id='word_1_144' title='bbox 1525 1401 1881 1460; x_wconf 76' lang='lat' dir='ltr'>immutatae</span> <span class='ocrx_word' id='word_1_145' title='bbox 1935 1405 2067 1462; x_wconf 89' lang='lat' dir='ltr'>tute</span> <span class='ocrx_word' id='word_1_146' title='bbox 2098 1400 2285 1478; x_wconf 87' lang='lat' dir='ltr'>gestis</span> <span class='ocrx_word' id='word_1_147' title='bbox 2319 1397 2485 1481; x_wconf 90' lang='lat' dir='ltr'>(stilo</span> <span class='ocrx_word' id='word_1_148' title='bbox 2514 1402 2715 1459; x_wconf 88' lang='lat' dir='ltr'>tamen</span> <span class='ocrx_word' id='word_1_149' title='bbox 2763 1400 2942 1458; x_wconf 89' lang='lat' dir='ltr'>nimis</span> <span class='ocrx_word' id='word_1_150' title='bbox 2973 1396 3223 1479; x_wconf 85' lang='lat' dir='ltr'>diffuso)</span> 
     </span>
     <span class='ocr_line' id='line_1_15' title="bbox 594 1485 3223 1570; baseline 0.001 -24"><span class='ocrx_word' id='word_1_151' title='bbox 594 1490 1088 1565; x_wconf 84' lang='lat' dir='ltr'>permitterentur</span> <span class='ocrx_word' id='word_1_152' title='bbox 1102 1485 1167 1570; x_wconf 81' lang='grc' dir='ltr'>ι).</span> <span class='ocrx_word' id='word_1_153' title='bbox 1191 1490 1283 1548; x_wconf 85' lang='lat' dir='ltr'>Ita</span> <span class='ocrx_word' id='word_1_154' title='bbox 1299 1489 1677 1565; x_wconf 85' lang='lat' dir='ltr'>permittitur</span> <span class='ocrx_word' id='word_1_155' title='bbox 1697 1490 1880 1548; x_wconf 85' lang='lat' dir='ltr'>editio</span> <span class='ocrx_word' id='word_1_156' title='bbox 1936 1491 2225 1550; x_wconf 88' lang='lat' dir='ltr'>asseritur</span> <span class='ocrx_word' id='word_1_157' title='bbox 2254 1494 2298 1548; x_wconf 90' lang='lat' dir='ltr'>t.</span> <span class='ocrx_word' id='word_1_158' title='bbox 2339 1500 2390 1559; x_wconf 92' lang='grc'>1,</span> <span class='ocrx_word' id='word_1_159' title='bbox 2422 1488 2625 1548; x_wconf 88' lang='lat' dir='ltr'>Leodii</span> <span class='ocrx_word' id='word_1_160' title='bbox 2665 1497 2857 1559; x_wconf 81' lang='lat'>16633</span> <span class='ocrx_word' id='word_1_161' title='bbox 2888 1490 3029 1561; x_wconf 74' lang='lat' dir='ltr'>fides</span> <span class='ocrx_word' id='word_1_162' title='bbox 3059 1491 3223 1565; x_wconf 59' lang='lat' dir='ltr'>regia</span> 
     </span>
     <span class='ocr_line' id='line_1_16' title="bbox 596 1577 3231 1656; baseline 0 -21"><span class='ocrx_word' id='word_1_163' title='bbox 596 1578 750 1635; x_wconf 86' lang='lat' dir='ltr'>facta</span> <span class='ocrx_word' id='word_1_164' title='bbox 782 1577 1033 1636; x_wconf 87' lang='lat' dir='ltr'>Viterbii</span> <span class='ocrx_word' id='word_1_165' title='bbox 1063 1598 1112 1636; x_wconf 89' lang='lat' dir='ltr'>a.</span> <span class='ocrx_word' id='word_1_166' title='bbox 1158 1588 1311 1641; x_wconf 89' lang='lat'>1631</span> <span class='ocrx_word' id='word_1_167' title='bbox 1361 1578 1424 1636; x_wconf 88' lang='lat' dir='ltr'>in</span> <span class='ocrx_word' id='word_1_168' title='bbox 1456 1578 1494 1636; x_wconf 83' lang='lat' dir='ltr'>f.</span> <span class='ocrx_word' id='word_1_169' title='bbox 1526 1579 1635 1637; x_wconf 88' lang='lat' dir='ltr'>hoc</span> <span class='ocrx_word' id='word_1_170' title='bbox 1664 1579 1876 1639; x_wconf 89' lang='lat' dir='ltr'>titulo:</span> <span class='ocrx_word' id='word_1_171' title='bbox 1936 1580 2382 1656; x_wconf 71' lang='lat' dir='ltr'>anylosaoeonica</span> <span class='ocrx_word' id='word_1_172' title='bbox 2415 1578 2539 1637; x_wconf 84' lang='lat' dir='ltr'>sive</span> <span class='ocrx_word' id='word_1_173' title='bbox 2570 1578 2816 1636; x_wconf 85' lang='lat' dir='ltr'>annales</span> <span class='ocrx_word' id='word_1_174' title='bbox 2848 1581 2978 1647; x_wconf 64' lang='lat' dir='ltr'>etc„</span> <span class='ocrx_word' id='word_1_175' title='bbox 3014 1578 3120 1636; x_wconf 90' lang='lat' dir='ltr'>ubi</span> <span class='ocrx_word' id='word_1_176' title='bbox 3142 1627 3155 1639; x_wconf 94' lang='lat'>.</span> <span class='ocrx_word' id='word_1_177' title='bbox 3177 1623 3190 1635; x_wconf 97' lang='lat'>.</span> <span class='ocrx_word' id='word_1_178' title='bbox 3215 1628 3231 1643; x_wconf 84' lang='grc'>,</span> 
     </span>
     <span class='ocr_line' id='line_1_17' title="bbox 596 1666 3231 1739; baseline 0.001 -13"><span class='ocrx_word' id='word_1_179' title='bbox 596 1667 687 1726; x_wconf 81' lang='lat' dir='ltr'>De</span> <span class='ocrx_word' id='word_1_180' title='bbox 731 1668 970 1739; x_wconf 79' lang='lat' dir='ltr'>epistola</span> <span class='ocrx_word' id='word_1_181' title='bbox 1007 1667 1057 1727; x_wconf 81' lang='lat' dir='ltr'>b.</span> <span class='ocrx_word' id='word_1_182' title='bbox 1092 1666 1324 1725; x_wconf 83' lang='lat' dir='ltr'>Mariae</span> <span class='ocrx_word' id='word_1_183' title='bbox 1368 1667 1446 1724; x_wconf 84' lang='lat' dir='ltr'>ad</span> <span class='ocrx_word' id='word_1_184' title='bbox 1491 1667 1883 1726; x_wconf 78' lang='lat' dir='ltr'>Messanenses</span> <span class='ocrx_word' id='word_1_185' title='bbox 1936 1668 2082 1727; x_wconf 74' lang='lat' dir='ltr'>fides</span> <span class='ocrx_word' id='word_1_186' title='bbox 2114 1669 2186 1726; x_wconf 88' lang='lat' dir='ltr'>ab</span> <span class='ocrx_word' id='word_1_187' title='bbox 2221 1688 2270 1729; x_wconf 88' lang='lat' dir='ltr'>a.</span> <span class='ocrx_word' id='word_1_188' title='bbox 2297 1676 2646 1730; x_wconf 84' lang='grc'><strong>500-800</strong></span> <span class='ocrx_word' id='word_1_189' title='bbox 2670 1711 2683 1723; x_wconf 94' lang='grc'><strong>.</strong></span> <span class='ocrx_word' id='word_1_190' title='bbox 2706 1710 2719 1724; x_wconf 93' lang='grc'><strong>.</strong></span> <span class='ocrx_word' id='word_1_191' title='bbox 2743 1714 2756 1728; x_wconf 93' lang='grc'><strong>.</strong></span> <span class='ocrx_word' id='word_1_192' title='bbox 2778 1666 3065 1725; x_wconf 86' lang='lat' dir='ltr'>asseritur</span> <span class='ocrx_word' id='word_1_193' title='bbox 3098 1670 3141 1728; x_wconf 88' lang='lat' dir='ltr'>t.</span> <span class='ocrx_word' id='word_1_194' title='bbox 3162 1676 3231 1736; x_wconf 78' lang='lat'>23</span> 
     </span>
    </p>
   </div>
   <div class='ocr_carea' id='block_1_4' title="bbox 597 1755 3231 1922">
    <p class='ocr_par' dir='ltr' id='par_1_4' title="bbox 597 1755 3231 1922">
     <span class='ocr_line' id='line_1_18' title="bbox 597 1755 3230 1833; baseline 0 -19"><span class='ocrx_word' id='word_1_195' title='bbox 597 1756 925 1829; x_wconf 75' lang='lat' dir='ltr'>conjectatio</span> <span class='ocrx_word' id='word_1_196' title='bbox 941 1776 962 1812; x_wconf 92' lang='lat'>.·</span> <span class='ocrx_word' id='word_1_197' title='bbox 996 1755 1061 1813; x_wconf 92' lang='lat' dir='ltr'>in</span> <span class='ocrx_word' id='word_1_198' title='bbox 1086 1774 1203 1829; x_wconf 90' lang='lat' dir='ltr'>qua</span> <span class='ocrx_word' id='word_1_199' title='bbox 1221 1773 1310 1830; x_wconf 88' lang='lat' dir='ltr'>ep.</span> <span class='ocrx_word' id='word_1_200' title='bbox 1343 1756 1779 1831; x_wconf 88' lang='lat' dir='ltr'>genuinitatem</span> <span class='ocrx_word' id='word_1_201' title='bbox 1811 1761 1883 1816; x_wconf 92' lang='lat' dir='ltr'>ut</span> <span class='ocrx_word' id='word_1_202' title='bbox 1933 1759 2075 1831; x_wconf 80' lang='lat' dir='ltr'>fides</span> <span class='ocrx_word' id='word_1_203' title='bbox 2104 1758 2265 1833; x_wconf 73' lang='lat' dir='ltr'>reyia</span> <span class='ocrx_word' id='word_1_204' title='bbox 2284 1757 2593 1832; x_wconf 76' lang='lat' dir='ltr'>anylicana</span> <span class='ocrx_word' id='word_1_205' title='bbox 2615 1799 2627 1811; x_wconf 96' lang='lat'>.</span> <span class='ocrx_word' id='word_1_206' title='bbox 2651 1799 2662 1811; x_wconf 93' lang='lat'>.</span> <span class='ocrx_word' id='word_1_207' title='bbox 2686 1800 2698 1812; x_wconf 95' lang='lat'>.</span> <span class='ocrx_word' id='word_1_208' title='bbox 2721 1755 2826 1814; x_wconf 90' lang='lat' dir='ltr'>ubi</span> <span class='ocrx_word' id='word_1_209' title='bbox 2846 1755 3230 1831; x_wconf 88' lang='lat' dir='ltr'>potissimum</span> 
     </span>
     <span class='ocr_line' id='line_1_19' title="bbox 598 1843 3231 1922; baseline 0 -20"><span class='ocrx_word' id='word_1_210' title='bbox 598 1844 966 1920; x_wconf 89' lang='lat' dir='ltr'>probabilem</span> <span class='ocrx_word' id='word_1_211' title='bbox 998 1843 1293 1919; x_wconf 89' lang='lat' dir='ltr'>proponit.</span> <span class='ocrx_word' id='word_1_212' title='bbox 1342 1845 1509 1904; x_wconf 84' lang='lat' dir='ltr'>Prior</span> <span class='ocrx_word' id='word_1_213' title='bbox 1539 1845 1628 1907; x_wconf 90' lang='lat' dir='ltr'>ed.</span> <span class='ocrx_word' id='word_1_214' title='bbox 1670 1849 1881 1920; x_wconf 82' lang='lat' dir='ltr'>utpote</span> <span class='ocrx_word' id='word_1_215' title='bbox 1937 1847 2269 1922; x_wconf 85' lang='lat' dir='ltr'>Anglorum</span> <span class='ocrx_word' id='word_1_216' title='bbox 2293 1888 2306 1902; x_wconf 97' lang='lat'>.</span> <span class='ocrx_word' id='word_1_217' title='bbox 2328 1890 2340 1902; x_wconf 98' lang='lat'>.</span> <span class='ocrx_word' id='word_1_218' title='bbox 2365 1890 2376 1902; x_wconf 96' lang='lat'>.</span> <span class='ocrx_word' id='word_1_219' title='bbox 2399 1845 2540 1902; x_wconf 89' lang='lat' dir='ltr'>fides</span> <span class='ocrx_word' id='word_1_220' title='bbox 2561 1843 2635 1901; x_wconf 88' lang='lat' dir='ltr'>ab</span> <span class='ocrx_word' id='word_1_221' title='bbox 2656 1864 2705 1901; x_wconf 89' lang='lat' dir='ltr'>a.</span> <span class='ocrx_word' id='word_1_222' title='bbox 2727 1853 3121 1907; x_wconf 81' lang='lat'>800-1066</span> <span class='ocrx_word' id='word_1_223' title='bbox 3146 1888 3159 1900; x_wconf 95' lang='grc'><strong>.</strong></span> <span class='ocrx_word' id='word_1_224' title='bbox 3185 1892 3198 1906; x_wconf 89' lang='grc'><strong>.</strong></span> <span class='ocrx_word' id='word_1_225' title='bbox 3217 1889 3231 1902; x_wconf 92' lang='grc'><strong>.</strong></span> 
     </span>
    </p>
   </div>
   <div class='ocr_carea' id='block_1_5' title="bbox 594 1929 1883 3251">
    <p class='ocr_par' dir='ltr' id='par_1_5' title="bbox 594 1929 1883 3251">
     <span class='ocr_line' id='line_1_20' title="bbox 597 1929 1880 2015; baseline 0.002 -26"><span class='ocrx_word' id='word_1_226' title='bbox 597 1932 899 2008; x_wconf 75' lang='lat' dir='ltr'>prohibita</span> <span class='ocrx_word' id='word_1_227' title='bbox 944 1929 1072 2015; x_wconf 86' lang='lat'>(19.</span> <span class='ocrx_word' id='word_1_228' title='bbox 1106 1934 1275 1991; x_wconf 77' lang='lat' dir='ltr'>Mart.</span> <span class='ocrx_word' id='word_1_229' title='bbox 1317 1930 1508 2014; x_wconf 88' lang='lat'>1633)</span> <span class='ocrx_word' id='word_1_230' title='bbox 1543 1938 1637 1992; x_wconf 78' lang='lat' dir='ltr'>est</span> <span class='ocrx_word' id='word_1_231' title='bbox 1680 1935 1880 1993; x_wconf 81' lang='lat' dir='ltr'>admo·</span> 
     </span>
     <span class='ocr_line' id='line_1_21' title="bbox 597 2022 1879 2099; baseline 0.001 -20"><span class='ocrx_word' id='word_1_232' title='bbox 597 2022 738 2080; x_wconf 90' lang='lat' dir='ltr'>dum</span> <span class='ocrx_word' id='word_1_233' title='bbox 769 2040 920 2080; x_wconf 90' lang='lat' dir='ltr'>rara.</span> <span class='ocrx_word' id='word_1_234' title='bbox 956 2022 1206 2097; x_wconf 80' lang='lat' dir='ltr'>Scripsit</span> <span class='ocrx_word' id='word_1_235' title='bbox 1236 2022 1412 2080; x_wconf 87' lang='lat' dir='ltr'>etiam</span> <span class='ocrx_word' id='word_1_236' title='bbox 1443 2027 1649 2082; x_wconf 86' lang='lat' dir='ltr'>contra</span> <span class='ocrx_word' id='word_1_237' title='bbox 1667 2023 1879 2099; x_wconf 89' lang='lat' dir='ltr'>Coper-</span> 
     </span>
     <span class='ocr_line' id='line_1_22' title="bbox 595 2110 1880 2186; baseline 0.001 -18"><span class='ocrx_word' id='word_1_238' title='bbox 595 2110 812 2170; x_wconf 89' lang='lat' dir='ltr'>nicum.</span> <span class='ocrx_word' id='word_1_239' title='bbox 846 2111 1024 2186; x_wconf 86' lang='lat' dir='ltr'>Apud</span> <span class='ocrx_word' id='word_1_240' title='bbox 1054 2111 1417 2171; x_wconf 85' lang='lat' dir='ltr'>adversarios</span> <span class='ocrx_word' id='word_1_241' title='bbox 1451 2130 1587 2171; x_wconf 88' lang='lat' dir='ltr'>vero</span> <span class='ocrx_word' id='word_1_242' title='bbox 1621 2112 1880 2171; x_wconf 84' lang='lat' dir='ltr'>Societa-</span> 
     </span>
     <span class='ocr_line' id='line_1_23' title="bbox 594 2200 1881 2275; baseline 0.001 -18"><span class='ocrx_word' id='word_1_243' title='bbox 594 2200 672 2258; x_wconf 87' lang='lat' dir='ltr'>tis</span> <span class='ocrx_word' id='word_1_244' title='bbox 702 2200 848 2260; x_wconf 85' lang='lat' dir='ltr'>Jesu</span> <span class='ocrx_word' id='word_1_245' title='bbox 894 2218 1066 2275; x_wconf 87' lang='lat' dir='ltr'>saepe</span> <span class='ocrx_word' id='word_1_246' title='bbox 1112 2219 1323 2259; x_wconf 89' lang='lat' dir='ltr'>nomen</span> <span class='ocrx_word' id='word_1_247' title='bbox 1369 2202 1626 2259; x_wconf 83' lang='lat' dir='ltr'>recurrit</span> <span class='ocrx_word' id='word_1_248' title='bbox 1668 2200 1881 2259; x_wconf 88' lang='lat' dir='ltr'>Incho-</span> 
     </span>
     <span class='ocr_line' id='line_1_24' title="bbox 596 2288 1882 2364; baseline 0.001 -17"><span class='ocrx_word' id='word_1_249' title='bbox 596 2288 719 2357; x_wconf 85' lang='lat' dir='ltr'>feri,</span> <span class='ocrx_word' id='word_1_250' title='bbox 771 2308 906 2348; x_wconf 90' lang='lat' dir='ltr'>cum</span> <span class='ocrx_word' id='word_1_251' title='bbox 952 2290 1007 2348; x_wconf 89' lang='lat' dir='ltr'>ei</span> <span class='ocrx_word' id='word_1_252' title='bbox 1055 2308 1162 2364; x_wconf 91' lang='lat' dir='ltr'>per</span> <span class='ocrx_word' id='word_1_253' title='bbox 1203 2289 1561 2348; x_wconf 87' lang='lat' dir='ltr'>calumniam</span> <span class='ocrx_word' id='word_1_254' title='bbox 1612 2290 1882 2348; x_wconf 89' lang='lat' dir='ltr'>tributus</span> 
     </span>
     <span class='ocr_line' id='line_1_25' title="bbox 595 2377 1883 2438; baseline 0 -3"><span class='ocrx_word' id='word_1_255' title='bbox 595 2378 777 2437; x_wconf 89' lang='lat' dir='ltr'>fuerit</span> <span class='ocrx_word' id='word_1_256' title='bbox 821 2378 1062 2436; x_wconf 87' lang='lat' dir='ltr'>libellus</span> <span class='ocrx_word' id='word_1_257' title='bbox 1107 2377 1368 2436; x_wconf 85' lang='lat' dir='ltr'>famosus</span> <span class='ocrx_word' id='word_1_258' title='bbox 1414 2379 1578 2437; x_wconf 88' lang='lat' dir='ltr'>Lucii</span> <span class='ocrx_word' id='word_1_259' title='bbox 1626 2378 1883 2438; x_wconf 86' lang='lat' dir='ltr'>Cornelii</span> 
     </span>
     <span class='ocr_line' id='line_1_26' title="bbox 596 2466 1882 2542; baseline 0 -17"><span class='ocrx_word' id='word_1_260' title='bbox 596 2466 887 2541; x_wconf 86' lang='lat' dir='ltr'>Europaei</span> <span class='ocrx_word' id='word_1_261' title='bbox 919 2467 1263 2525; x_wconf 78' lang='lat' dir='ltr'>Monarchia</span> <span class='ocrx_word' id='word_1_262' title='bbox 1301 2467 1661 2542; x_wconf 80' lang='lat' dir='ltr'>Solipsorum</span> <span class='ocrx_word' id='word_1_263' title='bbox 1694 2466 1882 2525; x_wconf 85' lang='lat' dir='ltr'>Vene-</span> 
     </span>
     <span class='ocr_line' id='line_1_27' title="bbox 597 2554 1881 2631; baseline 0.003 -19"><span class='ocrx_word' id='word_1_264' title='bbox 597 2554 698 2614; x_wconf 89' lang='lat' dir='ltr'>tiis</span> <span class='ocrx_word' id='word_1_265' title='bbox 728 2565 912 2626; x_wconf 88' lang='lat'>1643,</span> <span class='ocrx_word' id='word_1_266' title='bbox 948 2574 1123 2631; x_wconf 86' lang='lat' dir='ltr'>saepe</span> <span class='ocrx_word' id='word_1_267' title='bbox 1155 2555 1372 2625; x_wconf 80' lang='lat' dir='ltr'>edituS,</span> <span class='ocrx_word' id='word_1_268' title='bbox 1405 2557 1465 2615; x_wconf 90' lang='lat' dir='ltr'>in</span> <span class='ocrx_word' id='word_1_269' title='bbox 1493 2556 1638 2615; x_wconf 88' lang='lat' dir='ltr'>alias</span> <span class='ocrx_word' id='word_1_270' title='bbox 1671 2574 1881 2616; x_wconf 83' lang='lat' dir='ltr'>versus</span> 
     </span>
     <span class='ocr_line' id='line_1_28' title="bbox 595 2643 1881 2721; baseline 0.002 -21"><span class='ocrx_word' id='word_1_271' title='bbox 595 2643 847 2721; x_wconf 81' lang='lat' dir='ltr'>linguas,</span> <span class='ocrx_word' id='word_1_272' title='bbox 860 2645 966 2720; x_wconf 89' lang='lat' dir='ltr'>qui</span> <span class='ocrx_word' id='word_1_273' title='bbox 977 2649 1072 2704; x_wconf 89' lang='lat' dir='ltr'>est</span> <span class='ocrx_word' id='word_1_274' title='bbox 1082 2645 1398 2703; x_wconf 84' lang='lat' dir='ltr'>Clementis</span> <span class='ocrx_word' id='word_1_275' title='bbox 1412 2647 1448 2703; x_wconf 92' lang='lat' dir='ltr'>S</span> <span class='ocrx_word' id='word_1_276' title='bbox 1461 2663 1492 2703; x_wconf 92' lang='lat' dir='ltr'>c</span> <span class='ocrx_word' id='word_1_277' title='bbox 1503 2664 1536 2704; x_wconf 93' lang='lat' dir='ltr'>o</span> <span class='ocrx_word' id='word_1_278' title='bbox 1548 2649 1612 2703; x_wconf 90' lang='lat' dir='ltr'>tt</span> <span class='ocrx_word' id='word_1_279' title='bbox 1622 2646 1660 2715; x_wconf 90' lang='lat' dir='ltr'>i,</span> <span class='ocrx_word' id='word_1_280' title='bbox 1673 2644 1747 2703; x_wconf 91' lang='lat' dir='ltr'>de</span> <span class='ocrx_word' id='word_1_281' title='bbox 1763 2664 1881 2720; x_wconf 89' lang='lat' dir='ltr'>qno</span> 
     </span>
     <span class='ocr_line' id='line_1_29' title="bbox 596 2729 1880 2813; baseline 0.002 -23"><span class='ocrx_word' id='word_1_282' title='bbox 596 2731 666 2790; x_wconf 85' lang='lat' dir='ltr'>cf.</span> <span class='ocrx_word' id='word_1_283' title='bbox 701 2739 744 2794; x_wconf 90' lang='lat' dir='ltr'>t.</span> <span class='ocrx_word' id='word_1_284' title='bbox 779 2751 1006 2807; x_wconf 89' lang='lat' dir='ltr'>seq.——</span> <span class='ocrx_word' id='word_1_285' title='bbox 1036 2732 1299 2792; x_wconf 90' lang='lat' dir='ltr'>Joannes</span> <span class='ocrx_word' id='word_1_286' title='bbox 1330 2734 1676 2793; x_wconf 82' lang='lat' dir='ltr'>Fervaux</span> <span class='ocrx_word' id='word_1_287' title='bbox 1708 2729 1880 2813; x_wconf 88' lang='lat' dir='ltr'>(Ver-</span> 
     </span>
     <span class='ocr_line' id='line_1_30' title="bbox 594 2819 1880 2900; baseline 0.002 -22"><span class='ocrx_word' id='word_1_288' title='bbox 594 2819 774 2900; x_wconf 80' lang='lat' dir='ltr'>vaux)</span> <span class='ocrx_word' id='word_1_289' title='bbox 810 2822 863 2878; x_wconf 82' lang='lat' dir='ltr'>S.</span> <span class='ocrx_word' id='word_1_290' title='bbox 897 2822 936 2880; x_wconf 85' lang='lat' dir='ltr'><strong>J</strong></span> <span class='ocrx_word' id='word_1_291' title='bbox 941 2872 953 2885; x_wconf 84' lang='lat'>,</span> <span class='ocrx_word' id='word_1_292' title='bbox 1007 2820 1246 2881; x_wconf 90' lang='lat' dir='ltr'>electori</span> <span class='ocrx_word' id='word_1_293' title='bbox 1276 2822 1557 2881; x_wconf 84' lang='lat' dir='ltr'>Bavariae</span> <span class='ocrx_word' id='word_1_294' title='bbox 1586 2842 1621 2881; x_wconf 90' lang='lat' dir='ltr'>a</span> <span class='ocrx_word' id='word_1_295' title='bbox 1652 2822 1880 2881; x_wconf 88' lang='lat' dir='ltr'>confes-</span> 
     </span>
     <span class='ocr_line' id='line_1_31' title="bbox 596 2907 1883 2990; baseline 0.003 -25"><span class='ocrx_word' id='word_1_296' title='bbox 596 2908 867 2967; x_wconf 88' lang='lat' dir='ltr'>sionibus</span> <span class='ocrx_word' id='word_1_297' title='bbox 923 2907 981 2986; x_wconf 89' lang='lat'>(†</span> <span class='ocrx_word' id='word_1_298' title='bbox 1035 2919 1130 2970; x_wconf 90' lang='grc'>15.</span> <span class='ocrx_word' id='word_1_299' title='bbox 1178 2910 1337 2984; x_wconf 87' lang='lat' dir='ltr'>Sept.</span> <span class='ocrx_word' id='word_1_300' title='bbox 1390 2907 1583 2990; x_wconf 90' lang='grc'><strong>1661)</strong></span> <span class='ocrx_word' id='word_1_301' title='bbox 1639 2912 1883 2988; x_wconf 85' lang='lat' dir='ltr'>collegit</span> 
     </span>
     <span class='ocr_line' id='line_1_32' title="bbox 598 2998 1883 3075; baseline 0.001 -18"><span class='ocrx_word' id='word_1_302' title='bbox 598 2998 863 3057; x_wconf 79' lang='lat' dir='ltr'>Annales</span> <span class='ocrx_word' id='word_1_303' title='bbox 893 2998 1081 3057; x_wconf 73' lang='lat' dir='ltr'>boicae</span> <span class='ocrx_word' id='word_1_304' title='bbox 1096 3001 1297 3075; x_wconf 73' lang='lat' dir='ltr'>yemis,</span> <span class='ocrx_word' id='word_1_305' title='bbox 1334 3018 1488 3074; x_wconf 90' lang='lat' dir='ltr'>quae</span> <span class='ocrx_word' id='word_1_306' title='bbox 1510 3000 1624 3058; x_wconf 90' lang='lat' dir='ltr'>sub</span> <span class='ocrx_word' id='word_1_307' title='bbox 1643 3001 1883 3059; x_wconf 90' lang='lat' dir='ltr'>nomine</span> 
     </span>
     <span class='ocr_line' id='line_1_33' title="bbox 601 3085 1879 3148; baseline 0.002 -5"><span class='ocrx_word' id='word_1_308' title='bbox 601 3085 640 3143; x_wconf 86' lang='lat' dir='ltr'><strong>J</strong></span> <span class='ocrx_word' id='word_1_309' title='bbox 643 3086 847 3145; x_wconf 88' lang='lat' dir='ltr'>oannis</span> <span class='ocrx_word' id='word_1_310' title='bbox 880 3086 1268 3146; x_wconf 85' lang='lat' dir='ltr'>Adlzreite</span> <span class='ocrx_word' id='word_1_311' title='bbox 1285 3107 1314 3145; x_wconf 92' lang='lat' dir='ltr'>r</span> <span class='ocrx_word' id='word_1_312' title='bbox 1338 3089 1605 3148; x_wconf 88' lang='lat' dir='ltr'>electoris</span> <span class='ocrx_word' id='word_1_313' title='bbox 1650 3090 1879 3148; x_wconf 90' lang='lat' dir='ltr'>cancel·</span> 
     </span>
     <span class='ocr_line' id='line_1_34' title="bbox 597 3174 1882 3251; baseline 0.002 -18"><span class='ocrx_word' id='word_1_314' title='bbox 597 3174 726 3233; x_wconf 89' lang='lat' dir='ltr'>larii</span> <span class='ocrx_word' id='word_1_315' title='bbox 741 3175 1091 3251; x_wconf 88' lang='lat' dir='ltr'>prodierunt</span> <span class='ocrx_word' id='word_1_316' title='bbox 1106 3177 1397 3235; x_wconf 83' lang='lat' dir='ltr'>Monachii</span> <span class='ocrx_word' id='word_1_317' title='bbox 1415 3180 1458 3235; x_wconf 90' lang='lat' dir='ltr'>t.</span> <span class='ocrx_word' id='word_1_318' title='bbox 1486 3186 1519 3238; x_wconf 89' lang='lat'>2</span> <span class='ocrx_word' id='word_1_319' title='bbox 1545 3178 1607 3235; x_wconf 90' lang='lat' dir='ltr'>in</span> <span class='ocrx_word' id='word_1_320' title='bbox 1628 3177 1664 3235; x_wconf 88' lang='lat' dir='ltr'>f.</span> <span class='ocrx_word' id='word_1_321' title='bbox 1694 3189 1719 3239; x_wconf 98' lang='grc'>1</span> <span class='ocrx_word' id='word_1_322' title='bbox 1736 3188 1815 3238; x_wconf 89' lang='grc'>66</span> <span class='ocrx_word' id='word_1_323' title='bbox 1828 3186 1882 3238; x_wconf 87' lang='grc'>2.</span> 
     </span>
    </p>
   </div>
   <div class='ocr_carea' id='block_1_6' title="bbox 597 3354 1884 4410">
    <p class='ocr_par' dir='ltr' id='par_1_6' title="bbox 597 3354 1884 4410">
     <span class='ocr_line' id='line_1_35' title="bbox 689 3354 1880 3416; baseline -0.003 0"><span class='ocrx_word' id='word_1_324' title='bbox 689 3363 831 3416; x_wconf 82' lang='grc'><strong>479.</strong></span> <span class='ocrx_word' id='word_1_325' title='bbox 865 3356 977 3414; x_wconf 91' lang='lat' dir='ltr'>Pro</span> <span class='ocrx_word' id='word_1_326' title='bbox 1029 3355 1276 3414; x_wconf 88' lang='lat' dir='ltr'>historia</span> <span class='ocrx_word' id='word_1_327' title='bbox 1320 3354 1720 3413; x_wconf 78' lang='lat' dir='ltr'>ecclesiastica</span> <span class='ocrx_word' id='word_1_328' title='bbox 1771 3355 1880 3412; x_wconf 71' lang='lat' dir='ltr'>Hi-</span> 
     </span>
     <span class='ocr_line' id='line_1_36' title="bbox 597 3443 1880 3519; baseline -0.001 -18"><span class='ocrx_word' id='word_1_329' title='bbox 597 3443 828 3501; x_wconf 74' lang='lat' dir='ltr'>berniae</span> <span class='ocrx_word' id='word_1_330' title='bbox 856 3447 1123 3519; x_wconf 88' lang='lat' dir='ltr'>tempore</span> <span class='ocrx_word' id='word_1_331' title='bbox 1143 3444 1516 3502; x_wconf 86' lang='lat' dir='ltr'>Elisabethae</span> <span class='ocrx_word' id='word_1_332' title='bbox 1534 3448 1596 3501; x_wconf 91' lang='lat' dir='ltr'>et</span> <span class='ocrx_word' id='word_1_333' title='bbox 1614 3443 1653 3501; x_wconf 85' lang='lat' dir='ltr'><strong>J</strong></span> <span class='ocrx_word' id='word_1_334' title='bbox 1654 3443 1821 3501; x_wconf 90' lang='lat' dir='ltr'>acobi</span> <span class='ocrx_word' id='word_1_335' title='bbox 1836 3444 1880 3502; x_wconf 93' lang='lat'>1.</span> 
     </span>
     <span class='ocr_line' id='line_1_37' title="bbox 598 3533 1884 3608; baseline 0.001 -18"><span class='ocrx_word' id='word_1_336' title='bbox 598 3533 771 3607; x_wconf 88' lang='lat' dir='ltr'>plura</span> <span class='ocrx_word' id='word_1_337' title='bbox 818 3533 1202 3608; x_wconf 88' lang='lat' dir='ltr'>reperiuntur</span> <span class='ocrx_word' id='word_1_338' title='bbox 1250 3533 1312 3590; x_wconf 91' lang='lat' dir='ltr'>in</span> <span class='ocrx_word' id='word_1_339' title='bbox 1359 3534 1637 3592; x_wconf 74' lang='lat' dir='ltr'>analectis</span> <span class='ocrx_word' id='word_1_340' title='bbox 1696 3535 1884 3592; x_wconf 81' lang='lat' dir='ltr'>sacris</span> 
     </span>
     <span class='ocr_line' id='line_1_38' title="bbox 600 3617 1882 3702; baseline 0.001 -22"><span class='ocrx_word' id='word_1_341' title='bbox 600 3617 927 3702; x_wconf 89' lang='lat' dir='ltr'>(pretiosis)</span> <span class='ocrx_word' id='word_1_342' title='bbox 957 3622 1198 3680; x_wconf 85' lang='lat' dir='ltr'>Davidis</span> <span class='ocrx_word' id='word_1_343' title='bbox 1221 3622 1270 3679; x_wconf 85' lang='grc' dir='ltr'>Β</span> <span class='ocrx_word' id='word_1_344' title='bbox 1284 3641 1318 3680; x_wconf 95' lang='lat' dir='ltr'>o</span> <span class='ocrx_word' id='word_1_345' title='bbox 1334 3626 1361 3679; x_wconf 87' lang='lat' dir='ltr'>t</span> <span class='ocrx_word' id='word_1_346' title='bbox 1375 3623 1414 3679; x_wconf 98' lang='lat' dir='ltr'>h</span> <span class='ocrx_word' id='word_1_347' title='bbox 1431 3641 1462 3680; x_wconf 91' lang='lat' dir='ltr'>e</span> <span class='ocrx_word' id='word_1_348' title='bbox 1494 3622 1755 3698; x_wconf 88' lang='lat' dir='ltr'>episcopi</span> <span class='ocrx_word' id='word_1_349' title='bbox 1789 3641 1882 3681; x_wconf 91' lang='lat' dir='ltr'>os·</span> 
     </span>
     <span class='ocr_line' id='line_1_39' title="bbox 597 3711 1883 3787; baseline 0.001 -19"><span class='ocrx_word' id='word_1_350' title='bbox 597 3711 894 3781; x_wconf 75' lang='lat' dir='ltr'>soriensi8‚</span> <span class='ocrx_word' id='word_1_351' title='bbox 929 3711 1033 3784; x_wconf 90' lang='lat' dir='ltr'>qui</span> <span class='ocrx_word' id='word_1_352' title='bbox 1066 3731 1116 3772; x_wconf 91' lang='lat' dir='ltr'>a.</span> <span class='ocrx_word' id='word_1_353' title='bbox 1146 3719 1309 3772; x_wconf 88' lang='grc'><strong>1650</strong></span> <span class='ocrx_word' id='word_1_354' title='bbox 1344 3711 1623 3771; x_wconf 85' lang='lat' dir='ltr'>occubuit</span> <span class='ocrx_word' id='word_1_355' title='bbox 1655 3714 1883 3787; x_wconf 80' lang='lat' dir='ltr'>martyr</span> 
     </span>
     <span class='ocr_line' id='line_1_40' title="bbox 597 3796 1878 3878; baseline 0.002 -23"><span class='ocrx_word' id='word_1_356' title='bbox 597 3817 703 3871; x_wconf 93' lang='lat' dir='ltr'>pro</span> <span class='ocrx_word' id='word_1_357' title='bbox 723 3799 840 3856; x_wconf 90' lang='lat' dir='ltr'>fide</span> <span class='ocrx_word' id='word_1_358' title='bbox 859 3796 1228 3878; x_wconf 71' lang='lat' dir='ltr'>catholica2).</span> <span class='ocrx_word' id='word_1_359' title='bbox 1250 3799 1609 3859; x_wconf 88' lang='lat' dir='ltr'>Prodierunt</span> <span class='ocrx_word' id='word_1_360' title='bbox 1627 3801 1878 3876; x_wconf 84' lang='lat' dir='ltr'>primum</span> 
     </span>
     <span class='ocr_line' id='line_1_41' title="bbox 609 3888 1882 3956; baseline 0.001 -10"><span class='ocrx_word' id='word_1_361' title='bbox 609 3896 791 3946; x_wconf 84' lang='grc'><strong>1616.</strong></span> <span class='ocrx_word' id='word_1_362' title='bbox 850 3895 1035 3947; x_wconf 82' lang='lat'>1617.</span> <span class='ocrx_word' id='word_1_363' title='bbox 1094 3896 1292 3956; x_wconf 87' lang='grc'><strong>1619,</strong></span> <span class='ocrx_word' id='word_1_364' title='bbox 1345 3888 1580 3947; x_wconf 87' lang='lat' dir='ltr'>demum</span> <span class='ocrx_word' id='word_1_365' title='bbox 1635 3892 1882 3947; x_wconf 88' lang='lat' dir='ltr'>curante</span> 
     </span>
     <span class='ocr_line' id='line_1_42' title="bbox 599 3973 1879 4052; baseline 0.005 -24"><span class='ocrx_word' id='word_1_366' title='bbox 599 3973 848 4029; x_wconf 83' lang='lat' dir='ltr'>Patricio</span> <span class='ocrx_word' id='word_1_367' title='bbox 870 3974 961 4029; x_wconf 86' lang='lat' dir='ltr'>Fr.</span> <span class='ocrx_word' id='word_1_368' title='bbox 996 3975 1232 4033; x_wconf 86' lang='lat' dir='ltr'>Moran</span> <span class='ocrx_word' id='word_1_369' title='bbox 1256 3977 1529 4052; x_wconf 87' lang='lat' dir='ltr'>episcopo</span> <span class='ocrx_word' id='word_1_370' title='bbox 1547 3978 1879 4045; x_wconf 86' lang='lat' dir='ltr'>ossoriensi,</span> 
     </span>
     <span class='ocr_line' id='line_1_43' title="bbox 600 4060 1881 4139; baseline 0.006 -22"><span class='ocrx_word' id='word_1_371' title='bbox 600 4078 756 4117; x_wconf 87' lang='lat' dir='ltr'>nunc</span> <span class='ocrx_word' id='word_1_372' title='bbox 808 4060 1086 4120; x_wconf 88' lang='lat' dir='ltr'>cardinali</span> <span class='ocrx_word' id='word_1_373' title='bbox 1132 4067 1194 4122; x_wconf 89' lang='lat' dir='ltr'>et</span> <span class='ocrx_word' id='word_1_374' title='bbox 1242 4065 1677 4139; x_wconf 87' lang='lat' dir='ltr'>archiepiscopo</span> <span class='ocrx_word' id='word_1_375' title='bbox 1722 4066 1881 4125; x_wconf 86' lang='lat' dir='ltr'>sedis</span> 
     </span>
     <span class='ocr_line' id='line_1_44' title="bbox 600 4148 1882 4224; baseline 0.006 -18"><span class='ocrx_word' id='word_1_376' title='bbox 600 4148 818 4224; x_wconf 86' lang='lat' dir='ltr'>Sidney</span> <span class='ocrx_word' id='word_1_377' title='bbox 850 4149 912 4208; x_wconf 92' lang='lat' dir='ltr'>in</span> <span class='ocrx_word' id='word_1_378' title='bbox 944 4152 1258 4222; x_wconf 75' lang='lat' dir='ltr'>Australis,</span> <span class='ocrx_word' id='word_1_379' title='bbox 1308 4154 1575 4211; x_wconf 90' lang='lat' dir='ltr'>Dublinii</span> <span class='ocrx_word' id='word_1_380' title='bbox 1617 4163 1783 4218; x_wconf 88' lang='lat'>1884</span> <span class='ocrx_word' id='word_1_381' title='bbox 1818 4157 1882 4214; x_wconf 91' lang='lat' dir='ltr'>in</span> 
     </span>
     <span class='ocr_line' id='line_1_45' title="bbox 603 4239 1881 4322; baseline 0.003 -24"><span class='ocrx_word' id='word_1_382' title='bbox 603 4247 657 4298; x_wconf 84' lang='grc'><strong>8.</strong></span> <span class='ocrx_word' id='word_1_383' title='bbox 691 4239 1131 4299; x_wconf 78' lang='lat' dir='ltr'>——Historiam</span> <span class='ocrx_word' id='word_1_384' title='bbox 1154 4241 1608 4300; x_wconf 89' lang='lat' dir='ltr'>ecclesiasticam</span> <span class='ocrx_word' id='word_1_385' title='bbox 1629 4243 1881 4322; x_wconf 86' lang='lat' dir='ltr'>Angliae</span> 
     </span>
     <span class='ocr_line' id='line_1_46' title="bbox 597 4328 1877 4410; baseline 0.005 -25"><span class='ocrx_word' id='word_1_386' title='bbox 597 4329 832 4403; x_wconf 83' lang='lat' dir='ltr'>scripsit</span> <span class='ocrx_word' id='word_1_387' title='bbox 877 4329 1121 4387; x_wconf 70' lang='lat' dir='ltr'>Michael</span> <span class='ocrx_word' id='word_1_388' title='bbox 1159 4332 1202 4386; x_wconf 83' lang='lat' dir='ltr'>A</span> <span class='ocrx_word' id='word_1_389' title='bbox 1222 4330 1244 4386; x_wconf 94' lang='lat' dir='ltr'>l</span> <span class='ocrx_word' id='word_1_390' title='bbox 1261 4329 1333 4387; x_wconf 90' lang='lat' dir='ltr'>fo</span> <span class='ocrx_word' id='word_1_391' title='bbox 1351 4349 1380 4386; x_wconf 91' lang='lat' dir='ltr'>r</span> <span class='ocrx_word' id='word_1_392' title='bbox 1395 4328 1431 4386; x_wconf 88' lang='lat' dir='ltr'>d</span> <span class='ocrx_word' id='word_1_393' title='bbox 1450 4350 1486 4388; x_wconf 90' lang='lat' dir='ltr'>u</span> <span class='ocrx_word' id='word_1_394' title='bbox 1505 4350 1531 4389; x_wconf 85' lang='lat' dir='ltr'>s</span> <span class='ocrx_word' id='word_1_395' title='bbox 1567 4332 1619 4389; x_wconf 89' lang='lat' dir='ltr'>S.</span> <span class='ocrx_word' id='word_1_396' title='bbox 1652 4332 1707 4391; x_wconf 88' lang='lat' dir='ltr'>J.</span> <span class='ocrx_word' id='word_1_397' title='bbox 1739 4352 1877 4410; x_wconf 89' lang='lat' dir='ltr'>pro·</span> 
     </span>
    </p>
   </div>
   <div class='ocr_carea' id='block_1_7' title="bbox 599 4469 917 4478">
    <p class='ocr_par' dir='ltr' id='par_1_7' title="bbox 599 4469 917 4478">
     <span class='ocr_line' id='line_1_47' title="bbox 599 4469 917 4478; baseline 0 0"><span class='ocrx_word' id='word_1_398' title='bbox 599 4469 917 4478; x_wconf 95' lang='lat' dir='ltr'> </span> 
     </span>
    </p>
   </div>
   <div class='ocr_carea' id='block_1_8' title="bbox 598 4569 1879 4711">
    <p class='ocr_par' dir='ltr' id='par_1_8' title="bbox 598 4569 1879 4711">
     <span class='ocr_line' id='line_1_48' title="bbox 671 4569 1879 4644; baseline 0.007 -24"><span class='ocrx_word' id='word_1_399' title='bbox 671 4573 710 4634; x_wconf 67' lang='grc'>1“)</span> <span class='ocrx_word' id='word_1_400' title='bbox 739 4569 822 4622; x_wconf 76' lang='lat' dir='ltr'>cf.</span> <span class='ocrx_word' id='word_1_401' title='bbox 848 4569 1187 4625; x_wconf 88' lang='lat' dir='ltr'>Benedictus</span> <span class='ocrx_word' id='word_1_402' title='bbox 1215 4570 1360 4624; x_wconf 85' lang='lat' dir='ltr'>XlV.</span> <span class='ocrx_word' id='word_1_403' title='bbox 1391 4572 1461 4626; x_wconf 93' lang='lat' dir='ltr'>de</span> <span class='ocrx_word' id='word_1_404' title='bbox 1479 4573 1670 4627; x_wconf 82' lang='lat' dir='ltr'>beatis.</span> <span class='ocrx_word' id='word_1_405' title='bbox 1699 4573 1735 4628; x_wconf 93' lang='lat' dir='ltr'>l.</span> <span class='ocrx_word' id='word_1_406' title='bbox 1762 4579 1798 4631; x_wconf 87' lang='grc'>4</span> <span class='ocrx_word' id='word_1_407' title='bbox 1824 4593 1879 4644; x_wconf 89' lang='lat' dir='ltr'>p.</span> 
     </span>
     <span class='ocr_line' id='line_1_49' title="bbox 598 4640 1718 4711; baseline 0.008 -21"><span class='ocrx_word' id='word_1_408' title='bbox 598 4656 642 4692; x_wconf 88' lang='lat' dir='ltr'>c.</span> <span class='ocrx_word' id='word_1_409' title='bbox 669 4644 736 4694; x_wconf 81' lang='grc'><strong>25</strong></span> <span class='ocrx_word' id='word_1_410' title='bbox 765 4656 818 4690; x_wconf 90' lang='lat' dir='ltr'>n.</span> <span class='ocrx_word' id='word_1_411' title='bbox 847 4644 911 4708; x_wconf 81' lang='lat'>7;</span> <span class='ocrx_word' id='word_1_412' title='bbox 939 4640 1358 4711; x_wconf 83' lang='lat' dir='ltr'>Sommervogel</span> <span class='ocrx_word' id='word_1_413' title='bbox 1389 4644 1427 4706; x_wconf 88' lang='lat'>1,</span> <span class='ocrx_word' id='word_1_414' title='bbox 1454 4647 1554 4700; x_wconf 84' lang='lat'>561</span> <span class='ocrx_word' id='word_1_415' title='bbox 1569 4649 1718 4702; x_wconf 86' lang='lat'>-66.</span> 
     </span>
    </p>
   </div>
   <div class='ocr_carea' id='block_1_9' title="bbox 1937 1934 3236 4322">
    <p class='ocr_par' dir='ltr' id='par_1_9' title="bbox 1937 1934 3236 4322">
     <span class='ocr_line' id='line_1_50' title="bbox 1938 1934 3231 2010; baseline -0.003 -17"><span class='ocrx_word' id='word_1_416' title='bbox 1938 1936 2224 1993; x_wconf 88' lang='lat' dir='ltr'>asseritur</span> <span class='ocrx_word' id='word_1_417' title='bbox 2251 1938 2297 1992; x_wconf 92' lang='lat' dir='ltr'>t.</span> <span class='ocrx_word' id='word_1_418' title='bbox 2335 1944 2369 1995; x_wconf 86' lang='lat'><strong>3</strong></span> <span class='ocrx_word' id='word_1_419' title='bbox 2393 1955 2406 2003; x_wconf 91' lang='lat'><strong>;</strong></span> <span class='ocrx_word' id='word_1_420' title='bbox 2446 1934 2588 2007; x_wconf 79' lang='lat' dir='ltr'>fides</span> <span class='ocrx_word' id='word_1_421' title='bbox 2619 1935 2780 2009; x_wconf 77' lang='lat' dir='ltr'>reyia</span> <span class='ocrx_word' id='word_1_422' title='bbox 2811 1934 3122 2010; x_wconf 74' lang='lat' dir='ltr'>anylicana</span> <span class='ocrx_word' id='word_1_423' title='bbox 3143 1978 3156 1989; x_wconf 91' lang='lat'>.</span> <span class='ocrx_word' id='word_1_424' title='bbox 3179 1978 3192 1991; x_wconf 91' lang='lat'>.</span> <span class='ocrx_word' id='word_1_425' title='bbox 3218 1976 3231 1989; x_wconf 94' lang='lat'>.</span> 
     </span>
     <span class='ocr_line' id='line_1_51' title="bbox 1937 2021 3232 2101; baseline 0.002 -19"><span class='ocrx_word' id='word_1_426' title='bbox 1937 2024 2043 2082; x_wconf 90' lang='lat' dir='ltr'>ubi</span> <span class='ocrx_word' id='word_1_427' title='bbox 2075 2024 2407 2101; x_wconf 86' lang='lat' dir='ltr'>Anglorum</span> <span class='ocrx_word' id='word_1_428' title='bbox 2437 2067 2449 2079; x_wconf 95' lang='lat'>.</span> <span class='ocrx_word' id='word_1_429' title='bbox 2482 2067 2493 2078; x_wconf 95' lang='lat'>.</span> <span class='ocrx_word' id='word_1_430' title='bbox 2527 2066 2539 2079; x_wconf 97' lang='lat'>.</span> <span class='ocrx_word' id='word_1_431' title='bbox 2571 2021 2715 2080; x_wconf 89' lang='lat' dir='ltr'>fides</span> <span class='ocrx_word' id='word_1_432' title='bbox 2757 2022 2833 2080; x_wconf 87' lang='lat' dir='ltr'>ab</span> <span class='ocrx_word' id='word_1_433' title='bbox 2879 2042 2929 2083; x_wconf 89' lang='lat' dir='ltr'>a.</span> <span class='ocrx_word' id='word_1_434' title='bbox 2970 2031 3232 2084; x_wconf 88' lang='grc'><strong>1066-</strong></span> 
     </span>
     <span class='ocr_line' id='line_1_52' title="bbox 1946 2107 3233 2192; baseline -0.004 -19"><span class='ocrx_word' id='word_1_435' title='bbox 1946 2122 2110 2175; x_wconf 87' lang='lat'>1189</span> <span class='ocrx_word' id='word_1_436' title='bbox 2134 2157 2148 2170; x_wconf 93' lang='grc'><strong>.</strong></span> <span class='ocrx_word' id='word_1_437' title='bbox 2171 2157 2182 2169; x_wconf 93' lang='grc'><strong>.</strong></span> <span class='ocrx_word' id='word_1_438' title='bbox 2206 2158 2218 2170; x_wconf 92' lang='grc'><strong>.</strong></span> <span class='ocrx_word' id='word_1_439' title='bbox 2240 2112 2529 2171; x_wconf 88' lang='lat' dir='ltr'>asseritur</span> <span class='ocrx_word' id='word_1_440' title='bbox 2560 2114 2602 2169; x_wconf 91' lang='lat' dir='ltr'>t.</span> <span class='ocrx_word' id='word_1_441' title='bbox 2631 2121 2684 2172; x_wconf 93' lang='lat'>4.</span> <span class='ocrx_word' id='word_1_442' title='bbox 2710 2108 2811 2192; x_wconf 88' lang='lat' dir='ltr'>(m.</span> <span class='ocrx_word' id='word_1_443' title='bbox 2843 2107 3011 2191; x_wconf 92' lang='grc'><strong>110).</strong></span> <span class='ocrx_word' id='word_1_444' title='bbox 3044 2111 3233 2169; x_wconf 89' lang='lat' dir='ltr'>Aliud</span> 
     </span>
     <span class='ocr_line' id='line_1_53' title="bbox 1938 2200 3231 2276; baseline -0.002 -16"><span class='ocrx_word' id='word_1_445' title='bbox 1938 2219 2086 2276; x_wconf 89' lang='lat' dir='ltr'>opus</span> <span class='ocrx_word' id='word_1_446' title='bbox 2116 2201 2298 2276; x_wconf 90' lang='lat' dir='ltr'>idque</span> <span class='ocrx_word' id='word_1_447' title='bbox 2335 2200 2706 2259; x_wconf 86' lang='lat' dir='ltr'>rarissimum</span> <span class='ocrx_word' id='word_1_448' title='bbox 2740 2203 2863 2257; x_wconf 85' lang='lat' dir='ltr'>est:</span> <span class='ocrx_word' id='word_1_449' title='bbox 2910 2200 3231 2258; x_wconf 78' lang='lat' dir='ltr'>Britannia</span> 
     </span>
     <span class='ocr_line' id='line_1_54' title="bbox 1939 2288 3235 2359; baseline -0.001 -11"><span class='ocrx_word' id='word_1_450' title='bbox 1939 2291 2233 2349; x_wconf 77' lang='lat' dir='ltr'>illustrata</span> <span class='ocrx_word' id='word_1_451' title='bbox 2264 2290 2388 2349; x_wconf 82' lang='lat' dir='ltr'>sive</span> <span class='ocrx_word' id='word_1_452' title='bbox 2419 2288 2604 2359; x_wconf 89' lang='lat' dir='ltr'>Lucii,</span> <span class='ocrx_word' id='word_1_453' title='bbox 2639 2288 2914 2357; x_wconf 86' lang='lat' dir='ltr'>Helenae,</span> <span class='ocrx_word' id='word_1_454' title='bbox 2950 2288 3235 2347; x_wconf 85' lang='lat' dir='ltr'>Constan-</span> 
     </span>
     <span class='ocr_line' id='line_1_55' title="bbox 1940 2379 3232 2454; baseline -0.001 -17"><span class='ocrx_word' id='word_1_455' title='bbox 1940 2379 2070 2449; x_wconf 83' lang='lat' dir='ltr'>tini,</span> <span class='ocrx_word' id='word_1_456' title='bbox 2121 2380 2450 2454; x_wconf 91' lang='lat' dir='ltr'>primorum</span> <span class='ocrx_word' id='word_1_457' title='bbox 2480 2396 2689 2453; x_wconf 91' lang='lat' dir='ltr'>regum</span> <span class='ocrx_word' id='word_1_458' title='bbox 2721 2381 2783 2436; x_wconf 90' lang='lat' dir='ltr'>et</span> <span class='ocrx_word' id='word_1_459' title='bbox 2812 2379 3232 2453; x_wconf 86' lang='lat' dir='ltr'>Augustorum</span> 
     </span>
     <span class='ocr_line' id='line_1_56' title="bbox 1938 2466 3231 2542; baseline 0 -17"><span class='ocrx_word' id='word_1_460' title='bbox 1938 2468 2399 2526; x_wconf 88' lang='lat' dir='ltr'>christianorum</span> <span class='ocrx_word' id='word_1_461' title='bbox 2432 2466 2625 2541; x_wconf 87' lang='lat' dir='ltr'>patria</span> <span class='ocrx_word' id='word_1_462' title='bbox 2655 2470 2717 2524; x_wconf 91' lang='lat' dir='ltr'>et</span> <span class='ocrx_word' id='word_1_463' title='bbox 2749 2466 2910 2536; x_wconf 86' lang='lat' dir='ltr'>fides,</span> <span class='ocrx_word' id='word_1_464' title='bbox 2955 2484 3091 2524; x_wconf 87' lang='lat' dir='ltr'>cum</span> <span class='ocrx_word' id='word_1_465' title='bbox 3125 2486 3231 2542; x_wconf 88' lang='lat' dir='ltr'>ap-</span> 
     </span>
     <span class='ocr_line' id='line_1_57' title="bbox 1939 2554 3229 2633; baseline -0.001 -17"><span class='ocrx_word' id='word_1_466' title='bbox 1939 2556 2183 2633; x_wconf 85' lang='lat' dir='ltr'>pendice</span> <span class='ocrx_word' id='word_1_467' title='bbox 2227 2555 2300 2615; x_wconf 93' lang='lat' dir='ltr'>de</span> <span class='ocrx_word' id='word_1_468' title='bbox 2340 2555 2534 2614; x_wconf 91' lang='lat' dir='ltr'>tribus</span> <span class='ocrx_word' id='word_1_469' title='bbox 2566 2554 2738 2613; x_wconf 91' lang='lat' dir='ltr'>hodie</span> <span class='ocrx_word' id='word_1_470' title='bbox 2770 2555 3229 2616; x_wconf 80' lang='lat' dir='ltr'>controversiis:</span> 
     </span>
     <span class='ocr_line' id='line_1_58' title="bbox 1938 2644 3228 2721; baseline 0.002 -18"><span class='ocrx_word' id='word_1_471' title='bbox 1938 2647 2009 2705; x_wconf 89' lang='lat' dir='ltr'>de</span> <span class='ocrx_word' id='word_1_472' title='bbox 2055 2646 2332 2721; x_wconf 88' lang='lat' dir='ltr'>paschate</span> <span class='ocrx_word' id='word_1_473' title='bbox 2377 2645 2816 2714; x_wconf 87' lang='lat' dir='ltr'>Britannorum,</span> <span class='ocrx_word' id='word_1_474' title='bbox 2868 2644 2941 2703; x_wconf 91' lang='lat' dir='ltr'>de</span> <span class='ocrx_word' id='word_1_475' title='bbox 2985 2644 3228 2705; x_wconf 89' lang='lat' dir='ltr'>clerico-</span> 
     </span>
     <span class='ocr_line' id='line_1_59' title="bbox 1937 2734 3236 2810; baseline 0 -17"><span class='ocrx_word' id='word_1_476' title='bbox 1937 2755 2071 2793; x_wconf 90' lang='lat' dir='ltr'>rum</span> <span class='ocrx_word' id='word_1_477' title='bbox 2116 2736 2345 2810; x_wconf 88' lang='lat' dir='ltr'>nuptiis</span> <span class='ocrx_word' id='word_1_478' title='bbox 2390 2737 2453 2793; x_wconf 90' lang='lat' dir='ltr'>et</span> <span class='ocrx_word' id='word_1_479' title='bbox 2516 2752 2661 2791; x_wconf 91' lang='lat' dir='ltr'>num</span> <span class='ocrx_word' id='word_1_480' title='bbox 2725 2735 2869 2792; x_wconf 86' lang='lat' dir='ltr'>olim</span> <span class='ocrx_word' id='word_1_481' title='bbox 2914 2734 3236 2793; x_wconf 87' lang='lat' dir='ltr'>Britannia</span> 
     </span>
     <span class='ocr_line' id='line_1_60' title="bbox 1939 2821 3229 2892; baseline 0 -10"><span class='ocrx_word' id='word_1_482' title='bbox 1939 2824 2188 2883; x_wconf 89' lang='lat' dir='ltr'>coluerit</span> <span class='ocrx_word' id='word_1_483' title='bbox 2233 2842 2534 2882; x_wconf 89' lang='lat' dir='ltr'>romanam</span> <span class='ocrx_word' id='word_1_484' title='bbox 2578 2821 2752 2881; x_wconf 71' lang='lat' dir='ltr'>eccles</span> <span class='ocrx_word' id='word_1_485' title='bbox 2764 2823 2902 2892; x_wconf 89' lang='lat' dir='ltr'>iam,</span> <span class='ocrx_word' id='word_1_486' title='bbox 2949 2823 3229 2882; x_wconf 82' lang='lat' dir='ltr'>Antwer-</span> 
     </span>
     <span class='ocr_line' id='line_1_61' title="bbox 1940 2910 3231 2988; baseline -0.001 -17"><span class='ocrx_word' id='word_1_487' title='bbox 1940 2913 2070 2988; x_wconf 91' lang='lat' dir='ltr'>piae</span> <span class='ocrx_word' id='word_1_488' title='bbox 2112 2921 2268 2974; x_wconf 89' lang='lat'>1641</span> <span class='ocrx_word' id='word_1_489' title='bbox 2310 2912 2372 2971; x_wconf 93' lang='lat' dir='ltr'>in</span> <span class='ocrx_word' id='word_1_490' title='bbox 2396 2921 2450 2972; x_wconf 92' lang='lat'>4.</span> <span class='ocrx_word' id='word_1_491' title='bbox 2485 2910 2816 2985; x_wconf 90' lang='lat' dir='ltr'>Utrumque</span> <span class='ocrx_word' id='word_1_492' title='bbox 2844 2929 2992 2986; x_wconf 84' lang='lat' dir='ltr'>opus</span> <span class='ocrx_word' id='word_1_493' title='bbox 3026 2912 3231 2988; x_wconf 88' lang='lat' dir='ltr'>magni</span> 
     </span>
     <span class='ocr_line' id='line_1_62' title="bbox 1938 3000 3232 3076; baseline 0 -16"><span class='ocrx_word' id='word_1_494' title='bbox 1938 3005 2032 3061; x_wconf 90' lang='lat' dir='ltr'>est</span> <span class='ocrx_word' id='word_1_495' title='bbox 2062 3001 2346 3060; x_wconf 88' lang='lat' dir='ltr'>momenti</span> <span class='ocrx_word' id='word_1_496' title='bbox 2389 3018 2498 3076; x_wconf 91' lang='lat' dir='ltr'>pro</span> <span class='ocrx_word' id='word_1_497' title='bbox 2531 3000 2781 3059; x_wconf 85' lang='lat' dir='ltr'>historia</span> <span class='ocrx_word' id='word_1_498' title='bbox 2830 3000 3232 3060; x_wconf 85' lang='lat' dir='ltr'>ecclesiastica</span> 
     </span>
     <span class='ocr_line' id='line_1_63' title="bbox 1938 3086 3230 3171; baseline -0.002 -22"><span class='ocrx_word' id='word_1_499' title='bbox 1938 3086 2269 3171; x_wconf 84' lang='lat' dir='ltr'>Angliael).</span> <span class='ocrx_word' id='word_1_500' title='bbox 2321 3122 2407 3132; x_wconf 89' lang='lat'>—</span> <span class='ocrx_word' id='word_1_501' title='bbox 2453 3089 2697 3148; x_wconf 83' lang='lat' dir='ltr'>Florum</span> <span class='ocrx_word' id='word_1_502' title='bbox 2741 3089 3015 3148; x_wconf 73' lang='lat' dir='ltr'>historiae</span> <span class='ocrx_word' id='word_1_503' title='bbox 3061 3091 3230 3148; x_wconf 72' lang='lat' dir='ltr'>eccle-</span> 
     </span>
     <span class='ocr_line' id='line_1_64' title="bbox 1938 3178 3226 3256; baseline 0.001 -20"><span class='ocrx_word' id='word_1_504' title='bbox 1938 3181 2209 3238; x_wconf 80' lang='lat' dir='ltr'>siasticae</span> <span class='ocrx_word' id='word_1_505' title='bbox 2234 3181 2417 3256; x_wconf 74' lang='lat' dir='ltr'>yentis</span> <span class='ocrx_word' id='word_1_506' title='bbox 2447 3178 2771 3256; x_wconf 76' lang='lat' dir='ltr'>Anqlorum</span> <span class='ocrx_word' id='word_1_507' title='bbox 2802 3179 2859 3240; x_wconf 77' lang='grc' dir='ltr'>ΙΙ.</span> <span class='ocrx_word' id='word_1_508' title='bbox 2897 3179 2952 3248; x_wconf 87' lang='grc'>7,</span> <span class='ocrx_word' id='word_1_509' title='bbox 2986 3196 3055 3235; x_wconf 82' lang='lat' dir='ltr'>ex</span> <span class='ocrx_word' id='word_1_510' title='bbox 3088 3179 3226 3254; x_wconf 85' lang='lat' dir='ltr'>qui-</span> 
     </span>
     <span class='ocr_line' id='line_1_65' title="bbox 1939 3266 3227 3326; baseline 0.001 -1"><span class='ocrx_word' id='word_1_511' title='bbox 1939 3268 2051 3326; x_wconf 88' lang='lat' dir='ltr'>bus</span> <span class='ocrx_word' id='word_1_512' title='bbox 2095 3266 2508 3326; x_wconf 88' lang='lat' dir='ltr'>dulcissimum</span> <span class='ocrx_word' id='word_1_513' title='bbox 2560 3267 2676 3324; x_wconf 92' lang='lat' dir='ltr'>mel</span> <span class='ocrx_word' id='word_1_514' title='bbox 2719 3267 3039 3326; x_wconf 88' lang='lat' dir='ltr'>catholicae</span> <span class='ocrx_word' id='word_1_515' title='bbox 3088 3267 3227 3326; x_wconf 87' lang='lat' dir='ltr'>reli·</span> 
     </span>
     <span class='ocr_line' id='line_1_66' title="bbox 1938 3355 3228 3433; baseline -0.001 -18"><span class='ocrx_word' id='word_1_516' title='bbox 1938 3356 2134 3433; x_wconf 90' lang='lat' dir='ltr'>gionis</span> <span class='ocrx_word' id='word_1_517' title='bbox 2167 3357 2415 3431; x_wconf 86' lang='lat' dir='ltr'>ejusque</span> <span class='ocrx_word' id='word_1_518' title='bbox 2459 3355 2836 3414; x_wconf 89' lang='lat' dir='ltr'>admirabiles</span> <span class='ocrx_word' id='word_1_519' title='bbox 2881 3355 3113 3414; x_wconf 84' lang='lat' dir='ltr'>fructus</span> <span class='ocrx_word' id='word_1_520' title='bbox 3161 3356 3228 3414; x_wconf 90' lang='lat' dir='ltr'>in</span> 
     </span>
     <span class='ocr_line' id='line_1_67' title="bbox 1938 3444 3226 3521; baseline -0.002 -17"><span class='ocrx_word' id='word_1_521' title='bbox 1938 3465 2004 3504; x_wconf 88' lang='lat' dir='ltr'>ea</span> <span class='ocrx_word' id='word_1_522' title='bbox 2036 3449 2214 3521; x_wconf 89' lang='lat' dir='ltr'>gente</span> <span class='ocrx_word' id='word_1_523' title='bbox 2247 3444 2645 3519; x_wconf 85' lang='lat' dir='ltr'>copiosissime</span> <span class='ocrx_word' id='word_1_524' title='bbox 2670 3444 3055 3520; x_wconf 89' lang='lat' dir='ltr'>colliguntur,</span> <span class='ocrx_word' id='word_1_525' title='bbox 3089 3463 3226 3502; x_wconf 89' lang='lat' dir='ltr'>cum</span> 
     </span>
     <span class='ocr_line' id='line_1_68' title="bbox 1939 3533 3227 3610; baseline -0.001 -17"><span class='ocrx_word' id='word_1_526' title='bbox 1939 3534 2194 3610; x_wconf 89' lang='lat' dir='ltr'>epistola</span> <span class='ocrx_word' id='word_1_527' title='bbox 2225 3533 2299 3592; x_wconf 90' lang='lat' dir='ltr'>ad</span> <span class='ocrx_word' id='word_1_528' title='bbox 2331 3533 2622 3592; x_wconf 84' lang='lat' dir='ltr'>Jacobum</span> <span class='ocrx_word' id='word_1_529' title='bbox 2662 3552 2863 3610; x_wconf 90' lang='lat' dir='ltr'>regem</span> <span class='ocrx_word' id='word_1_530' title='bbox 2895 3534 2968 3591; x_wconf 88' lang='lat' dir='ltr'>de</span> <span class='ocrx_word' id='word_1_531' title='bbox 2998 3534 3227 3592; x_wconf 84' lang='lat' dir='ltr'>mutuis</span> 
     </span>
     <span class='ocr_line' id='line_1_69' title="bbox 1939 3622 3224 3697; baseline -0.002 -15"><span class='ocrx_word' id='word_1_532' title='bbox 1939 3623 2147 3683; x_wconf 85' lang='lat' dir='ltr'>officiis</span> <span class='ocrx_word' id='word_1_533' title='bbox 2192 3623 2351 3681; x_wconf 88' lang='lat' dir='ltr'>inter</span> <span class='ocrx_word' id='word_1_534' title='bbox 2394 3640 2655 3681; x_wconf 90' lang='lat' dir='ltr'>summos</span> <span class='ocrx_word' id='word_1_535' title='bbox 2701 3622 3008 3697; x_wconf 88' lang='lat' dir='ltr'>pontifices</span> <span class='ocrx_word' id='word_1_536' title='bbox 3053 3628 3116 3681; x_wconf 87' lang='lat' dir='ltr'>et</span> <span class='ocrx_word' id='word_1_537' title='bbox 3150 3623 3224 3680; x_wconf 79' lang='lat' dir='ltr'>M.</span> 
     </span>
     <span class='ocr_line' id='line_1_70' title="bbox 1940 3709 3222 3786; baseline 0.003 -16"><span class='ocrx_word' id='word_1_538' title='bbox 1940 3712 2285 3772; x_wconf 85' lang='lat' dir='ltr'>Britanniae</span> <span class='ocrx_word' id='word_1_539' title='bbox 2318 3729 2503 3786; x_wconf 87' lang='lat' dir='ltr'>reges,</span> <span class='ocrx_word' id='word_1_540' title='bbox 2556 3709 2746 3770; x_wconf 88' lang='lat' dir='ltr'>edidit</span> <span class='ocrx_word' id='word_1_541' title='bbox 2777 3711 3016 3770; x_wconf 87' lang='lat' dir='ltr'>Parisiis</span> <span class='ocrx_word' id='word_1_542' title='bbox 3060 3721 3222 3773; x_wconf 87' lang='lat'>1654</span> 
     </span>
     <span class='ocr_line' id='line_1_71' title="bbox 1937 3798 3224 3860; baseline -0.001 -1"><span class='ocrx_word' id='word_1_543' title='bbox 1937 3802 2001 3859; x_wconf 87' lang='lat' dir='ltr'>in</span> <span class='ocrx_word' id='word_1_544' title='bbox 2030 3802 2069 3860; x_wconf 85' lang='lat' dir='ltr'>f.</span> <span class='ocrx_word' id='word_1_545' title='bbox 2130 3798 2455 3859; x_wconf 85' lang='lat' dir='ltr'>Richardus</span> <span class='ocrx_word' id='word_1_546' title='bbox 2503 3800 2751 3858; x_wconf 90' lang='lat' dir='ltr'>Smith</span> <span class='ocrx_word' id='word_1_547' title='bbox 2794 3800 3224 3859; x_wconf 84' lang='lat' dir='ltr'>Lincolniensis</span> 
     </span>
     <span class='ocr_line' id='line_1_72' title="bbox 1938 3889 3225 3966; baseline -0.001 -18"><span class='ocrx_word' id='word_1_548' title='bbox 1938 3910 1996 3951; x_wconf 93' lang='lat' dir='ltr'>n.</span> <span class='ocrx_word' id='word_1_549' title='bbox 2053 3900 2239 3960; x_wconf 88' lang='grc'><strong>1560,</strong></span> <span class='ocrx_word' id='word_1_550' title='bbox 2302 3890 2365 3947; x_wconf 90' lang='lat' dir='ltr'>in</span> <span class='ocrx_word' id='word_1_551' title='bbox 2412 3889 2656 3966; x_wconf 87' lang='lat' dir='ltr'>collegio</span> <span class='ocrx_word' id='word_1_552' title='bbox 2700 3890 3034 3966; x_wconf 81' lang='lat' dir='ltr'>Anglorum</span> <span class='ocrx_word' id='word_1_553' title='bbox 3077 3889 3225 3948; x_wconf 89' lang='lat' dir='ltr'>dua·</span> 
     </span>
     <span class='ocr_line' id='line_1_73' title="bbox 1938 3977 3228 4055; baseline -0.001 -18"><span class='ocrx_word' id='word_1_554' title='bbox 1938 3998 2080 4038; x_wconf 89' lang='lat' dir='ltr'>ceno</span> <span class='ocrx_word' id='word_1_555' title='bbox 2143 3979 2475 4055; x_wconf 90' lang='lat' dir='ltr'>theologiae</span> <span class='ocrx_word' id='word_1_556' title='bbox 2526 3979 2848 4054; x_wconf 87' lang='lat' dir='ltr'>professor,</span> <span class='ocrx_word' id='word_1_557' title='bbox 2912 3977 3228 4053; x_wconf 88' lang='lat' dir='ltr'>episcopus</span> 
     </span>
     <span class='ocr_line' id='line_1_74' title="bbox 1940 4064 3229 4149; baseline -0.005 -19"><span class='ocrx_word' id='word_1_558' title='bbox 1940 4064 2167 4149; x_wconf 90' lang='lat'>(1624)</span> <span class='ocrx_word' id='word_1_559' title='bbox 2200 4067 2699 4136; x_wconf 86' lang='lat' dir='ltr'>chalcedonensis,</span> <span class='ocrx_word' id='word_1_560' title='bbox 2752 4070 2933 4126; x_wconf 89' lang='lat' dir='ltr'>notus</span> <span class='ocrx_word' id='word_1_561' title='bbox 2978 4070 3229 4142; x_wconf 87' lang='lat' dir='ltr'>propter</span> 
     </span>
     <span class='ocr_line' id='line_1_75' title="bbox 1937 4156 3227 4231; baseline -0.002 -17"><span class='ocrx_word' id='word_1_562' title='bbox 1937 4176 2099 4215; x_wconf 88' lang='lat' dir='ltr'>acres</span> <span class='ocrx_word' id='word_1_563' title='bbox 2133 4157 2583 4224; x_wconf 77' lang='lat' dir='ltr'>controversiaS,</span> <span class='ocrx_word' id='word_1_564' title='bbox 2630 4175 2781 4231; x_wconf 88' lang='lat' dir='ltr'>quae</span> <span class='ocrx_word' id='word_1_565' title='bbox 2828 4156 2987 4214; x_wconf 90' lang='lat' dir='ltr'>inter</span> <span class='ocrx_word' id='word_1_566' title='bbox 3030 4156 3227 4230; x_wconf 88' lang='lat' dir='ltr'>ipsum</span> 
     </span>
     <span class='ocr_line' id='line_1_76' title="bbox 1938 4244 3222 4322; baseline -0.001 -19"><span class='ocrx_word' id='word_1_567' title='bbox 1938 4249 1998 4303; x_wconf 87' lang='lat' dir='ltr'>et</span> <span class='ocrx_word' id='word_1_568' title='bbox 2042 4247 2347 4322; x_wconf 86' lang='lat' dir='ltr'>regulares</span> <span class='ocrx_word' id='word_1_569' title='bbox 2391 4245 2678 4303; x_wconf 79' lang='lat' dir='ltr'>excitatae</span> <span class='ocrx_word' id='word_1_570' title='bbox 2718 4244 2900 4315; x_wconf 88' lang='lat' dir='ltr'>fuere,</span> <span class='ocrx_word' id='word_1_571' title='bbox 2953 4262 3222 4319; x_wconf 88' lang='lat' dir='ltr'>quaeque</span> 
     </span>
    </p>
   </div>
   <div class='ocr_carea' id='block_1_10' title="bbox 1945 4369 2263 4376">
    <p class='ocr_par' dir='ltr' id='par_1_10' title="bbox 1945 4369 2263 4376">
     <span class='ocr_line' id='line_1_77' title="bbox 1945 4369 2263 4376; baseline 0 0"><span class='ocrx_word' id='word_1_572' title='bbox 1945 4369 2263 4376; x_wconf 95' lang='lat' dir='ltr'> </span> 
     </span>
    </p>
   </div>
   <div class='ocr_carea' id='block_1_11' title="bbox 1937 4431 3231 4712">
    <p class='ocr_par' dir='ltr' id='par_1_11' title="bbox 1937 4431 3231 4712">
     <span class='ocr_line' id='line_1_78' title="bbox 2018 4431 3231 4503; baseline 0 -18"><span class='ocrx_word' id='word_1_573' title='bbox 2018 4437 2053 4503; x_wconf 87' lang='lat'>¹)</span> <span class='ocrx_word' id='word_1_574' title='bbox 2083 4431 2162 4486; x_wconf 91' lang='lat' dir='ltr'>De</span> <span class='ocrx_word' id='word_1_575' title='bbox 2205 4432 2292 4485; x_wconf 88' lang='lat' dir='ltr'>his</span> <span class='ocrx_word' id='word_1_576' title='bbox 2317 4431 2405 4485; x_wconf 86' lang='lat' dir='ltr'>ita</span> <span class='ocrx_word' id='word_1_577' title='bbox 2447 4431 2645 4486; x_wconf 81' lang='lat' dir='ltr'>scribit</span> <span class='ocrx_word' id='word_1_578' title='bbox 2669 4431 2882 4485; x_wconf 80' lang='lat' dir='ltr'>Backer</span> <span class='ocrx_word' id='word_1_579' title='bbox 2909 4432 2949 4496; x_wconf 91' lang='lat' dir='ltr'>I,</span> <span class='ocrx_word' id='word_1_580' title='bbox 2978 4436 3041 4487; x_wconf 87' lang='grc'>71</span> <span class='ocrx_word' id='word_1_581' title='bbox 3066 4452 3078 4486; x_wconf 87' lang='lat'>:</span> <span class='ocrx_word' id='word_1_582' title='bbox 3118 4431 3167 4485; x_wconf 90' lang='lat' dir='ltr'>Il</span> <span class='ocrx_word' id='word_1_583' title='bbox 3192 4447 3231 4499; x_wconf 80' lang='lat' dir='ltr'>y</span> 
     </span>
     <span class='ocr_line' id='line_1_79' title="bbox 1938 4503 3230 4572; baseline -0.001 -16"><span class='ocrx_word' id='word_1_584' title='bbox 1938 4521 1971 4556; x_wconf 86' lang='lat' dir='ltr'>a</span> <span class='ocrx_word' id='word_1_585' title='bbox 1997 4504 2068 4557; x_wconf 92' lang='lat' dir='ltr'>de</span> <span class='ocrx_word' id='word_1_586' title='bbox 2106 4503 2412 4572; x_wconf 81' lang='lat' dir='ltr'>profondes</span> <span class='ocrx_word' id='word_1_587' title='bbox 2453 4504 2775 4557; x_wconf 85' lang='lat' dir='ltr'>recherches</span> <span class='ocrx_word' id='word_1_588' title='bbox 2815 4503 2955 4556; x_wconf 81' lang='lat' dir='ltr'>dans</span> <span class='ocrx_word' id='word_1_589' title='bbox 3001 4518 3089 4557; x_wconf 86' lang='lat' dir='ltr'>ces</span> <span class='ocrx_word' id='word_1_590' title='bbox 3115 4503 3230 4555; x_wconf 82' lang='lat' dir='ltr'>An-</span> 
     </span>
     <span class='ocr_line' id='line_1_80' title="bbox 1938 4572 3231 4638; baseline 0 -12"><span class='ocrx_word' id='word_1_591' title='bbox 1938 4574 2114 4638; x_wconf 81' lang='lat' dir='ltr'>nales,</span> <span class='ocrx_word' id='word_1_592' title='bbox 2142 4578 2213 4628; x_wconf 74' lang='lat' dir='ltr'>ou</span> <span class='ocrx_word' id='word_1_593' title='bbox 2249 4575 2511 4629; x_wconf 85' lang='lat' dir='ltr'>l&#39;auteur</span> <span class='ocrx_word' id='word_1_594' title='bbox 2538 4592 2571 4629; x_wconf 88' lang='lat' dir='ltr'>a</span> <span class='ocrx_word' id='word_1_595' title='bbox 2597 4574 2740 4628; x_wconf 85' lang='lat' dir='ltr'>suivi</span> <span class='ocrx_word' id='word_1_596' title='bbox 2782 4574 2840 4628; x_wconf 87' lang='lat' dir='ltr'>la</span> <span class='ocrx_word' id='word_1_597' title='bbox 2864 4572 3133 4627; x_wconf 72' lang='lat' dir='ltr'>methode</span> <span class='ocrx_word' id='word_1_598' title='bbox 3160 4573 3231 4627; x_wconf 92' lang='lat' dir='ltr'>de</span> 
     </span>
     <span class='ocr_line' id='line_1_81' title="bbox 1937 4643 3231 4712; baseline -0.001 -15"><span class='ocrx_word' id='word_1_599' title='bbox 1937 4645 2229 4699; x_wconf 79' lang='lat' dir='ltr'>Batonius.</span> <span class='ocrx_word' id='word_1_600' title='bbox 2285 4646 2360 4700; x_wconf 89' lang='lat' dir='ltr'>Le</span> <span class='ocrx_word' id='word_1_601' title='bbox 2401 4646 2460 4700; x_wconf 90' lang='lat' dir='ltr'>P.</span> <span class='ocrx_word' id='word_1_602' title='bbox 2489 4645 2684 4701; x_wconf 87' lang='lat' dir='ltr'>Serein</span> <span class='ocrx_word' id='word_1_603' title='bbox 2720 4646 2890 4699; x_wconf 82' lang='lat' dir='ltr'>Cres</span> <span class='ocrx_word' id='word_1_604' title='bbox 2909 4661 3013 4712; x_wconf 83' lang='lat' dir='ltr'>sy,</span> <span class='ocrx_word' id='word_1_605' title='bbox 3056 4643 3231 4697; x_wconf 74' lang='lat' dir='ltr'>Bene·</span> 
     </span>
    </p>
   </div>
   <div class='ocr_carea' id='block_1_12' title="bbox 669 4708 3228 4797">
    <p class='ocr_par' dir='ltr' id='par_1_12' title="bbox 669 4708 3228 4797">
     <span class='ocr_line' id='line_1_82' title="bbox 669 4708 3228 4797; baseline 0.004 -37"><span class='ocrx_word' id='word_1_606' title='bbox 669 4715 711 4771; x_wconf 79' lang='lat'>²)</span> <span class='ocrx_word' id='word_1_607' title='bbox 738 4708 822 4762; x_wconf 84' lang='lat' dir='ltr'>Cf.</span> <span class='ocrx_word' id='word_1_608' title='bbox 848 4709 1182 4765; x_wconf 87' lang='lat' dir='ltr'>Bellesheim</span> <span class='ocrx_word' id='word_1_609' title='bbox 1225 4712 1425 4766; x_wconf 85' lang='lat' dir='ltr'>Geseh.</span> <span class='ocrx_word' id='word_1_610' title='bbox 1465 4714 1562 4768; x_wconf 87' lang='lat' dir='ltr'>der</span> <span class='ocrx_word' id='word_1_611' title='bbox 1589 4715 1646 4772; x_wconf 87' lang='lat' dir='ltr'>k.</span> <span class='ocrx_word' id='word_1_612' title='bbox 1678 4715 1881 4769; x_wconf 86' lang='lat' dir='ltr'>Kirche</span> <span class='ocrx_word' id='word_1_613' title='bbox 1938 4716 2118 4769; x_wconf 88' lang='lat' dir='ltr'>dictin</span> <span class='ocrx_word' id='word_1_614' title='bbox 2140 4715 2362 4797; x_wconf 77' lang='lat' dir='ltr'>anglais</span> <span class='ocrx_word' id='word_1_615' title='bbox 2389 4718 2457 4771; x_wconf 90' lang='lat' dir='ltr'>de</span> <span class='ocrx_word' id='word_1_616' title='bbox 2482 4717 2679 4781; x_wconf 87' lang='lat' dir='ltr'>Douai‚</span> <span class='ocrx_word' id='word_1_617' title='bbox 2707 4734 2777 4771; x_wconf 89' lang='lat' dir='ltr'>en</span> <span class='ocrx_word' id='word_1_618' title='bbox 2803 4732 2837 4769; x_wconf 90' lang='lat' dir='ltr'>a</span> <span class='ocrx_word' id='word_1_619' title='bbox 2856 4716 3064 4785; x_wconf 78' lang='lat' dir='ltr'>proflte</span> <span class='ocrx_word' id='word_1_620' title='bbox 3083 4731 3228 4783; x_wconf 87' lang='lat' dir='ltr'>pour</span> 
     </span>
    </p>
   </div>
   <div class='ocr_carea' id='block_1_13' title="bbox 596 4776 1594 4847">
    <p class='ocr_par' dir='ltr' id='par_1_13' title="bbox 596 4776 1594 4847">
     <span class='ocr_line' id='line_1_83' title="bbox 596 4776 1594 4847; baseline 0.011 -19"><span class='ocrx_word' id='word_1_621' title='bbox 596 4777 656 4828; x_wconf 88' lang='lat' dir='ltr'>in</span> <span class='ocrx_word' id='word_1_622' title='bbox 682 4776 776 4830; x_wconf 73' lang='lat'>111.</span> <span class='ocrx_word' id='word_1_623' title='bbox 804 4778 871 4842; x_wconf 87' lang='lat'>11,</span> <span class='ocrx_word' id='word_1_624' title='bbox 898 4783 1017 4835; x_wconf 78' lang='lat'>352.</span> <span class='ocrx_word' id='word_1_625' title='bbox 1044 4785 1164 4837; x_wconf 79' lang='lat'>454.</span> <span class='ocrx_word' id='word_1_626' title='bbox 1190 4786 1328 4841; x_wconf 80' lang='lat'>489:</span> <span class='ocrx_word' id='word_1_627' title='bbox 1355 4782 1445 4847; x_wconf 86' lang='lat'>111,</span> <span class='ocrx_word' id='word_1_628' title='bbox 1473 4789 1594 4842; x_wconf 82' lang='lat'>691.</span> 
     </span>
    </p>
   </div>
   <div class='ocr_carea' id='block_1_14' title="bbox 1937 4786 3226 4859">
    <p class='ocr_par' dir='ltr' id='par_1_14' title="bbox 1937 4786 3226 4859">
     <span class='ocr_line' id='line_1_84' title="bbox 1937 4786 3226 4859; baseline 0.001 -19"><span class='ocrx_word' id='word_1_629' title='bbox 1937 4803 2039 4840; x_wconf 90' lang='lat' dir='ltr'>son</span> <span class='ocrx_word' id='word_1_630' title='bbox 2053 4786 2300 4841; x_wconf 79' lang='lat' dir='ltr'>Histoire</span> <span class='ocrx_word' id='word_1_631' title='bbox 2318 4786 2387 4840; x_wconf 90' lang='lat' dir='ltr'>de</span> <span class='ocrx_word' id='word_1_632' title='bbox 2403 4787 2634 4859; x_wconf 85' lang='lat' dir='ltr'>l&#39;Eglise</span> <span class='ocrx_word' id='word_1_633' title='bbox 2646 4786 3058 4858; x_wconf 82' lang='lat' dir='ltr'>d&#39;Angleterre,</span> <span class='ocrx_word' id='word_1_634' title='bbox 3070 4789 3226 4844; x_wconf 87' lang='grc'><strong>1688.</strong></span> 
     </span>
    </p>
   </div>
  </div>
 </body>
</html>
