3625 5193
736 225 955 291 Flasch,
980 224 1284 294 Xylander‚
1311 224 1674 290 Hurlimann,
1699 223 2075 294 Eselsperger,
2101 223 2412 278 Cassander
2436 226 2541 278 etc.

332 242 410 296 33
2866 240 2946 294 34

329 413 607 472 tristibus
639 411 980 472 rebellionis
1022 412 1369 470 lutheranae
1400 410 1608 469 fructi·
1660 410 1780 469 tiae
1812 410 2023 468 habitu
2055 410 2304 469 indutus
2324 410 2534 469 sedens
2557 414 2807 470 mortem
2842 431 2948 489 op-

330 504 441 561 bus
475 502 547 561 ad
583 501 900 561 Ecclesiam
947 501 1126 559 rediit
1157 501 1511 559 catholicam
1543 518 1610 558 ac
1662 499 1858 574 petiit.
1893 534 1975 542 —
2010 500 2360 558 Lambertus
2390 501 2595 558 Auer
2628 501 2683 559 S.
2703 501 2758 563 J.
2781 501 2947 560 Tiro-

332 592 603 649 Rationes
620 587 778 672 (22),
797 608 904 648 cur
933 590 1137 649 relicto
1157 590 1608 648 Lutheranismo
1664 588 1844 647 lensis
1904 589 2248 665 Moguntiae
2307 589 2667 664 theologiam
2730 590 2946 649 docuit.

330 681 401 738 ad
443 680 787 739 catholicam
833 698 1139 738 romanam
1183 679 1502 737 Ecclesiam
1547 696 1610 736 se
1662 677 1819 735 Eum
1852 678 2321 737 Commendonus
2340 679 2654 736 cardinalis
2672 680 2947 738 comitem

331 770 629 844 receperit,
652 768 841 827 edidit
860 768 1216 844 Ingolstadii
1258 778 1376 830 157
1387 778 1610 843 6,quas
1663 766 1881 824 habere
1943 766 2133 825 voluit
2177 767 2241 824 in
2293 785 2400 825 sua
2448 786 2555 842 per
2600 768 2949 827 Germaniae

331 860 509 916 Raess
560 858 669 916 Die
700 858 1080 916 Convertiten
1126 856 1201 927 11,
1259 866 1605 919 255—265
1665 855 2150 930 septentrionalis
2173 856 2504 931 provincias
2519 857 2816 932 legatione
2831 876 2950 932 qua

331 954 572 1023 propter
633 965 836 1005 earum
897 946 1325 1020 praestantiam
1377 949 1439 1004 et
1487 944 1609 1003 vim
1663 945 1964 1002 occasione
1994 945 2217 1020 passim
2267 964 2401 1003 cum
2436 945 2789 1004 Lutheranis
2824 946 2947 1005 dis-

329 1036 662 1113 germanice
722 1035 1005 1093 exhibuit.
1097 1034 1278 1093 Aliud
1340 1034 1609 1109 ejusdem
1663 1033 1905 1108 putavit
1935 1050 2155 1108 eosque
2187 1033 2260 1091 ad
2292 1034 2598 1093 silentium
2632 1035 2863 1111 redegit
2876 1031 2945 1116 ¹).

330 1124 686 1200 opusculum
731 1127 823 1182 est
872 1124 1212 1201 Erweisuny
1243 1142 1351 1182 aus
1384 1123 1481 1184 Dr.
1534 1122 1608 1179 M„
1661 1122 1908 1180 Romam
1939 1121 2013 1180 ad
2043 1122 2391 1182 electionem
2442 1125 2580 1182 novi
2622 1123 2946 1200 praepositi

330 1213 581 1273 Luthers
613 1214 862 1290 eigenen
893 1213 1185 1283 michem,
1232 1212 1344 1271 dass
1374 1231 1439 1270 er
1467 1211 1611 1270 kein
1662 1211 1955 1286 generalis
1985 1213 2124 1286 post
2153 1229 2197 1268 s.
2229 1212 2522 1270 Francisci
2543 1213 2795 1290 Borgiae
2816 1213 2945 1272 obi-

329 1302 588 1377 Prophet
662 1302 1108 1371 Teutschlands,
1188 1302 1443 1361 sondern
1510 1300 1610 1359 ein
1663 1304 1796 1357 tum
1846 1319 1881 1357 a
1927 1300 2200 1375 patribus
2261 1301 2601 1376 provinciae
2652 1303 2946 1360 rhenanae

329 1391 561 1451 rechter
593 1391 828 1449 Unssath
862 1409 1149 1467 gewesen,
1182 1391 1260 1449 ib.
1306 1399 1489 1453 1578.
1522 1421 1611 1431 --
1663 1388 1882 1446 missus
1914 1408 2128 1465 magno
2163 1389 2429 1448 omnium
2449 1391 2619 1449 luctu
2649 1392 2744 1450 vix
2778 1392 2947 1449 finita

328 1481 499 1539 Alius
556 1480 660 1555 qui
710 1481 785 1538 ad
837 1499 1034 1538 veram
1077 1479 1254 1538 rediit
1284 1479 1461 1537 fidem
1494 1478 1611 1536 fuit
1664 1477 1950 1536 electione
1984 1478 2135 1537 obiit
2172 1490 2225 1540 7.
2259 1479 2394 1553 Maj.
2437 1487 2624 1541 1573.

328 1570 606 1628 Nicolaus
638 1568 1037 1644 Xylander
1082 1562 1461 1651 (Holzmann)
1495 1569 1610 1627 Bo-

328 1676 553 1727 russus,
588 1661 909 1733 postquam
959 1661 1031 1717 ut
1059 1659 1185 1734 ipse
1216 1658 1441 1715 fatetur
1473 1657 1611 1726 ,in-

328 1747 530 1806 fensus
581 1747 906 1806 catholicae
955 1746 1244 1805 Ecclesiae
1307 1745 1501 1804 hostis
1550 1749 1612 1803 et
1761 1756 1861 1807 17.
1892 1744 1939 1802 Ε
1972 1745 2144 1820 belqt's
2189 1744 2307 1803 duo
2357 1744 2515 1802 haud
2561 1746 2798 1805 obscuri
2830 1747 2945 1805 viri

327 1840 710 1911 persecutor«
744 1836 880 1904 fuit,
935 1839 999 1894 et
1026 1835 1282 1911 pastoris
1314 1835 1612 1893 lutherani
1664 1833 1869 1892 eodem
1915 1852 2069 1892 anno
2113 1828 2344 1915 (1566)
2378 1832 2784 1893 decesserunt:
2835 1836 2946 1894 Ge-

328 1943 572 1984 munere
592 1925 837 1983 functus
866 1928 974 1984 est.
1007 1924 1146 2000 Ipse
1177 1923 1365 1983 edidit
1389 1924 1612 1982 Causas
1665 1922 1868 1999 orgius
1914 1923 2346 1981 Cassander
2391 1918 2451 2000 (†
2486 1933 2539 1986 3.
2575 1920 2793 2004 Febr.)‚
2843 1925 2948 1999 qui

328 2016 584 2081 motivas,
636 2033 742 2073 cur
790 2014 1078 2072 haeresim
1117 2013 1492 2072 lutheranam
1541 2031 1612 2070 ex
1664 2010 1738 2069 ab
1788 2011 1986 2069 insula
2034 2011 2302 2070 Cadsand
2351 2030 2535 2087 prope
2585 2014 2834 2090 Brugas,
2884 2013 2949 2072 in

328 2102 733 2178 compluribus
797 2106 1205 2161 anteactorum
1276 2102 1611 2161 seculorum
1665 2118 1785 2174 qua
1816 2104 1995 2158 natus
2042 2103 2136 2158 est
2165 2120 2214 2158 a.
2257 2110 2440 2169 1513,
2488 2119 2704 2160 nomen
2749 2102 2950 2161 traxit.

328 2191 671 2250 haeresibus
721 2191 1029 2249 conflatam
1072 2192 1196 2266 jam
1229 2191 1469 2249 tandem
1503 2191 1610 2249 Dei
1664 2187 2014 2265 'l'heologiae
2045 2189 2317 2264 quamvis
2359 2190 2545 2248 laicus
2576 2208 2809 2265 operam
2846 2190 2947 2249 de-

330 2281 392 2338 0.
429 2281 502 2341 M.
534 2280 902 2356 benignitate
951 2279 1298 2349 deseruerit,
1349 2283 1412 2337 et
1455 2297 1516 2337 se
1548 2280 1610 2336 in
1666 2277 1786 2335 dit:
1823 2277 1926 2335 sed
1959 2295 2093 2335 cum
2126 2296 2186 2335 se
2206 2278 2334 2353 ipso
2350 2283 2625 2336 uteretur
2644 2280 2944 2356 magistro,

327 2369 692 2428 tutissimam
726 2369 1052 2428 catholicae
1083 2369 1396 2439 Ecclesiae,
1450 2371 1613 2426 extra
1664 2366 1865 2423 minus
1897 2366 2187 2424 sinceram
2209 2366 2578 2442 solidamque
2601 2368 2801 2426 hausit
2820 2370 2948 2443 ejus

328 2477 504 2533 quam
536 2458 703 2516 nulla
732 2462 826 2516 est
857 2459 1036 2528 salus,
1069 2459 1364 2535 gremium
1395 2460 1609 2515 contu·
1665 2455 1958 2524 notitiam,
2007 2473 2260 2530 cumque
2309 2459 2463 2513 esset
2505 2456 2688 2514 animi
2739 2456 2950 2532 placidi

329 2547 854 2624 lerit,1ngolsladii
884 2557 1069 2616 1579,
1103 2566 1252 2624 quas
1282 2546 1612 2624 germanice
1665 2546 1846 2618 atque
1876 2544 2250 2620 indulgentis
2294 2544 2495 2615 nimis,
2543 2546 2702 2620 pacis
2750 2564 2948 2605 amore

327 2637 566 2695 exhibet
595 2637 743 2695 Rasa
777 2656 868 2712 op.
889 2637 987 2695 cit.
1021 2637 1096 2707 II,
1133 2645 1500 2699 401—408.
1527 2669 1607 2678 —-
1665 2634 1966 2709 abreptus,
2001 2634 2178 2692 variis
2212 2634 2273 2692 in
2307 2634 2543 2710 scriptis
2578 2635 2817 2694 modum
2852 2656 2948 2694 ex-

326 2727 411 2784 De
486 2726 715 2784 Joanne
777 2726 933 2784 Har
951 2726 1077 2783 lim
1097 2745 1242 2785 ann
1318 2726 1608 2800 Reppers-

330 2814 523 2873 vilano
554 2814 804 2889 parocho
853 2815 1187 2873 lucernensi
1220 2810 1467 2894 (1562),
1520 2831 1611 2872 ca-

329 2905 539 2961 nonico
600 2903 1196 2962 beromonasteriensi
1259 2900 1315 2983 (1
1335 2913 1410 2966 56
1423 2901 1487 2980 3)
1552 2907 1612 2961 et

1666 2726 1845 2780 cessit
1877 2724 2168 2798 pluraque
2200 2723 2499 2782 doctrinae
2544 2725 2639 2783 vel
2685 2725 2947 2800 discipli-

1665 2830 1772 2868 nae
1804 2812 2129 2871 catholicae
2162 2814 2359 2887 capita
2390 2812 2590 2888 prodit
2622 2815 2716 2872 vel
2739 2815 2947 2872 saltem

1666 2899 1860 2974 carpit
1910 2920 2010 2975 spe
2061 2901 2345 2960 inductus
2397 2901 2668 2960 lucrandi
2719 2910 2946 2978 protes-

328 2992 735 3068 protonotario
798 2988 859 3072 (†
913 3002 1007 3055 16.
1057 2992 1180 3051 Jul.
1242 2987 1454 3072 1577),
1506 2991 1610 3067 qui
1664 2991 1880 3058 tentes,
1945 2987 2303 3064 quibuscum
2367 2991 2549 3049 etiam
2598 2991 2948 3050 familiarius

327 3083 727 3156 protestantes
774 3082 990 3139 acriter
1034 3083 1127 3139 est
1159 3081 1507 3152 insectatus,
1542 3082 1609 3139 cf.

329 3170 562 3228 Bucher
603 3169 741 3246 allg.
773 3170 827 3228 d.
860 3170 1057 3247 Biogr.
1088 3171 1245 3239 XIII,
1284 3180 1409 3232 430
1447 3189 1492 3228 s.
1529 3203 1606 3212 —

329 3257 580 3317 Cornelii
614 3258 660 3315 E
677 3277 704 3316 s
718 3277 749 3316 e
764 3259 785 3316 1
803 3277 829 3316 s
848 3278 885 3334 p
900 3277 932 3317 e
948 3279 979 3316 r
991 3279 1033 3335 g
1046 3278 1078 3318 e
1094 3279 1124 3316 1·
1141 3255 1204 3340 ¹),
1227 3259 1331 3334 qui
1354 3259 1607 3317 scholam

329 3362 541 3422 magna
572 3347 871 3406 industria
889 3349 1043 3406 rexit
1065 3348 1611 3425 gengenbacensem

1665 3079 2140 3137 conversabatur.
2219 3079 2371 3137 Hinc
2450 3080 2740 3153 quaedam
2819 3081 2946 3154 ejus

1665 3167 1968 3241 opuscula,
2020 3171 2091 3225 ut
2139 3169 2207 3225 de
2256 3169 2446 3242 officio
2487 3171 2583 3241 pii
2614 3176 2664 3226 et
2686 3169 2949 3244 publicae

1666 3258 2114 3332 tranquillitatis
2145 3276 2272 3314 vere
2302 3260 2563 3315 amantis
2595 3261 2710 3316 viri
2742 3259 2805 3315 in
2841 3258 2949 3316 hoc

1666 3344 1969 3420 religionis
1990 3345 2254 3415 dissidio,
2295 3355 2481 3416 1561,
2516 3364 2648 3404 cum
2683 3347 2948 3422 ejusdem

334 3431 785 3516 (1540·1555),
819 3437 968 3511 disp.
989 3438 1058 3494 de
1102 3437 1376 3496 coelibatu
1409 3437 1609 3494 minis·
1664 3433 1990 3505 defensione
2039 3443 2237 3504 1562;
2290 3434 2569 3510 Lugduni
2626 3444 2788 3497 1612
2846 3433 2946 3515 (li-

330 3533 559 3583 trorum
590 3524 910 3584 catholicae
933 3526 1228 3585 Ecclesiae
1262 3524 1608 3600 Offenburgi

333 3610 559 3694 (1565)
595 3613 798 3672 habita
845 3614 1136 3690 prodiisse
1185 3616 1409 3692 legitur
1439 3615 1609 3673 Colo-

1666 3522 1860 3580 bellus
1912 3523 2080 3580 valde
2132 3519 2347 3602 rarus),
2401 3523 2650 3597 ideoque
2703 3542 2946 3599 operum

1665 3611 1792 3685 ejus
1839 3607 2189 3691 collectio2),
2242 3611 2484 3669 Parisiis
2553 3623 2708 3674 1616
2766 3609 2946 3692 (quae

331 3702 463 3759 niae
505 3711 687 3764 1570.
720 3703 863 3761 Post
892 3703 1076 3761 vitam
1108 3703 1267 3779 piam
1301 3703 1610 3779 poeniten·
1664 3702 1865 3757 tamen
1887 3700 2178 3774 completa
2197 3719 2317 3758 non
2337 3705 2427 3758 est
2439 3701 2738 3759 etmendis
2756 3702 2947 3759 abun·

411 3933 445 3990 ¹)
474 3924 979 3979 praetermittimus
1015 3925 1256 3980 Paulum
1300 3926 1335 3980 S
1354 3927 1391 3979 k
1408 3945 1441 3980 a·
1457 3927 1511 3980 li
1529 3944 1558 3980 c
1574 3927 1609 3978 h

330 3997 396 4049 de
422 3996 565 4049 Lika
593 3996 898 4065 Zagabriae
925 3997 986 4050 in
1015 3998 1239 4052 Oroatia
1266 4002 1407 4054 1534
1434 3999 1611 4052 nobili

332 4068 502 4136 stirpe
530 4070 891 4137 prognatum,
919 4085 1048 4121 cum
1070 4085 1184 4122 non
1210 4069 1350 4121 satis
1374 4070 1609 4137 liqueat,

331 4157 469 4191 num
485 4157 595 4192 non
615 4138 845 4207 penitus
860 4139 933 4192 ad
947 4140 1301 4193 Lutheranos
1317 4141 1611 4194 defecerit:

332 4227 461 4262 nam
490 4210 594 4263 etsi
621 4210 873 4263 sacerdos
913 4211 1339 4264 matrimonium
1380 4211 1512 4264 iniit
1538 4215 1612 4275 et,

331 4297 453 4332 cum
490 4282 736 4334 Viennae
763 4281 1007 4350 degeret,
1049 4283 1119 4335 ob
1160 4299 1291 4335 suas
1318 4282 1613 4351 opiniones

332 4350 576 4404 haeresis
602 4352 715 4404 fuit
738 4352 1116 4407 insimulatus.
1160 4353 1344 4406 Multa
1372 4355 1610 4422 scripsit,

1666 3785 1790 3867 dat)
1812 3790 1875 3846 in
1889 3789 2142 3847 indicem
2161 3790 2324 3848 fuere
2353 3791 2540 3848 relata
2569 3791 2719 3848 decr.
2743 3799 2795 3851 2.
2815 3791 2946 3847 Dec.

1675 3886 1857 3940 1617.
1921 3878 2173 3952 Propter
2223 3897 2398 3936 suum
2455 3880 2614 3954 pacis
2680 3879 2949 3937 studium

1667 3973 2052 4042 peracceptus
2095 3970 2220 4025 erat
2250 3967 2621 4026 Ferdinando
2655 3968 2698 4026 Ι.
2733 3972 2792 4025 et
2825 3969 2947 4024 Ma-

1665 4054 1962 4114 ximiliano
2025 4056 2181 4131 imp..
2248 4057 2352 4130 qui
2404 4057 2533 4131 ejus
2583 4057 2826 4114 consilio
2890 4059 2951 4113 et

1744 4358 1780 4424 ¹)
1809 4355 1890 4407 Cf.
1944 4354 2188 4408 Miraeus
2240 4355 2307 4407 de
2359 4354 2544 4424 script.
2597 4353 2724 4407 eccl.
2769 4372 2821 4407 n.
2863 4360 2948 4410 96.

332 4439 574 4491 quorum
602 4422 795 4492 aliqua
820 4424 1155 4494 prodierunt
1178 4423 1431 4478 Basileae
1454 4431 1611 4490 1559,
1666 4425 1889 4493 Scripta
1915 4425 1983 4478 cf.
2013 4427 2168 4497 apud
2195 4425 2628 4494 Sommervogel.

329 4494 501 4547 etiam
521 4497 609 4547 sat
623 4493 947 4563 singularia,
974 4499 1042 4550 ut
1057 4500 1270 4551 Occulta
1290 4501 1611 4551 occidtorum

329 4569 529 4619 occidte
574 4566 822 4619 Viennae
850 4571 1006 4632 1556,
1043 4568 1194 4621 inter
1234 4584 1381 4634 quae
1426 4585 1522 4628 ..ae

1741 4498 2151 4558 ²)Aecuratu1n
2193 4513 2426 4565 operum
2469 4495 2763 4549 Cassandri
2803 4498 2950 4548 cata·

1524 4568 1610 4637 gri
1664 4563 1860 4636 logum
1887 4568 2118 4622 exhibet
2139 4570 2361 4621 Meuser
2399 4566 2528 4620 hist.
2572 4567 2743 4621 theol.
2767 4566 2949 4621 colon.

330 4636 576 4689 somnia-⁶
613 4637 782 4704 juxta
819 4637 988 4691 Denis
1027 4639 1216 4693 habes,
1272 4639 1427 4691 Obiit
1455 4644 1609 4696 1575.
1666 4655 1768 4692 sec,
1811 4638 1957 4692 XVI.
2004 4638 2063 4691 in
2106 4639 2397 4708 Dieringer
2437 4638 2754 4692 Zeitschrift
2795 4641 2947 4694 1845.

330 4707 410 4759 Cf.
438 4707 732 4762 Aschbach
773 4707 967 4762 Gescb.
998 4709 1097 4764 der
1122 4709 1353 4764 Wiener
1380 4709 1611 4764 Univer-
1670 4709 1759 4775 IV,
1787 4715 2086 4768 205—208.
2141 4711 2222 4765 Cf.
2250 4713 2306 4764 et
2333 4710 2530 4764 Pastor
2555 4710 2665 4763 KL.
2697 4710 2762 4774 Il,
2788 4714 2951 4765 2017-

331 4777 463 4830 sitat
496 4779 585 4838 111.
613 4782 910 4836 269⁴—27a

544 4876 739 4933 Hurter,
776 4876 1112 4925 Nomenclator
1146 4880 1228 4925 111.
1256 4879 1332 4925 ed.
1362 4881 1410 4925 3.

1665 4787 1824 4838 2020.

2598 4875 2630 4924 2
