3625 5193
1416 213 1746 268 Franciacus
1775 215 1993 274 Suarez.
2880 232 2915 285 3
2928 231 2958 283 7
2971 233 3005 287 8

393 230 512 283 37⁷

388 401 508 456 tate
554 397 702 456 Jesu
745 409 836 461 16.
869 397 1039 456 Junii
1085 408 1262 470 1564,
1311 402 1582 474 receptus
1634 418 1668 456 a
1723 394 1948 478 (1611)
1983 402 2163 473 atque
2195 399 2410 458 iterum
2444 395 2691 480 (1613),
2736 404 2806 459 ut
2839 421 2873 460 a
2903 402 3008 462 do·

388 486 733 561 provinciali
781 490 986 546 contra
1035 488 1504 546 examinatorum
1538 487 1665 546 suf·
1722 488 1893 546 cendi
1928 491 2329 548 removeretur
2361 506 2623 556 munere,
2660 489 2851 564 petiit,
2905 492 3011 550 sed

386 576 584 652 fragia.
602 575 822 634 Cumin
839 576 1244 651 philosophiae
1261 595 1439 634 cursu
1453 595 1527 634 ne
1542 596 1664 635 me·
1722 578 1959 637 nonnisi
2019 577 2201 635 tertio
2264 577 2579 636 exauditus
2643 577 3009 653 Olisiponem

386 664 596 723 diocris
610 665 851 740 quidem
871 665 1094 742 ingenii
1120 665 1342 723 limites
1361 665 1663 736 transiret,
1723 667 1966 725 secessit
1996 670 2192 725 totum
2225 684 2285 724 se
2320 664 2628 741 scriptioni
2648 667 3009 745 pietatisque

385 754 508 830 ipse
541 755 635 812 sui
669 759 979 829 pertaesus
1012 754 1341 830 pigensque
1362 754 1664 830 profectus
1720 755 1962 815 tradens
1994 754 2308 825 exercitiis,
2356 757 2536 815 donec
2582 754 2676 814 die
2714 765 2810 817 25.
2847 757 3005 833 Sept.

384 842 583 919 exigui
617 843 785 901 enixe
817 843 1126 919 flagitavit,
1163 849 1232 902 ut
1265 844 1339 902 ab
1371 843 1664 918 ejusmodi
1730 854 1892 908 1617
1945 865 1993 904 a.
2047 844 2267 903 aetatis
2313 844 2433 904 fere
2488 854 2584 907 70.
2633 845 2893 920 piissime
2943 847 3007 904 in

385 931 616 1000 studiis,
651 951 727 990 ne
759 951 997 1008 operam
1036 933 1328 1007 perderet,
1362 932 1664 991 abdicare·
1724 934 1973 993 Domino
2020 933 2376 992 obdormivit
2419 953 2629 1009 parum
2681 938 2819 993 ante
2850 954 3006 993 asse-

383 1025 496 1080 tur.
531 1021 750 1079 Verum
774 1021 1063 1079 Martinus
1089 1021 1390 1092 GuteriuS,
1419 1022 1547 1097 ejus
1564 1040 1663 1079 su·
1723 1042 1965 1082 vetans:
2002 1062 2028 1092 ,
2045 1022 2179 1081 Non
2212 1022 2498 1097 putabam
2518 1026 2639 1081 tam
2662 1042 2840 1082 suave
2861 1042 3005 1095 esse,

382 1110 591 1185 perior,
657 1110 980 1186 singularis
1042 1109 1358 1169 admodum
1420 1111 1664 1185 pietatis
1720 1117 1845 1170 tam
1878 1112 2049 1170 dulce
2081 1112 2293 1169 mori.‘

385 1198 487 1269 vir,
520 1199 678 1256 bono
710 1218 845 1256 eum
872 1199 1060 1273 jussit
1091 1216 1219 1257 esse
1239 1200 1432 1258 animo
1454 1205 1514 1256 et
1535 1204 1663 1258 stu·

383 1287 478 1346 dia
525 1288 803 1363 persequi
855 1306 973 1346 non
1023 1288 1169 1345 citra
1201 1289 1496 1362 quandam
1531 1307 1662 1346 suc·

382 1395 579 1435 cessus
657 1376 848 1435 futuri
925 1377 1414 1450 praesensionem.
1511 1378 1659 1436 Nam
1719 1378 2021 1437 doctiorne
2053 1382 2207 1436 esset
2241 1378 2471 1447 Suarez,
2516 1397 2592 1436 an
2624 1379 2897 1437 sanctior.
2932 1380 3005 1438 In

381 1465 586 1524 exinde
618 1464 851 1535 mirum,
884 1469 1177 1539 quant-um
1211 1466 1274 1524 in
1305 1466 1464 1524 omni
1490 1465 1664 1524 disci·
1718 1469 1885 1525 tanto
1916 1467 2222 1525 literarum
2243 1466 2550 1542 famaeque
2583 1467 2828 1544 fastigio
2859 1469 3003 1526 adeo

379 1554 677 1629 plinarum
740 1573 955 1630 genere
1019 1555 1349 1629 profecerit,
1402 1554 1543 1612 adeo
1594 1559 1664 1613 ut
1719 1555 1831 1613 sibi
1860 1555 2012 1614 nihil
2045 1556 2377 1632 arrogabat,
2413 1559 2483 1614 ut
2516 1574 2577 1613 se
2610 1556 2767 1614 infra
2799 1576 3003 1615 omnes

379 1649 793 1718 praeceptores
843 1662 961 1702 non
1008 1643 1316 1702 renuerint
1361 1643 1454 1702 sui
1487 1644 1660 1702 disci·
1717 1644 2073 1713 demitteret,
2137 1648 2197 1702 et
2246 1643 2319 1702 ad
2368 1663 2503 1703 suas
2550 1645 2754 1704 laudes
2802 1647 3003 1705 oculos

378 1732 502 1806 puli
527 1731 624 1791 uti
647 1731 899 1806 scriptis.
934 1732 1368 1807 Philosophiam
1402 1733 1663 1808 primum
1717 1733 2108 1808 pudibundus
2142 1733 2517 1808 deprimeret.
2551 1733 2792 1792 Vitabat
2812 1735 3000 1792 homi·

374 1820 575 1880 docuit
609 1816 1153 1902 Segoviae(l57·.’)‚
1190 1840 1413 1879 memor
1430 1841 1662 1897 semper
1715 1840 1859 1880 num
1923 1840 2295 1897 congressuS,
2345 1841 2420 1880 ne
2470 1822 2531 1880 in
2585 1841 2721 1881 suas
2772 1824 2997 1893 laudea,

372 1910 434 1967 in
465 1929 534 1968 ea
569 1909 830 1968 docenda
879 1909 1211 1986 theologiae
1258 1910 1423 1968 illam
1473 1911 1657 1969 ancil·
1715 1911 1875 1984 quod
1907 1912 2080 1969 aliter
2111 1910 2299 1968 vitare
2330 1929 2448 1971 non
2490 1915 2741 1986 poterat,
2779 1913 3000 1988 impin-

374 1999 483 2056 lari
515 2003 805 2074 oportere.
867 1998 991 2056 Nec
1023 1999 1106 2055 ita
1138 1999 1380 2056 docendi
1415 1999 1660 2056 vacabat
1713 2004 1912 2073 geret:
1960 2018 2131 2073 saepe
2164 1999 2488 2075 discipulos
2531 1999 2691 2076 ipsos
2726 2003 2997 2062 consule-

375 2087 627 2156 muneri,
649 2087 798 2162 quin
818 2086 1026 2144 diebus
1047 2087 1353 2146 dominicis
1390 2091 1450 2145 et
1489 2087 1655 2144 festis
1714 2088 1831 2155 bat,
1883 2088 2065 2146 libros
2115 2087 2189 2145 iis
2241 2089 2809 2163 commentariosque
2858 2109 2997 2148 suos

375 2196 472 2234 rus
504 2176 822 2234 decurrens
874 2178 1069 2235 totum
1102 2195 1164 2234 se
1199 2177 1529 2234 animarum
1565 2195 1652 2233 sa·
1710 2175 1988 2233 tradebat
2016 2176 2532 2252 recognoscendos,
2583 2181 2643 2234 et
2676 2177 2722 2234 si
2758 2178 2901 2251 quid
2935 2179 3001 2235 in

1818 1301 1842 1351 1
1861 1301 1891 1350 Γ)
1905 1300 1957 1350 3.
1971 1291 2020 1346 A
2039 1289 2248 1346 multis
2264 1292 2535 1347 vocatum
2552 1289 2612 1346 in
2630 1288 2878 1347 dubium
2893 1295 3003 1357 cst,

375 2265 489 2323 luti
520 2264 906 2340 impenderet.
947 2264 1321 2341 Theologiam
1357 2263 1654 2339 professus

375 2357 462 2412 est
474 2374 524 2413 a.
543 2362 622 2414 42
644 2353 887 2422 Ahalae,
907 2353 1186 2429 Segoviae
1202 2349 1225 2435 (
1241 2365 1260 2415 1
1276 2363 1308 2416 5
1322 2365 1351 2416 7
1366 2348 1446 2432 5),
1470 2353 1654 2412 Valli-

375 2443 546 2501 aoleti
582 2438 830 2523 (1576),
877 2442 982 2499 ubi
1023 2442 1171 2500 mira
1205 2463 1314 2502 sua
1347 2442 1653 2510 modestia,

374 2550 552 2607 quam
571 2532 770 2601 etiam,
791 2531 934 2589 dum
961 2530 1471 2607 disputationibus
1493 2550 1654 2608 prae-

373 2621 607 2690 sideret,
642 2640 780 2697 prae
815 2640 875 2680 se
908 2621 1150 2691 ferebat,
1183 2621 1550 2681 Ludovicum
1584 2621 1655 2679 de

379 2710 561 2769 Ponte
592 2709 956 2784 discipulum
989 2729 1180 2779 suum,
1216 2717 1285 2769 ut
1317 2712 1654 2770 societatem

372 2798 520 2856 Jesu
563 2798 995 2876 ingrederetur,
1039 2799 1348 2874 permovit.
1412 2800 1657 2857 Romam

371 2887 593 2946 accitus
648 2883 873 2969 (1578)
926 2906 1139 2964 magno
1192 2888 1406 2962 plausu
1457 2907 1490 2945 a
1538 2887 1654 2944 fre·

371 2976 582 3051 quenti
599 2977 1027 3053 discipulorum
1048 2992 1281 3044 corona,
1316 2976 1476 3033 inter
1507 2994 1654 3049 quos

372 3075 433 3124 et
462 3065 725 3135 LessiuS,
759 3064 1112 3123 audiebatur
1129 3060 1192 3145 ι).
1228 3067 1370 3123 Cum
1400 3083 1536 3122 vero
1558 3071 1657 3121 aer

373 3172 653 3212 romanus
686 3155 816 3229 ejus
867 3154 1099 3213 obesset
1140 3152 1490 3224 valetudini,
1525 3172 1655 3228 sep-

371 3244 573 3301 tennio
606 3243 839 3319 expleto
861 3243 924 3299 in
945 3243 1292 3318 Hispaniam
1314 3241 1508 3311 rediit,
1532 3242 1654 3316 pri-

371 3351 653 3406 mumque
685 3330 982 3407 Compluti
1015 3332 1348 3390 cathedram
1382 3348 1655 3388 conscen-

373 3420 491 3479 dit:
527 3425 706 3495 atque
738 3420 924 3477 altero
957 3421 1187 3495 expleto
1210 3421 1517 3494 septennio
1552 3420 1654 3477 Sa-

372 3508 691 3567 lamancam
743 3508 859 3566 fuit
906 3511 1258 3580 translatuS,
1323 3510 1427 3567 ubi
1478 3511 1652 3567 tanto

372 3602 652 3673 exceptus
685 3602 779 3656 est
811 3597 1047 3667 honore,
1084 3603 1151 3656 ut
1184 3599 1375 3656 omnis
1409 3598 1653 3656 univer-

373 3687 518 3745 sitas
552 3688 615 3745 in
645 3686 907 3745 civitatis
959 3691 1130 3761 porta
1178 3686 1523 3745 adventanti
1557 3705 1650 3744 oc-

374 3779 653 3834 curreret.
719 3776 967 3833 Demum
1017 3775 1280 3850 Philippi
1333 3775 1407 3835 II.
1459 3776 1651 3833 accitu

374 3864 615 3937 primam
652 3863 987 3922 cathedram
1017 3863 1417 3922 conimbricae
1444 3866 1651 3939 jussus

374 3955 464 4010 est
524 3972 825 4029 occupare,
891 3952 1184 4010 academia
1245 3972 1379 4010 eum
1424 3954 1653 4029 gratiae

1711 2264 1783 2322 iis
1836 2282 2086 2323 censura
2146 2264 2396 2341 dignum
2440 2265 2995 2334 animadverterent,

1710 2358 1941 2411 mutare
1992 2372 2222 2411 summa
2265 2353 2550 2411 facilitate
2600 2354 2827 2412 solitus.
2891 2354 2995 2412 Sui

1711 2445 2083 2518 contemptor
2102 2442 2342 2500 honoris
2364 2441 2847 2500 servantissimus
2868 2445 2995 2501 erat

1711 2532 1907 2589 alieni.
1987 2531 2227 2589 Nullius
2289 2530 2597 2609 ingenium
2657 2530 2994 2607 famamque

1711 2622 2056 2696 deprimere.
2099 2621 2217 2679 imo
2250 2639 2345 2679 eos
2376 2621 2557 2679 etiam
2591 2620 2867 2679 laudibus
2901 2641 2992 2680 so·

1711 2711 1872 2769 lebat
1904 2710 2204 2779 extollere,
2252 2710 2357 2784 qui
2407 2710 2607 2767 minus
2640 2710 2997 2768 videbantur

1713 2800 1967 2858 aliorum
1988 2799 2266 2874 opinione
2282 2798 2628 2857 laudabiles.
2662 2798 2845 2857 Nulla
2869 2818 2996 2858 ver-

1711 2888 1923 2946 borum
1957 2889 2047 2945 illi
2081 2889 2242 2945 inter
2274 2886 2695 2962 disputandum
2744 2888 2995 2946 acrimo-

1712 2977 1827 3046 nia,
1842 2976 2049 3035 nullus
2077 2977 2338 3045 aculeus,
2357 2977 2591 3034 nullum
2620 2980 2994 3052 contemptus

1711 3065 1968 3141 signum,
2020 3066 2266 3135 malens,
2318 3069 2387 3124 ut
2436 3065 2559 3139 ipse
2610 3065 2822 3140 ajebat,
2857 3084 2995 3123 con-

1712 3153 1880 3212 fundi
1943 3173 2119 3229 quam
2182 3153 2541 3213 confundere
2556 3150 2620 3233 ¹).
2684 3155 2830 3212 Mira
2880 3155 2997 3212 fuit

1710 3244 1841 3317 ejus
1874 3243 1937 3300 in
1969 3244 2100 3301 cibo
2144 3245 2411 3317 potuque
2461 3242 2840 3311 abstinentia,
2874 3243 2995 3301 vir-

1708 3335 1911 3390 tutum
1962 3350 2153 3390 comes
2205 3349 2268 3389 ac
2320 3330 2663 3406 sapientiae.
2727 3332 2838 3388 Ter
2889 3350 2995 3406 per

1710 3420 2129 3479 hebdomadam
2183 3419 2370 3495 rigide
2396 3419 2736 3493 jejunabat;
2788 3419 2990 3493 quoti-

1708 3510 1801 3567 die
1833 3510 2030 3584 flagris
2064 3525 2231 3566 aereo
2266 3508 2364 3565 filo
2397 3508 2639 3565 intextis
2670 3507 2732 3564 in
2766 3526 2827 3565 se
2864 3525 2991 3565 sae·

1709 3599 1939 3666 viebat3
1990 3597 2138 3655 lecto
2170 3596 2454 3654 utebatur
2486 3595 2560 3653 ad
2592 3614 2860 3653 somnum
2894 3614 2994 3653 so·

1710 3688 1817 3744 lito
1864 3686 2118 3744 duriore.
2184 3685 2404 3742 Novem
2459 3703 2564 3760 per
2613 3684 2767 3742 diem
2818 3685 2990 3743 horas

1707 3775 1924 3844 stu·li0,
1977 3773 2229 3834 orationi
2281 3773 2460 3831 dabat
2509 3773 2774 3848 quinque
2831 3774 2989 3832 affir-

1708 3884 1865 3923 mare
1929 3864 2159 3931 solitus,
2212 3863 2389 3920 malle
2440 3881 2500 3920 se
2547 3863 2849 3937 quaesitae
2899 3866 2995 3922 tot

1707 3972 1998 4012 annorum
2031 3953 2230 4010 labore
2261 3951 2539 4009 scientiae
2581 3971 2757 4027 quam
2792 3952 2989 4027 quoti-

372 4041 499 4100 loco
531 4061 565 4100 a
595 4061 732 4118 rege
762 4042 1103 4117 postulante
1138 4037 1382 4122 (1597).
1420 4042 1652 4117 Viginti
1706 4044 1912 4101 dianae
1943 4041 2343 4100 meditationis
2389 4040 2576 4098 facere
2614 4041 2908 4115 jacturam
2923 4039 2991 4120 ²).

374 4129 605 4189 circiter
636 4149 821 4188 annos
843 4130 1145 4188 doctrinae
1177 4148 1317 4187 suae
1338 4130 1649 4204 splendore
1708 4186 1732 4192 -

373 4219 725 4277 academiam
753 4219 918 4277 illam
950 4218 1200 4276 ornavit.
1235 4218 1421 4277 Semel
1455 4223 1653 4277 tamen

375 4424 485 4474 quo
514 4408 636 4475 ejus
660 4407 837 4461 vitam
865 4406 1147 4471 describit,
1186 4422 1357 4475 opera
1383 4408 1650 4470 recenset,

373 4478 605 4532 doctrin
597 4497 689 4532 im
740 4479 989 4546 exponit.
1068 4477 1148 4532 Ct.
1215 4494 1440 4545 quoque
1504 4492 1650 4543 quae

1782 4269 1822 4337 ¹)
1841 4265 1921 4320 Cf
1955 4265 2162 4321 Hister.
2194 4266 2246 4319 S.
2261 4266 2309 4319 J.
2328 4266 2389 4320 P.
2406 4270 2456 4321 6.
2475 4265 2513 4317 l.
2529 4269 2579 4319 2.
2598 4281 2651 4316 n.
2669 4269 2788 4319 121.
2821 4263 2993 4317 Plura.

1706 4336 2023 4407 specimina
2067 4354 2226 4391 rarae
2270 4334 2580 4390 modestiae
2620 4336 2790 4387 refert
2837 4334 2990 4387 Wer·

1709 4409 1871 4462 nerl.
1899 4425 1942 4462 c.
1970 4427 2025 4477 p.
2054 4412 2123 4465 75
2150 4426 2190 4461 s.
2242 4408 2392 4461 Haec
2433 4404 2707 4459 modestia
2744 4405 2827 4458 ita
2854 4422 2990 4473 quo·

1710 4496 1821 4546 que
1848 4480 2034 4533 elucet
2059 4496 2125 4533 ex
2161 4481 2282 4549 ejus
2310 4477 2588 4559 operibus,
2615 4480 2680 4529 ut
2704 4493 2990 4530 nonnemo

372 4549 700 4617 scripsimus
727 4548 1018 4611 Katholik,
1046 4552 1183 4607 1865
1218 4566 1264 4602 v.
1288 4552 1369 4605 13.
1389 4566 1443 4617 p.
1460 4552 1565 4603 556
1582 4565 1651 4603 ee.
1709 4550 1775 4604 de
1804 4550 2224 4618 quorundamS
2192 4549 2432 4604 ..naresii
2469 4564 2703 4631 operum
2730 4546 2990 4617 genuini·

451 4625 487 4691 ¹)
522 4619 715 4675 Fertur
740 4620 955 4689 primae
987 4590 1215 4674 Suarii
1243 4636 1414 4688 quam
1444 4618 1653 4673 Romae
1709 4624 1827 4675 tate
1855 4620 2219 4685 dubitaverit,
2248 4620 2401 4691 quod
2421 4621 2679 4674 minorin
2699 4619 2817 4673 illis
2838 4618 2993 4689 vige

373 4689 578 4745 habuit
615 4691 981 4771 praelectioni
1023 4692 1356 4763 Gregorium
1383 4690 1529 4743 XIII.

372 4763 646 4821 terfuisse
676 4762 757 4817 Ct.
787 4761 992 4817 Histor.
1025 4760 1078 4819 S.
1097 4765 1145 4818 ..Ι
1163 4764 1221 4817 P.
1248 4766 1298 4818 6.
1324 4763 1358 4820 l.
1380 4768 1428 4820 2.
1454 4782 1505 4816 n.
1531 4767 1650 4819 121.

1571 4691 1652 4742 in·
1708 4695 1794 4746 ret
1820 4693 2112 4747 modestia.

1782 4767 1821 4833 9)
1852 4764 1995 4817 Hist.
2024 4764 2076 4818 S.
2102 4764 2151 4817 J.
2180 4764 2213 4816 l.
2242 4780 2288 4816 c.
