3625 5193
627 260 750 313 699

962 246 1331 299 1621—1640.
1360 238 1672 309 Theologia
1696 256 1820 309 pos
1847 244 1905 293 et
1928 238 2045 308 pol.
2072 238 2133 291 in
2161 238 2345 293 Italia.
2375 237 2609 308 Capelli‚
2638 237 2911 303 Carerius‚

3119 255 3238 309 700

623 427 862 503 publica
893 430 1119 495 veneta,
1167 426 1271 485 sed
1302 444 1365 484 re
1394 427 1610 484 melius
1651 444 1908 501 expensa
1962 424 2035 482 ad
2069 444 2114 487 s.
2146 423 2465 494 Andrean,
2500 424 2732 501 collegii
2757 425 2914 500 juris
2945 426 3243 483 consulto-

624 516 846 590 scripta
902 534 1009 591 pro
1069 534 1137 573 ea
1195 515 1260 573 in
1321 516 1718 574 controversia
1771 532 1906 573 cum
1964 533 2095 573 rum
2117 514 2395 583 decanus,
2429 514 2494 571 in
2509 513 2816 572 scribendo
2836 514 2983 573 satis
3003 514 3244 573 mordax

625 605 810 663 Paulo
844 604 908 662 V.
952 604 1289 679 reprobavit
1332 605 1796 678 retractavitque
1842 620 1909 660 ac
1966 597 2028 684 (†
2062 611 2162 665 20.
2193 604 2345 679 Aug.
2384 598 2599 682 1626),
2648 602 2712 660 in
2744 621 2838 679 op.
2868 605 2938 662 de
2979 610 3247 679 potestate

625 694 904 769 deinceps
951 697 1190 752 strenue
1232 693 1373 767 jura
1424 692 1721 769 pontificis
1770 710 1906 767 pro-

624 782 917 859 pugnavit
962 778 1024 863 (†
1066 777 1274 863 1625).
1322 783 1562 841 Praeter
1609 782 1727 840 alia
1769 781 1908 839 reli·

625 871 761 946 quit
778 867 820 951 ²)
873 871 1024 945 disp.
1087 873 1156 929 de
1203 889 1426 929 summo
1466 872 1806 947 pontificatu
1855 870 1905 927 b.

627 959 784 1018 Petri
831 964 893 1018 et
949 959 1021 1017 de
1070 959 1441 1018 successione
1500 961 1911 1035 episcoporum

627 1067 770 1108 rom.
803 1048 865 1106 in
908 1049 1180 1118 eundem,
1228 1048 1499 1107 Coloniae
1541 1057 1699 1111 1621
1752 1048 1819 1106 in
1852 1056 1908 1115 4,

630 1137 915 1197 adversus
946 1137 1019 1196 de
1051 1137 1315 1196 Dominis
1346 1140 1406 1195 et
1437 1137 1758 1213 Godefroy;
1807 1137 1910 1194 ad·

628 1245 825 1285 versus
863 1233 1237 1299 praetensum
1295 1227 1444 1303 reqis
1492 1227 1737 1303 Anqliae
1775 1227 1911 1299 pri-

631 1322 848 1374 matum
880 1315 1046 1385 liber,
1083 1315 1380 1375 Bononiae
1414 1325 1572 1376 1610
1607 1316 1668 1373 in
1692 1325 1762 1385 43
1796 1314 1914 1372 dis·

631 1404 873 1463 sertatio
904 1406 974 1461 de
1005 1404 1482 1477 appellationibus
1526 1405 1788 1462 ecclesiae
1818 1404 1911 1475 af·

630 1495 870 1552 ricanae
901 1495 979 1551 ad
1007 1495 1192 1552 sedem
1223 1511 1528 1552 romanam
1561 1493 1636 1555 M.
1655 1492 1914 1551 Antonio

632 1581 703 1640 de
725 1581 990 1640 Dominis
1022 1582 1311 1657 opposita,
1344 1582 1587 1640 Parisiis
1629 1590 1819 1650 16223
1854 1584 1916 1639 et

631 1670 808 1728 tertia
840 1670 965 1728 vice
984 1671 1196 1729 Romae
1225 1679 1386 1733 1722
1421 1675 1663 1730 curante
1683 1670 1721 1729 J
1725 1689 1916 1728 oanne

630 1758 927 1818 Bontonio
960 1760 1283 1833 praemissa
1311 1759 1567 1818 diatriba
1595 1759 1669 1817 de
1694 1758 1914 1834 Capelli

632 1848 751 1905 vita
795 1851 857 1905 et
901 1848 1156 1923 scriptis.
1207 1848 1363 1907 Haec
1401 1849 1516 1907 tria
1559 1867 1738 1924 opera
1783 1866 1916 1923 pro-

634 1940 799 1995 stant
841 1937 1018 1995 etiam
1065 1937 1129 1994 in
1159 1938 1468 1996 Rocaberti
1513 1937 1657 1999 bibl.
1703 1934 1916 2011 pontif.

633 2028 676 2082 t.
709 2024 858 2094 XVI,
902 2034 1172 2088 1—252.
1214 2025 1518 2085 Adversus
1549 2025 1707 2084 Hier.
1743 2025 1917 2083 Vec-

634 2114 922 2172 chietti
971 2111 1069 2195 (de
1100 2134 1218 2190 quo
1263 2110 1444 2197 infra)
1489 2114 1726 2190 scripsit
1768 2114 1806 2176 l.
1851 2115 1921 2172 de

635 2222 788 2262 anno
811 2205 1116 2276 primitivo
1147 2207 1208 2262 et
1227 2208 1398 2266 tract.
1428 2206 1684 2263 decoena
1702 2202 1921 2262 Christi

635 2308 912 2365 suprema
956 2293 1146 2369 deque
1201 2293 1537 2368 praecipuis
1585 2293 1744 2351 vitae
1792 2292 1921 2366 ejus

638 2381 950 2457 capitibus,
998 2382 1236 2440 Parisiis
1277 2391 1460 2451 1625,
1509 2380 1921 2440 aGravesonio

638 2470 879 2544 quidem
896 2470 1158 2545 impense
1177 2470 1504 2541 laudatum,
1538 2470 1641 2528 sed
1668 2509 1695 2538 ,
1711 2469 1921 2545 quanti

638 2558 789 2618 liber
817 2559 920 2619 ille
952 2560 1051 2634 sit,
1081 2559 1282 2635 inquit
1311 2554 1668 2639 Petavius2)‚
1708 2558 1921 2617 melius

643 2649 928 2722 intelligo.
962 2649 1071 2707 Est
1090 2649 1250 2707 enim
1270 2648 1598 2724 imperitiae
1618 2648 1921 2707 inscitiae·

640 2755 756 2811 que
786 2737 1240 2811 plenissimus;‘
1275 2739 1336 2795 et
1366 2738 1614 2795 iterum:
1659 2735 1833 2805 ,Qua
1861 2737 1924 2794 in

644 2825 989 2899 quaestione
1020 2825 1350 2895 tractanda,
1383 2829 1455 2883 ut
1486 2830 1546 2883 et
1563 2825 1770 2884 ceteris
1805 2843 1925 2884 non

643 2912 952 2971 dissimilis
1001 2915 1368 2990 argumenti,
1420 2932 1553 2973 cum
1604 2913 1923 2989 imperitis-

644 3001 793 3059 sime
822 3005 1121 3071 vei-setun
1167 3002 1286 3061 fuit
1316 3004 1475 3062 enim
1521 3008 1808 3077 quantum
1857 3022 1925 3060 ex

646 3089 752 3149 hoc
786 3106 958 3165 opere
980 3092 1188 3168 conjici
1224 3096 1438 3167 potest,
1473 3093 1602 3166 ejus
1635 3110 1814 3166 quam
1834 3092 1924 3150 in-

646 3179 937 3238 stituebat
984 3181 1130 3239 artis
1164 3182 1427 3256 apprime
1448 3180 1676 3239 rudis.‘
1723 3213 1810 3223 —
1857 3180 1928 3237 In

642 3269 885 3326 tuendis
917 3269 1212 3344 pontificis
1237 3271 1476 3345 juribus
1507 3269 1760 3327 nimium
1793 3287 1927 3343 pro-

643 3376 887 3434 gressus
920 3362 1011 3416 est
1041 3358 1373 3418 Alexander
1405 3357 1762 3416 Carriero
1797 3353 1927 3436 (Ca-

644 3442 861 3528 rerius)
886 3448 1207 3507 Patavinus
1241 3467 1295 3505 n.
1334 3457 1519 3511 1548.
1553 3445 1929 3522 praepositus

726 3654 762 3722 ¹)
790 3653 873 3706 Cf.
903 3652 1223 3714 Franchini‚
1267 3652 1398 3705 bibl.
1425 3652 1482 3704 di
1518 3651 1766 3705 scrittori
1804 3668 1932 3705 eon·

645 3726 798 3775 vent.
843 3741 899 3791 p.
938 3727 1074 3786 4142
1121 3723 1293 3779 Jeiler
1338 3723 1617 3776 Kirchenl.
1665 3724 1730 3783 ΙΙ.
1772 3726 1930 3778 1882.

651 3792 819 3852 ..Fuit
859 3797 898 3845 C
916 3811 949 3844 a
966 3811 1002 3861 p
1020 3810 1048 3845 e
1067 3792 1084 3844 l
1102 3792 1174 3846 lu
1191 3811 1216 3847 s
1253 3793 1392 3862 ipse,
1437 3794 1632 3861 inquit
1665 3794 1933 3847 Buddeus

650 3864 789 3930 laag.
819 3863 1277 3918 historico-theol.
1320 3865 1390 3917 ad
1417 3864 1588 3918 theol.
1630 3863 1787 3916 univ.
1816 3863 1851 3917 l.
1880 3868 1930 3919 2.

647 3950 691 3992 c.
719 3939 767 3989 ὃ.
797 3943 822 3998 ἓ
848 3938 898 3989 8.
924 3952 980 4002 p.
1006 3938 1106 3990 801
1132 3952 1192 3998 s.‚
1219 3953 1280 3988 ex
1307 3935 1535 3987 illorum
1557 3951 1806 3998 numerO,
1836 3935 1933 4002 qui

649 4009 978 4057 venetorum
1006 4022 1234 4059 causam
1255 4010 1447 4059 contra
1463 4005 1698 4058 Paulum
1719 4005 1781 4058 V.
1807 4022 1932 4074 age-

648 4075 786 4127 bant
815 4078 873 4128 et
897 4077 967 4128 ad
994 4075 1442 4129 imminuendam
1472 4075 1808 4144 pontificum
1837 4093 1933 4146 po-

651 4149 914 4200 testatem
931 4164 1122 4200 omnes
1136 4147 1357 4216 ingenii
1376 4148 1738 4200 conferebant
1759 4149 1930 4218 vires3

649 4218 911 4287 deinceps
940 4223 1132 4270 autem
1175 4220 1396 4272 mutata
1423 4219 1704 4271 sententia.
1738 4218 1931 4271 studio

649 4293 987 4358 potestatem
1009 4289 1522 4357 auctoritatemque
1549 4306 1741 4342 eorum
1763 4291 1931 4344 extol·

649 4361 803 4414 leudi
843 4377 1036 4413 omnes
1076 4362 1188 4413 fere
1229 4361 1534 4430 superavit.
1585 4361 1931 4414 Documento

650 4448 766 4484 esse
784 4435 970 4500 potest
1000 4431 1320 4486 dissertatio
1360 4435 1421 4486 de
1440 4435 1677 4486 absoluta
1697 4438 1932 4486 omnium

648 4522 831 4557 rerum
880 4521 1165 4557 sacrarum
1227 4507 1554 4558 immunitate
1601 4524 1634 4557 a
1677 4513 1934 4572 potestate

649 4578 952 4642 principum
980 4578 1240 4629 laicorum
1280 4592 1347 4628 ex
1375 4575 1500 4642 lege
1525 4577 1776 4638 naturae,
1819 4576 1934 4627 Mo·

651 4645 725 4695 sis
752 4649 811 4697 et
836 4644 1091 4710 Christis·
1136 4663 1278 4715 quae
1307 4649 1496 4701 tamen
1535 4647 1686 4699 edita
1713 4663 1827 4699 non
1855 4645 1933 4697 vi·

650 4716 830 4769 detur.

727 4793 767 4856 ²)
795 4788 973 4857 Epist.
1005 4790 1067 4850 ΙΙ,
1096 4794 1160 4844 21
1191 4791 1248 4842 et
1273 4806 1358 4858 ep.
1388 4794 1472 4844 11.

1964 694 2177 750 summi
2198 691 2491 767 pontificis
2522 691 2579 749 ll.
2613 692 2670 749 11
2703 692 2989 750 adversus
3033 693 3247 767 impios

1965 781 2235 855 politicos
2267 783 2329 838 et
2372 781 2552 856 hujus
2595 781 2883 856 temporis
2927 781 3247 840 haereticos

1967 870 2186 928 Patavii
2233 879 2395 931 1599
2430 873 2494 927 in
2519 879 2592 939 4.,
2628 868 2692 927 in
2723 888 2840 944 quo
2860 873 3071 928 tuetur
3104 888 3249 946 ,pa-

1965 977 2101 1035 pam
2132 959 2345 1017 habere
2377 958 2784 1033 plenissimam
2805 961 3157 1035 potestatem
3189 959 3251 1016 in

1966 1047 2312 1107 universum
2345 1048 2542 1106 orbem
2573 1051 2869 1106 terrarum
2901 1051 3031 1105 tum
3062 1048 3127 1105 in
3159 1066 3251 1106 re-

1967 1138 2078 1195 bus
2140 1135 2553 1195 ecclesiasticis
2612 1140 2742 1194 tum
2804 1137 2868 1195 in
2929 1136 3249 1212 politicis‚‘

1970 1226 2215 1299 ideoque
2264 1225 2645 1284 vehementer
2706 1224 2770 1282 in
2820 1225 3252 1284 Bellarminum

1968 1315 2288 1385 invehitur,
2336 1314 2495 1390 quod
2528 1318 2705 1391 neget
2746 1314 3085 1389 pontificem
3125 1332 3254 1374 esse

1968 1423 2169 1463 rerum
2200 1404 2466 1461 omnium
2500 1403 2826 1471 dominum,
2876 1403 2998 1462 imo
3029 1402 3085 1461 ei
3115 1422 3253 1478 prae

1972 1496 2142 1552 aestu
2161 1492 2472 1551 anathema
2491 1492 2648 1551 dicit.
2666 1492 3038 1550 Prohibitum
3055 1494 3256 1550 tamen

1970 1582 2088 1641 fuit
2119 1582 2228 1640 hoc
2259 1598 2408 1656 opus
2440 1580 2624 1639 donec
2645 1581 2982 1657 corrigatur
3019 1579 3254 1643 19.Jul.

1981 1681 2143 1734 1600
2164 1714 2178 1740 ,
2242 1669 2513 1743 illudque
2561 1670 2942 1746 impugnavit
3000 1669 3253 1728 Gretser.

1977 1759 2268 1818 Disseruit
2298 1777 2533 1834 quoque
2564 1758 2633 1816 de
2662 1755 2906 1817 somniis
2942 1758 3134 1833 deque
3164 1758 3255 1816 di-

1971 1848 2277 1907 vinatione
2305 1865 2412 1923 per
2429 1848 2671 1916 somnia,
2707 1848 2931 1905 Patavii
2961 1856 3159 1917 15753
3192 1847 3260 1906 de

1972 1937 2333 2013 sponsalibus
2377 1943 2427 1994 et
2471 1937 2841 1995 matrimonio
2886 1937 3044 2013 apud
3077 1936 3253 1995 Zitel-

1974 2028 2103 2084 lum
2135 2026 2231 2095 IX,
2261 2035 2361 2087 61.
2398 2057 2482 2069 --
2515 2025 2730 2084 Contra
2761 2025 2832 2083 de
2868 2025 3133 2084 Dominis
3166 2025 3257 2083 in-

1976 2114 2234 2174 surrexit
2290 2114 2468 2172 etiam
2518 2113 2824 2173 Zacharias
2874 2114 3259 2173 Bovarius

1977 2204 2040 2262 Ο.
2074 2203 2208 2278 Cap.
2239 2203 2724 2278 pedemontanae,
2766 2202 3137 2273 SalutiensiS,
3169 2203 3263 2261 vir

1976 2292 2555 2369 famigeratissimu8‚

1978 2400 2061 2457 De
2092 2399 2263 2474 cujus
2298 2401 2502 2474 aperto
2527 2397 2775 2457 coelitus
2806 2417 2907 2456 ore
2926 2416 3065 2456 vere
3097 2398 3260 2455 salu-

1977 2488 2059 2546 tis
2079 2488 2237 2546 ensis
2255 2491 2514 2561 utraque
2534 2492 2702 2562 parte
2727 2489 2937 2545 acutus
2957 2486 3262 2562 processit,

1979 2577 2130 2637 Tum
2151 2576 2227 2636 ad
2259 2576 2393 2635 fidei
2415 2575 2770 2635 orthodoxae
2800 2575 3016 2651 impios
3035 2593 3265 2652 oppug-

2268 2670 2505 2725 natores
2537 2664 2980 2734 interimendos,

1980 2755 2131 2813 Tum
2153 2755 2224 2812 ad
2245 2755 2635 2830 interemptos
2656 2754 3037 2830 antiquitatis
3066 2753 3266 2829 gladio

2055 2844 2399 2917 Seraphicos
2431 2844 2893 2919 capuccinorum
2925 2843 3199 2902 alumnos

2160 2933 2236 2990 Et
2267 2935 2465 3010 patres
2498 2933 2656 2991 vitae
2686 2931 3102 2990 restituendos

2045 3021 2159 3089 Qui
2190 3023 2321 3079 tum
2357 3024 2696 3081 sanctorum
2726 3023 3113 3078 monumenta
3145 3022 3207 3078 et

2225 3114 2465 3185 patrum
2496 3110 2764 3185 exempla
2795 3109 3034 3176 evolvit,

2058 3198 2135 3256 Et
2165 3199 2521 3257 revolvenda
2554 3198 2950 3273 sectandaque
2981 3198 3207 3256 calamo

2030 3287 2253 3345 scribae
2285 3288 2564 3346 velociter
2594 3288 2907 3346 scribentis
2931 3286 3224 3362 exposuit,

2029 3376 2164 3451 Ipse
2194 3394 2432 3451 quoque
2463 3392 2584 3434 non
2609 3376 2883 3452 vulgaria
2912 3375 3227 3451 religiosae

2244 3465 2402 3523 vitae
2435 3465 2702 3540 exempla
2732 3464 2992 3539 reliquit.

1989 3553 2205 3610 Plenus
2237 3553 2464 3612 dierum
2502 3570 2569 3612 ac
2598 3553 2886 3612 bonorum
2918 3572 3164 3628 operum
3186 3597 3198 3608 .
3223 3597 3236 3609 .
3260 3596 3273 3609 .

1988 3641 2153 3700 Obiit
2193 3642 2428 3700 Genuae
2474 3643 2685 3701 aetatis
2732 3661 2871 3700 suae
2902 3662 2949 3698 a.
2987 3650 3083 3702 70.
3130 3641 3275 3698 reli·

1987 3731 2178 3806 gionis
2203 3739 2302 3792 48.
2336 3730 2391 3792 d.
2428 3741 2526 3793 31.
2550 3732 2717 3789 Mart.
2738 3728 3192 3791 MDCXXXVIII
3208 3725 3273 3808 ¹).

2076 3872 2276 3930 Edidit
2295 3873 2453 3931 inter
2472 3873 2609 3930 alia:
2634 3872 2980 3930 Paraenesis
2997 3872 3275 3930 catholica

1990 3960 2064 4019 ad
2098 3962 2173 4022 M.
2214 3962 2353 4018 Ant.
2389 3961 2461 4019 de
2495 3960 2817 4019 Dominis
2852 3961 2991 4020 olim
3025 3959 3275 4034 archiep.

1990 4050 2379 4124 spalatensem
2399 4093 2412 4118 ‚
2466 4067 2624 4107 nunc
2673 4068 2813 4109 vero
2864 4070 2898 4106 a
2945 4068 2988 4108 s.
3039 4067 3279 4107 romana

1990 4138 2250 4196 Ecclesia
2270 4141 2601 4212 apostatam
2620 4141 2681 4196 et
2699 4138 2762 4195 in
2782 4138 3059 4214 Angliam
3080 4141 3277 4194 trans-

1989 4226 2209 4304 fugam,
2246 4229 2306 4285 in
2328 4247 2446 4302 qua
2467 4227 2884 4285 examinantur
2911 4229 2973 4285 et
2993 4226 3277 4284 refellun-

1988 4321 2090 4373 tur
2124 4327 2160 4377 4
2195 4316 2256 4373 ll.
2290 4317 2493 4374 eodem
2534 4318 2774 4374 auctore
2806 4315 3039 4392 vulgati
3083 4315 3155 4372 de
3185 4334 3278 4372 re·

2067 4579 2105 4634 ἱ)
2143 4575 2261 4626 Hoc.
2306 4577 2391 4626 est
2431 4575 2555 4642 ejus
2599 4574 2990 4643 epitaphium;
3037 4573 3105 4626 cf.
3153 4571 3279 4625 Ber·

1992 4645 2196 4698 nardus
2238 4664 2269 4698 a
2312 4646 2565 4699 Bononia
2611 4647 2744 4705 bibl,
2792 4644 2986 4714 script.
3034 4644 3099 4699 Ο.
3143 4644 3280 4698 Min.

1991 4717 2383 4845 (ῐέιῖῃὶᾷἲξ4ἆ
2425 4717 2811 4778 Mazzuchelli‚
2852 4715 3038 4771 Sex-itt.
3078 4716 3200 4769 ital.
3231 4720 3282 4771 2.
