3625 5193
574 175 700 229 943
921 159 1294 214 1641—1663.
1320 154 1516 209 Theol.
1544 153 1717 209 schol.
1744 156 1807 208 in
1834 153 1903 210 It.
1931 153 2082 208 Scoti
2107 153 2460 222 interpretes,
2487 153 2721 208 Zamora
2745 157 2851 209 etc.
3069 173 3197 226 944

569 343 712 402 alia:
785 344 1059 402 Manuale
1119 344 1389 401 scoticum
1443 343 1619 418 juxta
1686 352 1723 404 4
1792 342 1856 405 ll.
1912 359 2044 401 mae
2074 341 2184 416 Aq.
2216 340 2289 399 de
2334 338 2537 399 eadem
2571 340 2957 418 conceptione
3001 345 3200 401 mente

570 432 844 509 magistri
878 431 1334 507 sententiarum,
1376 431 1647 491 Panormi
1688 440 1853 495 1638
1913 433 1975 490 et
2004 429 2333 500 sententia;
2379 429 2453 489 de
2496 428 2785 488 facilitate
2825 434 2886 490 et
2930 430 3202 489 decentia

571 521 635 579 in
673 532 698 582 1
715 530 785 592 63
835 521 1051 580 scotica
1097 520 1383 597 opuscula
1411 520 1480 578 de
1513 520 1629 578 Deo
1660 538 1776 579 uno
1806 527 1860 578 et
1912 518 2344 579 acnecessitate
2365 517 2727 578 dirimendae
2757 519 3201 579 terminandae-

570 611 723 668 trino
740 630 761 667 .·
810 609 1119 686 ipsiusque
1169 608 1591 669 essentialibus
1642 610 1705 667 et
1751 625 1858 668 no-
1912 626 2031 685 que
2075 607 2508 667 controversiae
2548 607 2621 666 de
2653 627 2695 667 s.
2728 611 2789 668 et
2818 609 3201 668 immaculata

568 697 892 757 tionalibus
922 698 997 758 ad
1016 699 1178 759 intra
1207 701 1249 759 t.
1277 709 1348 769 1.,
1384 697 1661 757 Panormi
1686 708 1711 759 1
1729 707 1853 761 645
1914 697 2293 774 conceptione
2325 717 2361 754 a
2416 697 2717 756 communi
2765 701 2827 756 et
2870 698 3201 757 universali

565 788 633 846 in
668 797 737 857 43
793 796 994 858 16523
1041 791 1084 846 t.
1121 796 1179 848 2.
1223 788 1293 846 de
1321 783 1435 846 Dei
1479 789 1713 862 visione,
1763 786 1858 845 lu·
1913 786 2138 863 peccati
2186 785 2348 862 lege;
2400 785 2473 844 de
2503 786 2766 861 perfecta
2815 791 2877 847 et
2926 785 3202 847 absoluta

568 876 729 936 mine
790 877 1032 953 gloriae,
1096 876 1397 946 fruitione,
1467 875 1857 948 beatitudine,
1915 875 2199 952 Deiparae
2229 874 2296 933 V.
2329 874 2709 934 immunitate
2740 893 2806 933 ac
2830 876 3200 953 exemptione

569 965 962 1042 praescientia
1021 968 1082 1024 et
1127 964 1692 1042 praedestinatione,
1756 963 1861 1023 ubi
1916 983 1952 1023 a
2001 963 2300 1024 communi
2348 963 2479 1040 lege
2527 965 2792 1040 peccati:
2854 984 3006 1044 opus
3054 964 3202 1023 olim

573 1053 765 1114 obiter
796 1055 1072 1114 meritum
1105 1054 1339 1125 Christi,
1386 1055 1449 1113 et
1481 1053 1861 1113 immaculata
1914 1052 2155 1130 quidem
2214 1051 2585 1129 prohibitum
2645 1052 2880 1114 decreto
2945 1063 3001 1116 9.
3059 1054 3202 1131 Maji

571 1143 835 1220 Virginis
863 1144 1186 1219 conceptio,
1218 1143 1586 1220 praeelectio,
1620 1159 1856 1219 praeor·
1921 1151 2107 1205 1636.
2153 1174 2242 1186 -
2286 1141 2552 1201 Clemens
2601 1143 3077 1202 Brancasius
3126 1143 3200 1201 de

571 1232 797 1292 dinatio
838 1242 1038 1304 1652;
1082 1232 1370 1292 scoticum
1403 1232 1759 1309 opusculum
1790 1231 1861 1289 de
1915 1231 2235 1290 Carovinea
2295 1225 2673 1311 (Brancaccio
2735 1231 2795 1289 di
2826 1228 3197 1313 Carovigna),

568 1323 807 1381 scientia
853 1329 904 1380 et
948 1324 1230 1382 voluntate
1271 1322 1382 1379 Dei
1426 1322 1489 1380 in
1535 1320 1741 1380 ordine
1783 1320 1860 1378 ad
1914 1324 2149 1397 praeter
2166 1321 2580 1379 cementaria
2597 1321 2849 1379 literalia
2866 1329 2917 1379 et
2948 1322 3201 1380 moralia

572 1409 853 1469 ultimum
884 1410 1077 1480 finem,
1111 1410 1190 1470 ib.
1234 1420 1391 1473 1651
1431 1411 1497 1469 in
1531 1421 1585 1473 4.
1608 1410 1859 1468 ——Gre-
1914 1412 1978 1468 in
2027 1410 2406 1486 Evangelium
2454 1428 2500 1467 s.
2555 1407 2866 1487 Matthaei,
2920 1409 3201 1486 Lugduni

572 1498 778 1574 gorius
825 1499 1139 1559 Schiero
1186 1494 1515 1581 (Scherius)
1568 1496 1627 1574 (†
1663 1492 1859 1581 1642)
1922 1508 2088 1562 1656
2125 1495 2479 1577 (secundum
2509 1499 2785 1574 Dupin,
2817 1518 2970 1574 quae
2999 1501 3202 1558 tamen

572 1586 869 1658 Liciensis‚
904 1589 998 1647 vir
1029 1587 1268 1647 subtilis
1297 1587 1543 1665 ingenii,
1591 1588 1860 1664 disputa·
1916 1588 2197 1648 videntur
2233 1606 2359 1646 esse
2421 1587 2862 1646 Marcellini
2925 1607 2961 1647 a
3019 1584 3199 1670 Pisa),

573 1676 663 1735 vit
676 1671 723 1758 ²)
769 1679 838 1736 de
870 1678 991 1736 Deo
1036 1696 1150 1736 uno
1182 1685 1232 1735 et
1282 1679 1437 1736 trino
1482 1678 1554 1736 ad
1599 1679 1860 1736 mentem
1915 1677 2150 1754 scripsit
2169 1693 2407 1752 quoque
2437 1677 2506 1734 de
2523 1676 2644 1735 Deo
2674 1695 2789 1736 uno
2822 1684 2874 1736 et
2903 1678 3057 1736 trino
3074 1681 3117 1736 t.
3141 1685 3199 1746 2,

574 1765 830 1824 doctoris
876 1765 1136 1836 subtilis,
1188 1765 1332 1825 Licii
1373 1775 1537 1829 1646
1586 1767 1648 1825 in
1684 1776 1741 1829 4.
1771 1798 1859 1810 -
1915 1765 2022 1825 nbi
2041 1785 2324 1844 germana
2344 1764 2504 1825 Scoti
2523 1784 2691 1825 mens
2713 1766 2995 1843 aperitur,
3019 1769 3199 1842 atque

572 1853 918 1914 Franciscus
939 1856 1233 1914 Antonius
1278 1854 1595 1915 Blondus
1627 1877 1662 1914 a
1691 1874 1734 1914 s.
1757 1854 1860 1913 Se·
1916 1855 1991 1913 ad
2010 1855 2139 1930 ejus
2157 1854 2510 1914 institutum
2531 1853 2921 1931 disceptatur,
2951 1855 3202 1932 Neapoli

574 1942 776 2002 verino
798 1943 1232 2015 ConventualiS,
1269 1945 1579 2021 episcopus
1600 1944 1860 2021 primum
1925 1953 2109 2007 1638.
2150 1952 2336 2013 1641,
2371 1962 2521 2019 opus
2552 1946 2645 2001 sat
2661 1963 2897 2013 rarum3
2930 1945 2998 2002 de
3028 1963 3201 2022 anye-

573 2032 936 2107 capritann8‚
955 2032 1090 2092 dein
1108 2033 1439 2093 ortonensis
1457 2027 1517 2115 (†
1539 2028 1751 2116 1644),
1770 2051 1863 2091 re·
1916 2033 2005 2109 lis,
2040 2032 2119 2091 ib.
2159 2043 2187 2095 1
2203 2042 2346 2094 646.
2380 2066 2465 2076 —
2499 2031 2801 2092 Modestus
2823 2033 2872 2092 G
2887 2052 2973 2092 av
2988 2033 3099 2092 ati
3115 2053 3158 2092 u
3176 2052 3201 2093 s

572 2119 751 2196 liquit
780 2122 1195 2196 disputationes
1237 2124 1491 2199 scoticas,
1542 2123 1607 2180 in
1638 2121 1860 2199 quibus
1915 2116 2204 2202 (Gavazzi)
2237 2120 2300 2180 Ο.
2321 2121 2462 2179 Min.
2495 2120 2670 2181 Conv.
2692 2121 3097 2195 Ferrariensis‚
3131 2141 3202 2180 ex

573 2209 807 2269 divinae
827 2211 1389 2287 praedestinationis
1409 2214 1472 2271 et
1490 2212 1860 2288 reprobatio·
1917 2209 2141 2269 ordinis
2185 2211 2571 2286 procuratore
2603 2211 2867 2287 generali
2911 2211 3203 2287 archiepi-

571 2299 663 2357 nis
711 2301 1064 2376 mysterium
1101 2301 1278 2377 juxta
1323 2300 1653 2361 doctrinam
1699 2300 1860 2360 Scoti
1918 2317 2132 2375 scopus
2181 2299 2446 2359 teatinus
2490 2294 2554 2380 (†
2604 2296 2816 2382 1658),
2869 2299 3085 2359 edidit:
3134 2302 3205 2359 de

570 2387 919 2461 elucidatur,
940 2390 1243 2449 Bononiae
1275 2398 1469 2461 16253
1506 2391 1575 2448 de
1601 2391 1863 2449 censuris
1916 2389 2144 2447 macula
2177 2390 2407 2462 peccati
2435 2391 2836 2462 permanentis
2871 2390 3205 2463 personalis

571 2485 622 2535 et
653 2479 1103 2556 irreyularitate,
1140 2479 1354 2538 Romae
1395 2487 1558 2542 1636
1592 2480 1658 2537 in
1693 2489 1747 2541 4.
1771 2512 1861 2523 —-
1916 2485 1967 2535 et
1997 2479 2318 2555 oriqinalis,
2365 2477 2665 2536 Bononiae
2704 2487 2870 2542 1642
2921 2478 2982 2537 in
3018 2488 3090 2549 4;
3134 2480 3205 2537 de

571 2566 830 2628 Joannes
878 2568 1061 2628 Maria
1109 2568 1416 2627 Zamora
1446 2566 1511 2627 Ο.
1556 2567 1688 2644 Gap.
1734 2568 1859 2627 uti·
1916 2585 2034 2626 ven.
2069 2567 2450 2626 eucharistiae
2493 2574 2852 2627 sacramento
2884 2586 2967 2631 ac.
2999 2586 3073 2628 ss.
3105 2587 3201 2627 sa·

570 2656 770 2716 nensis
804 2674 939 2715 cum
973 2656 1401 2716 sanctimoniae
1433 2657 1587 2715 fama
1606 2656 1863 2716 decessit
1916 2658 2131 2731 orificio
2149 2657 2565 2730 disputationes
2584 2658 2918 2735 theoloqicae
2944 2656 3017 2718 ad
3037 2676 3204 2717 men·

570 2744 838 2803 Veronae
865 2754 1048 2808 1649.
1085 2745 1293 2804 Plures
1317 2741 1407 2826 (8)
1429 2745 1676 2822 reliquit
1705 2749 1859 2805 trac·
1916 2749 2038 2804 tem
2071 2745 2249 2816 Scoti,
2282 2745 2499 2805 Romae
2536 2756 2701 2809 1656
2737 2747 2800 2805 in
2832 2746 2889 2817 f„
2924 2764 3076 2821 opus
3106 2766 3199 2805 ra·

570 2835 758 2901 tatus,
807 2852 891 2890 ex.
938 2853 1025 2910 gr.
1074 2835 1143 2892 de
1175 2834 1295 2892 Deo
1321 2853 1435 2893 uno
1481 2842 1530 2893 et
1575 2837 1748 2910 trino,
1796 2836 1861 2893 in
1916 2854 2081 2903 rum;
2115 2836 2393 2910 opuscula
2416 2836 2736 2913 theoloqica‚
2771 2835 3077 2912 inquibus
3097 2854 3204 2911 po-

574 2920 794 2996 quibus
839 2923 1141 2998 componit
1189 2924 1624 2982 controversias
1658 2942 1861 2984 omnes
1918 2923 2219 2982 tissimum
2270 2924 2471 2999 agitur
2515 2924 2586 2983 de
2616 2924 2987 3001 processione
3019 2924 3204 3001 Spiri-

572 3010 731 3068 inter
768 3009 971 3069 divum
1005 3012 1372 3083 Thomam,
1415 3031 1458 3071 s.
1494 3014 1860 3072 Bonaven·
1919 3016 2018 3071 tus
2071 3031 2135 3082 s.,
2187 3012 2265 3070 ib.
2324 3023 2510 3076 1650.
2558 3046 2644 3056 —
2691 3013 2937 3072 Joannis
2986 3013 3205 3072 Mariae

573 3102 823 3158 turam
870 3104 931 3159 et
971 3100 1310 3161 Scotum:
1360 3102 1463 3177 qui
1507 3101 1864 3178 prodierunt
1917 3101 2215 3160 Sfortia
2259 3101 2332 3159 de
2380 3102 2696 3179 Palagiano
2744 3103 2808 3160 0.
2842 3103 2982 3161 Min.
3029 3101 3202 3161 Conv.

573 3188 809 3247 collecti
841 3189 1107 3250 Venetiis
1162 3200 1329 3254 1626
1378 3191 1445 3249 in
1484 3191 1541 3261 f.‚
1590 3191 1861 3250 collectio
1918 3193 2007 3249 est
2023 3191 2224 3249 Scotus
2253 3191 2659 3250 corroboratus
2678 3210 2748 3249 ex
2779 3191 3201 3251 contradictio·

572 3276 742 3337 valde
774 3298 938 3351 rara3
989 3281 1059 3338 de
1089 3282 1535 3339 eminentissima
1566 3279 1864 3356 Deiparae
1915 3279 2095 3339 nibus
2155 3279 2386 3338 scholae
2461 3299 2694 3339 aversae
2760 3275 3205 3361 (thomisticae),

586 3367 647 3423 V.
700 3368 930 3427 Mariae
971 3371 1323 3443 perfectione
1371 3370 1426 3427 ll.
1476 3370 1547 3443 3,
1597 3369 1863 3428 Venetiis
1917 3368 2079 3444 Lycii
2121 3376 2278 3430 1661
2335 3369 2398 3427 in
2434 3378 2504 3439 43
2555 3369 2758 3427 Scotus
2800 3370 3022 3441 jurista
3066 3386 3203 3428 con-

580 3466 744 3520 1629
779 3457 845 3517 in
865 3458 936 3529 f.;
971 3460 1262 3518 secundae
1282 3458 1526 3518 editioni
1547 3457 1692 3517 alios
1726 3468 1763 3521 4
1799 3458 1861 3516 ll.
1917 3457 2094 3515 flatus
2116 3475 2215 3515 sex
2234 3455 2409 3533 disp.:
2430 3458 2501 3515 de
2514 3457 2732 3534 judice,
2757 3458 2828 3517 de
2844 3460 3201 3527 accusatore,

571 3545 805 3622 adjecit,
838 3548 899 3605 in
921 3548 1140 3624 quibus
1167 3549 1221 3612 b.
1239 3547 1500 3625 Virginis
1519 3546 1703 3608 vitam
1723 3565 1862 3624 pro·
1917 3546 1990 3605 de
2021 3564 2138 3617 reo,
2188 3544 2259 3604 de
2288 3546 2561 3616 testibus,
2609 3547 2681 3605 de
2710 3546 2993 3607 advocato
3039 3551 3101 3605 et
3129 3545 3203 3605 de

573 3635 845 3710 sequitur
875 3637 1231 3713 disseritque
1253 3637 1328 3695 de
1355 3637 1634 3713 originali
1653 3636 1720 3696 V.
1741 3638 1861 3695 Ma·-
1917 3634 2166 3706 notario,
2214 3634 2378 3711 Lycii
2416 3645 2602 3699 1659.
2653 3636 2921 3713 Reliquit
2963 3639 3025 3694 et
3055 3654 3202 3711 opu-

571 3723 692 3782 riae
724 3725 1066 3784 innocentia
1098 3730 1159 3784 et
1191 3726 1263 3784 ab
1295 3726 1602 3802 originalis
1633 3726 1862 3802 peccati
1919 3724 2081 3783 scula
2129 3720 2540 3800 philosophica
2571 3728 2681 3783 etc.
2734 3757 2821 3769 ——
2852 3723 3205 3783 Ambrosius

573 3812 804 3870 macula
843 3813 1218 3871 immunitate
1252 3817 1314 3871 et
1352 3815 1722 3891 exemptione
1753 3833 1785 3873 e
1819 3833 1863 3877 s,
1920 3813 2197 3872 Sarius
2232 3812 2296 3875 Ο.
2331 3813 2384 3872 S.
2419 3814 2622 3873 Franc.
2653 3814 3048 3874 Bononiensis
3079 3812 3205 3871 edi·

575 3898 916 3972 Scripturae
967 3901 1359 3971 testimoniiS,
1424 3902 1662 3981 insigne
1711 3922 1863 3979 opus
1918 3901 2040 3960 dit-2
2079 3901 2430 3961 Catastrosis
2449 3903 2851 3978 philosophica
2895 3921 2964 3962 ac
2995 3903 3204 3961 theolo-

574 3986 1024 4064 mariologicum
1070 3989 1141 4048 de
1182 4008 1322 4050 vera
1366 3995 1426 4050 et
1469 4011 1754 4068 germana
1784 4010 1860 4050 ss.
1913 3992 2045 4068 yica
2077 3991 2202 4051 sive
2245 3992 2678 4068 peripateticae,
2732 3991 2981 4052 scoticae
3026 3993 3205 4066 atque

574 4077 811 4149 patrum
890 4077 1336 4155 priscorumque
1410 4080 1720 4140 doctorum
1790 4079 1863 4139 de
1918 4080 2274 4139 universalis
2306 4080 2610 4140 doctrinae
2629 4080 2957 4157 explicatio,
2991 4079 3054 4137 in
3085 4098 3206 4155 qua

576 4165 778 4222 sancta
798 4168 859 4224 et
877 4166 1252 4227 immaculata
1274 4169 1656 4245 conceptione
1672 4171 1863 4228 mente
1918 4168 2354 4245 disputationes
2395 4188 2575 4245 quam
2607 4169 2896 4246 plurimae
2941 4187 3061 4228 non
3090 4167 3205 4226 mi-

575 4254 636 4311 et
668 4256 966 4314 sententia
997 4275 1065 4314 ex
1099 4277 1303 4318 eorum
1347 4257 1862 4318 lucubrationibus
1919 4276 2031 4316 nus
2064 4257 2347 4318 studiosis
2379 4259 2668 4335 perutiles
2701 4278 2877 4335 quam
2909 4258 3205 4335 provectis

575 4346 637 4400 et
668 4346 1099 4416 monumentis3
1136 4347 1206 4404 de
1227 4366 1367 4405 vera
1399 4346 1606 4405 itidem
1637 4366 1684 4406 s.
1706 4347 1861 4406 Tho·
1918 4349 2122 4424 gratae
2151 4348 2586 4424 expenduntur,
2619 4348 2940 4423 variaeque
2970 4349 3206 4407 contro·

1917 4435 2145 4496 versiae
2165 4437 2388 4512 passim
2407 4438 2820 4508 conciliantur,
2856 4435 3207 4512 praesertim

1921 4524 2074 4583 circa
2133 4525 2513 4602 quidditates,
2565 4527 2887 4597 realitates,
2938 4523 3203 4585 formali-

657 4497 694 4566 ¹)
721 4493 804 4549 cf.
819 4496 981 4550 Joan.
1003 4514 1037 4550 a
1063 4515 1103 4551 s.
1125 4496 1393 4565 Antonio,
1423 4497 1523 4566 qui
1544 4513 1671 4552 eum
1695 4499 1738 4564 Ι,
1757 4501 1865 4556 239

582 4563 1040 4622 Bonaventuram
1079 4568 1475 4637 cognominata
1518 4569 1587 4633 11,
1626 4574 1696 4627 27
1733 4568 1866 4624 Gre·
2293 4614 2306 4627 .
2532 4614 2544 4627 .
2841 4615 2852 4627 .

583 4649 806 4713 gpnum
850 4636 921 4689 de
947 4636 1188 4705 fficio,
1234 4642 1293 4693 et
1336 4657 1392 4709 p,
1417 4644 1487 4697 33
1528 4638 1622 4693 Gr,
1648 4640 1864 4695 Sche,
1918 4615 2073 4671 tates
2105 4633 2171 4673 ac
2202 4614 2551 4689 hujusmodi
2574 4616 3018 4685 abstractiones‚
3050 4631 3205 4688 quae

578 4719 637 4754 ri
656 4720 782 4756 um.
1918 4700 1980 4759 in
2029 4701 2243 4762 scholis
2292 4702 2682 4764 Scotistarum
2743 4702 3202 4780 pertractantur,
